2554 4140
928 119 1066 166 Liber
1095 119 1296 165 Tertius.
1353 120 1465 166 Pars
1495 121 1661 167 Prima.
1827 180 1831 184 Ι
2308 129 2408 178 221

145 267 281 316 firma
318 266 563 331 regulam,
616 266 762 315 situm
812 282 925 317 vero
975 240 1382 331 quadrantissilla
1419 271 1526 318 viee
1565 274 1710 331 nota,
1768 269 1914 321 ducta
1962 271 2095 322 linea
2135 271 2215 334 SQ
2269 287 2414 337 super

144 340 291 404 plano
342 340 632 401 horizontis,
688 341 738 387 in
787 354 913 403 quon
939 345 1161 391 consistit
1198 343 1459 407 quadrans.
1537 342 1724 393 Exinde
1763 351 2018 409 exspecta,
2074 345 2231 396 donec
2269 346 2412 396 stella

145 415 425 463 transiverit
461 413 658 476 plagam
690 413 1024 476 meridianam,
1066 430 1190 478 quae
1741 443 1824 485 mg.
1851 444 1905 480 35.
1979 443 1981 449 ¹

145 498 335 550 semper
359 486 444 535 fiet
481 486 626 535 altior
652 500 806 549 usque
844 489 893 535 in
924 487 1189 549 meridiem,

143 566 319 622 postea
356 560 532 608 iterum
555 558 621 607 fit-
647 557 876 609 humilior
911 566 958 610 et
995 561 1190 610 tandem

145 634 354 695 acquirit
385 634 558 681 iterum
591 647 700 681 eam
738 632 1047 683 altitudinem
1084 634 1190 696 DE,

146 721 292 768 quam
330 713 591 755 notaveras
629 705 821 757 firmata
859 707 1043 770 regula.
1099 708 1193 755 Di-

144 779 346 842 ligenter
385 780 531 841 igitur
583 779 805 841 attende,
855 780 1050 843 quando
1099 780 1194 829 hoe

146 852 246 914 fiat,
285 866 477 915 semper
515 852 696 902 directo
735 852 883 916 plano
911 852 1196 916 quadrantis

144 927 192 973 in
226 924 450 987 stellam,
501 926 665 988 quoad
710 926 854 975 stella
900 929 1072 975 iterum
1111 941 1196 989 per

146 997 346 1061 regulae
366 998 586 1047 firmatae
610 997 688 1047 SE
712 999 994 1062 pinnacidia
1022 998 1195 1048 videa-

148 1077 253 1133 tur,
304 1073 548 1134 situmque
602 1072 651 1119 in
704 1086 801 1135 quo
840 1071 935 1121 hoc
971 1071 1026 1120 fit
1061 1079 1193 1133 nota,

147 1144 294 1193 ducta
341 1147 391 1192 in
441 1145 589 1209 plano
637 1144 901 1194 horizontis
951 1144 1085 1194 linea
1119 1144 1196 1195 al-

145 1223 250 1267 tera
303 1216 409 1280 SO;
475 1223 592 1267 tunc
649 1220 880 1267 continua
938 1223 1195 1281 utramque

146 1290 345 1353 lineam,
374 1290 543 1354 quoad
569 1305 622 1340 se
649 1292 858 1341 invicem
877 1297 1044 1342 secent
1065 1293 1116 1339 in
1143 1291 1194 1340 S.

141 1362 253 1414 Hoc
291 1364 421 1413 facto
461 1365 632 1414 biseca
677 1362 804 1426 QSO
844 1364 1080 1428 angulum
1117 1365 1196 1411 in-

145 1444 220 1487 ter
259 1436 381 1487 duas
407 1436 580 1500 linem,
622 1442 669 1488 ct
695 1437 831 1487 linea
867 1438 1092 1488 bisecans
1118 1437 1195 1488 SP

144 1512 235 1561 erit
271 1510 543 1560 meridiana
579 1512 654 1559 tui
689 1509 802 1560 loci.

287 1583 472 1633 Similis
520 1590 596 1634 est
646 1582 821 1634 modus
869 1581 929 1632 de
978 1582 1056 1632 die
1105 1598 1192 1647 per
1228 1584 1394 1635 Solem
1442 1584 1582 1647 isque
1634 1582 1791 1642 magis
1847 1578 2102 1644 popularis
2143 1583 2192 1629 et
2229 1578 2404 1628 facilia

140 1657 196 1705 In
236 1657 404 1720 plane,
442 1656 576 1722 quod
611 1659 677 1706 sit
712 1657 952 1706 horizonti
989 1656 1305 1721 parallelum,
1357 1657 1567 1708 circulus
1607 1654 1737 1704 ALC
1779 1654 2078 1717 describatur
2126 1658 2176 1701 et
2214 1653 2265 1699 in
2305 1653 2411 1715 ejus

142 1736 309 1780 centro
335 1730 370 1780 S
398 1733 611 1795 erigatur
649 1731 790 1779 stilus
816 1729 895 1779 ST
922 1730 1388 1793 perpendiculariter
1425 1736 1591 1780 tantae
1629 1727 1968 1792 longitudinis,
2008 1732 2063 1775 ut
2101 1726 2274 1775 umbra
2301 1726 2408 1788 ejus

140 1803 272 1852 horis
311 1804 502 1867 aliquot
539 1809 652 1853 ante
688 1802 939 1853 meridiem
976 1806 1259 1865 terminetur
1298 1804 1430 1868 apud
1469 1803 1635 1853 circuli
1662 1802 1743 1851 CA
1778 1801 2238 1850 circumferentiam:
2281 1798 2413 1862 quod

139 1877 225 1926 ubi
265 1884 434 1927 exacte
470 1876 539 1938 fit,
578 1883 772 1926 notetur
797 1877 840 1925 is
877 1876 1016 1925 loeus
1056 1878 1223 1927 circuli
1262 1877 1299 1928 C
1329 1884 1377 1928 et
1414 1884 1606 1941 tempus
1647 1880 1955 1938 exspectetur
1992 1878 2106 1938 post
2142 1872 2421 1933 meridiem,-

142 1949 339 2014 quando
389 1950 563 1999 umbra
615 1949 716 2000 stili
761 1964 952 1999 rursum
1006 1949 1105 2000 alio
1142 1950 1254 2002 loco
1295 1952 1339 2003 A
1380 1953 1538 2015 tangit
1576 1948 1784 2000 eundem
1838 1947 2096 2009 circulum,
2151 1948 2237 2010 qui
2274 1945 2413 1995 locus

139 2023 360 2072 similiter
397 2030 607 2087 notetur,
649 2029 698 2072 et
734 2023 924 2073 bisecto
964 2038 1080 2073 arcu
1102 2024 1204 2086 CA,
1244 2027 1369 2075 inter
1394 2031 1653 2088 utrumque
1691 2022 1855 2071 locum
1879 2017 2166 2085 intercepto,
2210 2019 2415 2070 ducatur

43 2149 44 2152 ,
139 2111 200 2146 ex
239 2089 413 2147 centro
444 2096 478 2147 S
515 2112 603 2161 per
640 2097 959 2147 bisectionem
996 2103 1131 2154 recta
1169 2098 1262 2161 SL,
1303 2114 1431 2163 quae
1471 2100 1574 2149 erit¹
1597 2094 1868 2146 meridiana
1906 2096 2054 2145 linea.

146 2226 149 2227 ⁷
296 2170 434 2234 Quid
470 2177 538 2219 est
574 2170 876 2223 declinatio?
912 2171 1272 2222 Declinationis
1309 2187 1409 2223 vox
1448 2173 1687 2235 originem
1724 2169 1873 2219 trahit
1911 2185 1941 2218 a
1977 2173 2116 2218 motu
2153 2166 2283 2216 Solis
2322 2180 2414 2230 ap-

138 2250 340 2307 parente
364 2246 580 2307 proprio,
618 2243 708 2294 seu
745 2246 809 2294 ab
837 2244 944 2308 ejus
984 2246 1143 2295 orbita
1169 2246 1410 2310 ecliptica,
1452 2259 1579 2310 quae
1615 2258 1725 2295 cum
1765 2242 1958 2292 duobus
1982 2241 2106 2291 loeis
2146 2242 2194 2288 in
2223 2254 2408 2303 aequa-

44 2313 45 2317 ’
140 2323 295 2366 torem
341 2316 546 2378 incidat,
596 2322 710 2383 post
757 2316 843 2366 illa
892 2325 1073 2381 puncta
1117 2320 1357 2384 paulatim
1406 2319 1619 2370 deflectit
1666 2322 1715 2367 et
1764 2314 1978 2366 declinat
2028 2316 2090 2364 ab
2131 2318 2412 2378 aequatore.

140 2390 297 2453 Igitur
352 2390 614 2441 declinatio
666 2390 844 2439 dicitur
890 2393 1084 2454 proprie
1139 2395 1391 2457 quantitas
1451 2407 1593 2443 arcus
1649 2389 1841 2452 circuli,
1908 2405 1995 2454 per
2048 2388 2191 2453 polos
2246 2387 2414 2436 mundi

140 2463 288 2525 ducti,
330 2478 428 2527 quo
455 2478 573 2512 arcu
597 2463 851 2528 quodlibet
874 2470 1110 2527 punctum
1135 2466 1391 2530 eclipticae
1425 2466 1703 2516 successive
1743 2463 2032 2514 declinantis
2059 2463 2120 2512 ab
2148 2467 2414 2525 aequatore

139 2539 354 2586 recessit.
431 2536 615 2587 Postea
652 2551 770 2586 usus
798 2538 1026 2600 obtinuit,
1065 2545 1120 2588 ut
1145 2540 1410 2604 cujuslibet
1433 2539 1606 2589 stellae
1647 2539 1794 2588 etiam
1832 2544 1968 2587 extra
2006 2537 2281 2600 eclipticam
2309 2536 2415 2583 exi-

142 2611 317 2659 stentis
357 2609 590 2660 distantia
626 2611 690 2659 ab
729 2616 1012 2675 aequatore,
1051 2613 1100 2660 in
1128 2613 1307 2663 circulo
1345 2628 1433 2678 per
1456 2613 1599 2678 polos
1637 2612 1919 2675 aequatoris
1947 2610 2109 2673 duct0,
2150 2607 2414 2658 declinatio

134 2684 242 2748 ejus
267 2683 440 2733 stellae
479 2690 853 2748 nuncuparetur
1876 2714 1881 2720 -

279 2757 370 2806 Est
406 2758 555 2821 igitur
593 2756 854 2807 declinatio
891 2757 987 2807 hoc
1026 2757 1136 2808 loco
1176 2774 1318 2810 arcus
1357 2759 1524 2811 circuli
1562 2775 1650 2825 per
1686 2759 1829 2825 polos
1859 2756 2101 2821 sphaerae
2143 2754 2292 2817 ducti,
2333 2756 2412 2803 in-

138 2836 384 2895 terceptus
432 2831 558 2880 inter
596 2836 912 2894 aequatorem
951 2837 1000 2881 et
1043 2831 1237 2883 stellam
1287 2841 1375 2884 aut
1423 2834 1753 2899 quodcunque
1803 2831 2091 2895 sphaericae
2129 2827 2407 2925 superficiei

41 2841 47 2961 ἱ
142 2911 392 2968 punctum,
434 2905 574 2968 cujus
613 2904 878 2954 declinatio
917 2907 1181 2968 quaeritur.

43 2969 47 3046 l
288 2978 550 3042 Quomodo
600 2993 661 3028 ex
698 2978 1128 3029 observationibus
1173 2981 1432 3044 colliyitur
1476 2980 1745 3030 declinatio
1803 2979 2050 3040 cujusque
2112 2976 2284 3040 stellae
2333 2976 2413 3025 vel

27 3052 47 3126 ‘l
132 3051 350 3114 puncti?
403 3050 456 3101 Si
504 3051 648 3101 stella
686 3052 874 3100 venerit
923 3054 974 3100 in
1012 3052 1338 3103 meridianum
1388 3068 1446 3103 ex
1485 3052 1637 3117 plaga
1687 3052 1993 3115 aequatoriS‚
2049 3034 2415 3113 comparandae

45 3186 47 3194 ἢ
138 3130 251 3173 sunt
286 3125 498 3175 invicem
523 3124 732 3174 altitudo
771 3127 1051 3188 aequatoris
1090 3133 1140 3176 et
1165 3127 1374 3176 altitudo
1413 3127 1587 3182 stellae
1617 3126 1696 3175 vel
1734 3126 1905 3189 puncti
1935 3123 2221 3187 meridiana.
2289 3123 2416 3172 Nam

45 3197 48 3232 ἓ
139 3198 183 3246 si
218 3198 374 3261 major
412 3199 559 3248 fuerit
595 3197 805 3247 altitudo
846 3198 1020 3249 stellae
1058 3213 1206 3262 quam
1245 3199 1456 3249 altitudo
1496 3201 1803 3285 aequatoris,
1854 3180 2118 3248 declinatio
2171 3198 2262 3246 erit
2297 3211 2415 3260 sep-

139 3271 458 3334 tentrionalis,
497 3273 540 3322 si
578 3274 757 3332 minor,
810 3271 1095 3321 meridiana.
1169 3273 1238 3321 Et
1271 3279 1387 3339 tunc
1424 3274 1693 3323 subtractio
1733 3273 1932 3321 minoris
1973 3287 2003 3321 a
2039 3270 2217 3334 majori
2257 3285 2416 3334 quan-

0 3351 1 3354 ’
46 3349 52 3423 3
141 3344 330 3394 titatem
366 3345 530 3409 prodit
568 3335 930 3396 declinationis.
1004 3344 1089 3394 Sin
1129 3352 1294 3394 autem
1334 3345 1479 3395 stella
1523 3360 1694 3395 versus
1739 3345 1938 3410 plagam
1977 3345 2325 3409 septentrionis
2363 3344 2414 3391 in

0 3476 8 3490 L
47 3447 50 3475 ÷
113 3416 460 3468 'meridianum
490 3419 681 3481 incidit,
721 3433 809 3482 pro
849 3419 1127 3481 aequatoris
1153 3417 1411 3468 altitudine
1450 3417 1730 3469 adhibenda
1767 3425 1842 3469 est
1881 3417 2091 3468 altitudo
2116 3417 2235 3483 poli
2301 3418 2414 3466 Dif-

0 3486 51 3534 tt?
140 3489 344 3541 ferentia
387 3494 512 3543 inter
562 3493 689 3543 hanc
727 3498 775 3542 et
813 3490 1119 3541 altitudinem
1170 3491 1343 3541 stellae
1381 3493 1643 3542 maximam
1682 3492 1760 3542 vel
1811 3491 2092 3555 minimam,
2144 3492 2312 3540 ablata
2350 3491 2413 3539 ab

0 3539 53 3611 Η
141 3562 326 3628 integro
375 3566 670 3629 quadrante,
718 3565 947 3630 relinquit
995 3563 1371 3615 declinationem
1421 3564 1594 3641 stellae
1640 3565 2076 3630 septentrionalem
2125 3570 2315 3614 tantum
2363 3566 2412 3612 in

0 3638 53 3705 [¹⁵3
142 3643 306 3688 nostro
343 3638 720 3704 hemisphaerio.

51 3713 54 3761 i
292 3711 552 3776 Quomodo
585 3729 680 3778 per
717 3712 1101 3762 declinationem
1141 3711 1500 3762 discernuntur
1535 3713 1704 3762 stellae
1740 3715 1954 3764 orientes
1990 3718 2037 3761 et
2072 3711 2341 3762 occidentes
2378 3726 2413 3759 α

0 3770 56 3840 sti
141 3794 248 3833 non
286 3787 562 3837 orientibus
600 3794 693 3837 aut
731 3803 764 3836 a
799 3801 907 3837 non
933 3784 1311 3835 occidentibus?
1345 3783 1470 3835 Cum
1499 3785 1761 3836 declinatio
1799 3785 1972 3836 stellae
2001 3792 2074 3835 est
2112 3784 2268 3847 major
2294 3783 2412 3832 alti-

0 3857 56 3925 ΓΝ
138 3855 313 3908 tudine
349 3861 646 3923 aequatoris,
685 3858 842 3922 stella,
885 3860 925 3908 si
964 3857 1373 3922 septentrionalia,
1412 3873 1512 3909 non
1550 3858 1751 3923 occidit,
1792 3861 1922 3925 quia,
1963 3863 2147 3923 quanta
2185 3863 2260 3907 est
2297 3856 2413 3907 alti-

14 4035 31 4061 ι
55 4028 57 4062 ἲ
