2554 4140
0 1359 1 1362 =
33 1352 47 1359 -
86 1327 195 1392 gaci
232 1332 441 1390 puncto,
494 1331 772 1375 numeretur
817 1327 864 1373 in
906 1340 1080 1374 conse-

86 1401 284 1466 quentia
340 1406 389 1449 et
440 1401 724 1449 terminetur
778 1399 826 1446 in
882 1404 1078 1460 rectam,

0 1491 1 1495 ¹
86 1489 210 1538 quac
246 1487 307 1523 ex
345 1478 508 1522 centro
554 1473 809 1523 eccentrici
845 1471 1081 1536 parallela

10 605 11 610 ,
91 557 211 603 DBF
241 556 361 601 linea
390 556 611 613 apsidum,
643 557 683 600 D
705 561 909 617 apogaei‚
939 561 978 606 F
1008 574 1086 618 pe-

12 799 13 802 ,
90 756 364 814 plementum
396 755 455 800 ad
484 755 513 798 4
543 760 689 798 rectos
730 754 972 802 distantiae
1005 758 1084 803 So-

58 967 67 1022 j
89 957 158 1004 Ita
178 955 313 1000 etiam
334 959 416 1007 est,
447 955 486 999 si
500 954 542 998 D
568 958 689 999 esset
706 953 850 999 nodus
873 955 1081 1000 evehens.

859 181 1000 231 Liber
1027 183 1205 232 Sextus.
1265 185 1380 233 Pars
1412 186 1598 245 Quarta.
2253 200 2360 252 469

51 327 54 337 '
92 332 154 384 ad
191 332 407 454 Tarram,
447 331 537 455 ve}
564 333 922 398 complementa
959 323 1249 400 angulorum
1287 336 1351 388 ad
1389 343 1601 402 quatuor
1638 345 1814 405 rectos,
1859 357 1987 408 quos
2016 344 2244 412 'angulos
2282 362 2365 397 ar·-

95 422 180 457 cus
218 409 232 454 i
275 409 290 454 i
325 407 507 456 metiun
534 421 605 456 ur.

207 491 355 548 Igitur
383 490 427 534 in
446 490 624 546 adjecto
648 491 891 550 schemate,
923 494 969 539 in
1000 507 1090 551 quo

90 624 242 682 rigaei,
273 623 401 667 HAG
430 622 548 667 linea
578 623 672 667 veri
701 623 790 667 loci
818 625 934 670 So'lis
966 627 1085 683 ejus·

93 702 179 747 que
220 688 435 746 oppositi,
480 689 669 741 angulus
701 691 828 734 DAG
867 697 937 736 est
966 707 1084 737 com-

87 823 157 880 lis,
186 835 270 879 per
288 821 371 866 AG
392 821 555 866 lineam
577 826 773 878 notatae,
804 821 859 866 ab
882 835 1084 879 apogaeo

89 890 245 935 Lunae
280 888 345 943 D,
387 901 469 945 per
505 887 589 931 AD
627 886 791 931 lineam
835 887 1082 934 intellecto.

229 1031 403 1081 Potest
432 1033 578 1081 etiam
605 1029 838 1080 distantia
863 1031 994 1080 Solis
1019 1032 1081 1081 ab

89 1120 307 1170 apogaeo
334 1105 503 1154 Lunae
541 1106 781 1153 numerari
813 1107 863 1152 in
901 1106 1081 1154 circulo

88 1181 353 1233 eccentrico
393 1178 588 1228 Lunae&
643 1184 692 1227 et
730 1184 844 1228 tunc
881 1181 953 1227 sic
992 1178 1079 1227 de-

86 1253 437 1318 terminabitur,
474 1251 605 1316 quod
632 1252 834 1314 incipiat
865 1253 929 1301 ab
955 1266 1080 1315 apo-

84 1546 242 1599 lineae
281 1548 383 1597 veri
431 1552 592 1596 motus
630 1546 761 1595 Solis
802 1545 991 1595 ducitur
1028 1547 1078 1594 in

83 1621 276 1687 plagam
316 1620 536 1682 eandem,
570 1636 676 1684 xqua
714 1619 948 1670 Sol‘stat.

122 1735 126 1738 -
197 1706 259 1752 Ut
286 1704 374 1763 hic,
405 1704 510 1751 Sole
530 1704 577 1750 in
595 1704 678 1750 AG
706 1703 828 1748 linea
856 1707 1078 1757 versante,

85 1772 124 1819 si
150 1772 191 1818 ei
220 1784 279 1818 ex
304 1773 342 1817 B
373 1771 568 1817 ducatur
596 1769 816 1827 parallela
845 1770 938 1825 BQ.
969 1775 1077 1814 tunc

67 1837 208 1895 ‚mm
239 1839 327 1884 erit
356 1836 573 1883 distantia
605 1836 721 1882 Solis
754 1837 811 1881 ab
844 1848 1047 1893 apogaeo
1077 1835 1252 1882 Lunae.

224 1915 366 1966 Doce
401 1916 634 1964 invenire
666 1920 919 1976 punctum
959 1915 1321 1976 aequatorium
1347 1910 1418 1980 (et
1439 1928 1553 1964 una
1577 1914 1770 1979 fontem
1796 1911 1985 1976 motus)
2020 1921 2357 1978 menstruum,

0 2007 2 2018 ·
88 1989 290 2053 duoque
326 1990 758 2039 eccentricitatcm.
814 1991 855 2037 A
885 1982 1042 2036 centro
1074 1991 1248 2037 orbitae
1278 1991 1439 2036 Lunae
1469 1992 1507 2037 B
1537 1993 1585 2038 in
1614 1991 1781 2037 lineam
1813 1990 2078 2048 copularum
2100 1991 2227 2037 HAG
2257 2003 2359 2050 per·
2404 1993 2407 2002 ²

0 2066 1 2071 ’
81 2057 383 2118 pendicularis
413 2058 634 2103 educatur
664 2057 760 2112 BC,
802 2070 964 2104 secans
994 2055 1159 2101 lineam
1191 2056 1459 2114 copularum
1489 2058 1574 2103 AH
1603 2057 1650 2102 in
1683 2058 1729 2103 G.
1790 2057 2000 2102 Ducatur
2040 2057 2176 2103 etiam
2206 2071 2289 2114 per
2318 2058 2360 2104 A

0 2121 20 2175 ’,
82 2121 170 2183 ipsi
199 2125 271 2170 CB
299 2123 518 2184 parallela
547 2124 676 2180 IAK,
722 2138 884 2170 secans
915 2123 1058 2183 ipsius
1089 2123 1177 2168 HG
1207 2122 1472 2180 parallelam
1502 2137 1586 2183 per
1614 2125 1652 2169 B
1684 2124 1729 2168 in
1760 2127 1929 2182 puncto
1960 2122 2008 2167 Z.
2073 2123 2189 2170 Sunt
2218 2124 2360 2182 igitur

55 2218 58 2221 Δ
87 2190 175 2255 dno
202 2190 350 2238 fontes
381 2196 531 2236 motus
569 2191 728 2237 Lunae
758 2195 975 2248 punctum
1007 2190 1049 2235 A
1078 2195 1125 2235 et
1154 2189 1276 2235 linea
1311 2189 1420 2234 IAK
1451 2203 1533 2248 per
1562 2190 1779 2235 circulum
1809 2188 2151 2235 illuminationis
2174 2191 2360 2237 Terrae.

0 2269 2 2286 ³
55 2265 58 2270 '
84 2256 211 2326 puae
241 2258 376 2302 etiam
403 2257 492 2302 hac
522 2257 619 2301 vice
652 2257 1011 2303 eccentricitates
1043 2256 1188 2303 centri
1219 2256 1270 2313 B,
1302 2256 1475 2302 scilicet
1505 2256 1586 2302 AB
1620 2260 1666 2300 et
1696 2255 1786 2312 ZB,
1818 2254 1898 2299 illa
1928 2254 2152 2301 ordinaria
2182 2257 2359 2303 solutae

0 2334 23 2362 θ’·
85 2321 133 2389 'qt
169 2329 409 2384 perpetua,
453 2324 530 2368 ΖΒ
575 2337 682 2369 vero
720 2323 1034 2369 tantummodo
1075 2324 1123 2368 in
1162 2329 1319 2368 mense
1360 2323 1433 2368 vel
1470 2327 1696 2368 momento
1738 2322 1993 2379 praesenti,
2038 2335 2121 2379 per
2158 2316 2357 2381 reliquos

0 2407 23 2435 [ε
84 2388 260 2437 aienses
302 2389 552 2448 variabilis,
595 2390 725 2447 eique
768 2392 971 2447 aequalis
1005 2390 1081 2436 Ac
1120 2395 1190 2436 est
1227 2390 1542 2436 eccentricitas
1563 2393 1818 2434 menstrua
1854 2391 2149 2445 temporanea
2177 2382 2356 2446 [potius

0 2476 24 2488 ‘⁴
84 2456 408 2511 momentanea)
441 2458 599 2512 puncti
630 2456 884 2514 aequatorii
915 2456 1137 2502 menstrui
1169 2456 1218 2502 C.

228 2521 277 2567 Si
306 2527 509 2566 centrum
541 2522 715 2567 orbitae
745 2524 783 2567 B
815 2528 886 2568 est
914 2523 961 2567 in
993 2523 1048 2579 E,
1079 2523 1129 2568 in
1158 2523 1258 2580 ipsa
1288 2522 1462 2568 scilicet
1489 2521 1611 2567 linea
1641 2520 1920 2578 copularum,
1952 2525 2063 2566 tunc
2093 2520 2170 2565 illo
2201 2533 2357 2566 mense

18 2605 25 2625 τ
85 2586 289 2634 manico
319 2593 538 2643 punctum
568 2589 610 2633 E
643 2590 834 2634 duorum
867 2595 1138 2647 punctorum
1170 2590 1207 2634 B
1241 2593 1288 2633 et
1319 2589 1352 2634 G
1382 2587 1525 2633 vicem
1554 2591 1783 2644 praestat,
1823 2591 1868 2631 et
1898 2585 1980 2631 AE
2013 2585 2083 2631 bis
2113 2586 2358 2633 adhibetur

21 2682 25 2693 ·
86 2651 143 2700 td
169 2653 514 2699 accelerandum
545 2654 618 2700 vel
648 2655 980 2717 retardandum!
1003 2660 1191 2700 motum.

93 2733 100 2748 ’
126 2733 130 2738 ’
224 2718 303 2765 Sin
332 2720 723 2777 perpendicularis
753 2722 827 2767 BC
857 2721 1067 2767 inciderit
1097 2721 1142 2765 in
1173 2721 1323 2779 ipsum
1354 2723 1559 2765 centrum
1581 2718 1751 2765 Terrae
1781 2718 1835 2772 A,
1865 2721 1976 2764 tunc
1997 2715 2076 2762 illo
2111 2718 2354 2778 (technico)

21 2800 25 2820 ¹
85 2796 236 2831 nense
263 2784 389 2829 nulla
431 2791 502 2832 est
537 2787 852 2833 eccentricitas
886 2793 1118 2833 menstrua
1153 2793 1466 2845 temporanea,
1514 2785 1601 2830 nisi
1634 2783 1680 2829 in
1711 2788 1928 2841 quantum
1965 2784 2355 2849 perpendicularis

12 2877 202 3047 list

13 3050 24 3232 ᾗ

14 3239 27 3308 2

0 3318 27 3452 ’ἰ

17 3510 27 3602 1÷

18 3617 28 3656 l

21 3879 29 3959 ῖ.

86 2847 164 2895 illa
190 2862 279 2893 non
309 2856 407 2896 toto
438 2865 592 2897 mense
623 2853 821 2899 naturali
851 2854 896 2898 in
920 2854 957 2896 A
981 2852 1152 2909 incidit,
1184 2866 1285 2898 cum
1316 2853 1405 2897 hoc
1437 2851 1496 2897 sit
1514 2855 1894 2895 momentaneum.
1927 2850 2080 2896 Distet
2102 2862 2355 2907 apogaeum

86 2912 241 2962 Lunae
270 2916 311 2962 D
342 2929 371 2963 a
400 2917 519 2963 Solis
550 2919 761 2975 opposito
792 2920 835 2963 H
867 2919 950 2965 36ο
979 2919 1038 2965 θ’.
1082 2917 1493 2974 Antilogarithmus
1528 2950 1540 2960 .
1574 2947 1575 2950 =
1602 2948 2135 2963 ........
2194 2915 2339 2962 21193

202 2981 405 3029 ntricitas
434 2982 515 3028 AB
547 2983 677 3041 4362,
711 2983 1000 3030 considerata
1030 2988 1081 3030 ut
1110 2997 1325 3030 numerus
1355 2984 1515 3030 43620.
1546 2981 1866 3041 Logarithmus
1898 3015 1913 3043 s.
1975 3016 1986 3029 .
2049 3015 2060 3028 .
2121 3014 2134 3028 .
2193 2980 2338 3028 82965

1951 3053 2135 3101 Summa
2164 3055 2354 3110 104158,

88 3119 287 3178 quaesita
313 3127 366 3168 ut
394 3122 707 3180 logarithmus‚
741 3124 941 3171 ostendit
970 3123 1050 3168 AC
1082 3123 1467 3169 eccentricitatem
1496 3121 1655 3179 puncti
1687 3122 1720 3167 C
1753 3120 1882 3168 3529.
1903 3119 1965 3174 ⁸⁰)

231 3197 369 3261 Quid
410 3206 531 3248 sunt
582 3200 831 3262 scrupula
883 3206 1147 3248 menstrua
1197 3197 1571 3262 lonyitudinis?
1650 3197 1776 3247 Sunt
1822 3196 1943 3246 nihil
1991 3195 2151 3262 aliud,
2205 3211 2352 3260 quam

88 3265 224 3318 valor
258 3285 400 3322 areae
438 3273 669 3336 trianguli
708 3274 981 3335 aequatorii
1028 3274 1262 3320 menstrui
1313 3285 1460 3334 super
1499 3272 1862 3321 eccentricitate
1903 3275 2152 3321 menstrua
2199 3273 2352 3320 centri

90 3344 340 3394 eeoentrici
393 3347 566 3395 stantis
618 3348 665 3393 in
720 3345 941 3408 quolibet
995 3358 1161 3394 mense
1211 3344 1435 3393 technico
1493 3345 1719 3401 maximi,
1775 3345 1825 3392 in
1874 3345 2089 3394 numeris
2131 3343 2351 3407 qualium

90 3416 299 3465 omnium
335 3421 599 3468 maximum
637 3419 741 3468 scil.
781 3420 831 3465 in
870 3431 1035 3467 mense
1074 3417 1218 3481 pleno
1258 3422 1333 3467 est
1374 3418 1476 3465 60‘.

227 3497 282 3543 In
327 3501 557 3547 schemate
603 3502 868 3547 continuata
908 3500 982 3545 BC
1024 3500 1069 3544 in
1109 3504 1281 3557 puncta
1328 3498 1500 3545 orbitae
1531 3499 1581 3557 O,
1613 3500 1676 3551 N.
1719 3505 1766 3545 et
1803 3499 1891 3557 ipsi
1933 3501 2009 3546 CA
2046 3499 2267 3558 parallela
2305 3506 2352 3546 et

91 3561 291 3617 aequalis
314 3565 387 3609 BZ
411 3566 620 3621 demissa,
653 3573 699 3611 et
730 3567 909 3623 punctis
942 3567 997 3623 N,
1029 3565 1066 3609 Ο
1099 3579 1200 3611 cum
1234 3566 1268 3609 Z
1301 3565 1531 3622 connexis,
1563 3565 1690 3611 valor
1721 3578 1851 3610 areae
1878 3566 1996 3611 ZBN
2028 3566 2100 3613 vel
2122 3570 2240 3618 ZBO
2273 3569 2352 3614 dat

91 3627 298 3685 teupulo.
322 3629 638 3690 longitudinis,
679 3646 796 3689 quae
825 3633 998 3689 valent,
1041 3633 1400 3690 quotiescunque
1438 3635 1637 3678 occurrit
1666 3634 1713 3679 in
1743 3634 1895 3691 aliquo
1926 3650 2082 3683 mense
2113 3635 2348 3694 dispositio

89 3686 178 3736 ht·
201 3701 471 3750 punctorum
499 3699 554 3751 A,
586 3699 633 3755 C,
667 3700 703 3743 B
734 3699 805 3743 vel
846 3699 1047 3754 angulus.
1080 3699 1166 3743 iste
1196 3699 1325 3744 DAH
1365 3699 1484 3743 inter
1525 3698 1692 3745 lineam
1733 3701 1941 3757 apsidum
1971 3703 2056 3748 AD
2098 3709 2143 3748 et
2183 3703 2348 3747 lineam

90 3752 177 3802 bei
195 3757 311 3804 Solis
340 3761 440 3818 ΑΗ,
472 3776 742 3821 quocunque
772 3766 816 3809 in
848 3770 1016 3822 puncto
1049 3777 1160 3809 suae
1189 3764 1362 3808 orbitae
1393 3764 1526 3809 Luna
1554 3764 1822 3822 inveniatur.

228 3834 363 3885 Doce
398 3838 488 3888 hoc
521 3844 844 3904 manyulum
883 3848 928 3890 et
966 3856 1026 3891 ex
1064 3857 1120 3890 eo
1156 3841 1405 3903 scrupula
1441 3847 1704 3891 menstrua
1742 3851 2052 3906 computare.
2130 3843 2347 3906 Compu÷

93 3903 220 3956 tandi
268 3911 392 3959 ratio
440 3921 605 3963 manet
654 3914 853 3977 eadem,
905 3929 1031 3978 quae
1082 3914 1173 3964 fuit
1216 3914 1342 3964 libro
1383 3914 1443 3964 V.
1482 3916 1635 3982 partis
1686 3915 1747 3970 de
1786 3919 2082 3989 aequatione
2132 3918 2347 3973 maxima·
