2554 4140
0 790 8 796 .
77 760 212 804 tanta
258 754 543 816 magnitudo
594 756 840 804 intervalli
889 755 1018 805 Solis
1067 756 1129 804 ab
1181 752 1606 803 observationibus
1657 754 2010 801 astronomicis.
2118 753 2328 817 Physice
2427 766 2461 818 χῖ

78 841 191 876 vcro
241 826 304 876 ad
343 833 511 875 votum
565 834 662 889 est,
716 836 769 877 ut
815 843 990 891 corpus
1029 828 1187 888 Solis,
1239 825 1370 889 quod
1421 827 1592 874 ceteris
1631 823 1839 888 planetis
1879 825 2104 873 omnibus
2142 832 2326 874 motum
2367 823 2377 877 ζ’
2432 827 2435 833 ’

22 902 26 908 ’
77 901 237 961 infert,
297 899 464 949 multis
525 903 719 950 omnino
767 902 987 964 partibus
1039 903 1102 949 sit
1151 899 1311 963 majus
1362 899 1644 963 corporibus
1692 897 1955 947 mobilibus
2004 898 2227 947 omnibus
2280 901 2327 946 iu

15 1017 22 1021 ,
76 988 224 1023 unum
261 972 497 1023 conflatis.

827 97 965 143 Liber
995 95 1212 154 Quartus.
1274 97 1384 140 Pars
1414 94 1579 139 Prima.
2222 100 2324 148 327

80 249 227 297 etiam
265 248 435 295 minor.
494 245 600 293 Erit
636 247 783 309 igitur
820 246 955 295 Mars
992 246 1149 296 minor
1186 259 1332 309 quam
1367 244 1533 303 Terra,
1572 244 1728 293 minor
1764 244 1866 294 scil.
1906 245 2140 308 superior,
2181 259 2328 307 quam

78 321 304 380 inferior3
346 324 398 366 ut
434 319 503 366 ita
540 317 676 366 nulla
714 320 875 368 futura
914 321 977 368 sit
1014 319 1245 382 analogia
1282 315 1630 379 magnitudinis
1670 330 1938 381 corporum·
1964 317 2027 367 ad
2053 331 2218 366 eorum
2246 331 2328 365 or-

79 393 253 452 dinem,
293 389 422 452 quod
459 403 556 437 non
595 397 670 439 est
707 399 1084 442 consentaneum
1124 391 1315 440 ornatui
1352 388 1534 437 mundi.
1564 386 1632 452 ⁵⁰)

222 463 417 526 Quanto
469 463 625 525 maj0r
671 467 901 513 statuitur
939 465 1068 514 Solis
1107 464 1361 523 distantia,
1415 467 1552 510 tanto
1590 462 1746 510 minor
1783 462 1837 510 fit
1874 462 2005 512 Solis
2043 462 2326 527 parallaxis,

78 542 260 622 qutanto
309 536 467 584 minor
503 535 632 589 Solis
682 538 969 599 parallaxis,
1026 544 1162 586 tanto
1209 536 1366 599 major
1414 534 1681 597 parallaxis
1721 534 1890 583 Lunae
1929 551 1960 584 a
1998 536 2135 595 Sole,
2185 537 2226 584 si
2268 550 2328 584 ex

77 612 178 659 suis
214 609 462 672 principiis
501 616 778 658 assumatur
815 610 1018 675 simplex
1056 610 1226 658 Lunae
1265 607 1554 672 parallaxis:
1607 606 1738 669 quod
1787 609 1979 670 egregie
2018 610 2169 657 servit
2207 607 2328 657 doc-

78 685 232 734 trinae
287 680 541 743 eclipsium
581 682 927 733 emendandae.
1005 683 1326 732 confirmatur
1363 681 1509 743 igitur
1544 681 1736 742 potius,
1779 693 1876 727 non
1916 694 2033 729 vero
2073 674 2380 750 refutatur„

223 1046 381 1106 Cujus
417 1048 638 1109 corporis
673 1045 1023 1095 determinatio
1058 1060 1122 1108 pr
1125 1047 1289 1094 omime
1324 1047 1553 1106 sequitur
1585 1044 1797 1092 Telluris
1821 1043 2289 1095 determinationem
2305 1043 2330 1089 ,9

79 1120 271 1178 Lunae,
324 1118 597 1168 secundarii
646 1118 889 1181 planetae.
970 1113 1017 1182 l)
1057 1117 1316 1179 Quia‘hoc
1352 1116 1488 1165 sidus
1526 1117 1837 1179 peculiariter
1876 1116 2054 1166 Terrae
2094 1116 2328 1165 tributum

76 1197 178 1252 est,
227 1191 359 1253 quod
407 1197 457 1239 et
503 1193 863 1275 vegetationem
913 1196 1239 1240 creaturarum
1288 1191 1582 1238 terrestrium
1622 1189 1903 1252 adjuvaret,
1955 1195 2070 1254 etna
2109 1195 2329 1249 creatura

69 1263 479 1327 contemplatrice
508 1265 557 1311 in
598 1264 759 1313 Terris
799 1265 1163 1325 observaretur,
1217 1268 1262 1311 et
1303 1278 1331 1310 a
1371 1277 1468 1324 quo
1508 1262 1721 1312 siderum
1760 1263 2038 1312 observatio
2079 1264 2328 1325 inciperet.

77 1335 128 1404 2)
165 1337 295 1399 Quia
331 1338 543 1386 rationes
580 1339 906 1401 proportionis
946 1335 1316 1386 constituendae
1353 1335 1704 1398 propemodum
1743 1335 1941 1385 eaedem
1982 1341 2109 1384 sunt.

219 1409 448 1458 Edissere
481 1410 825 1473 fundamenta
859 1411 1201 1474 proportionis
1237 1412 1370 1457 inter
1397 1409 1602 1457 Lunam
1642 1415 1689 1457 et
1720 1407 1945 1470 Terram,
1987 1416 2093 1457 tam
2132 1409 2349 1456 ratione·

74 1486 311 1546 corporis,
352 1498 508 1544 quam
546 1485 745 1532 ratione
779 1484 1055 1532 intervalli.
1126 1482 1174 1545 l)
1212 1481 1421 1530 Rursum
1460 1481 1539 1530 hic
1564 1481 1705 1531 Luna
1743 1484 1793 1529 in
1826 1484 2095 1532 remotione
2120 1482 2332 1551 maxima
2382 1539 2384 1542 Ι

76 1572 107 1605 a
157 1555 307 1604 Terra
357 1555 525 1604 debuit
580 1569 818 1620 occupare
871 1557 1105 1604 diametro
1154 1569 1245 1604 sua
1293 1555 1477 1604 visibili
1528 1561 1714 1619 partem
1765 1555 1929 1604 circuli
1983 1557 2169 1615 7208111,
2222 1568 2369 1602 cum,

80 1634 272 1693 propter
310 1629 469 1691 ipsum
507 1643 760 1678 numerum
799 1635 853 1678 ut
891 1631 1038 1694 prius,
1078 1634 1180 1676 tum
1219 1628 1364 1676 etiam
1403 1634 1599 1691 propter
1639 1628 1846 1691 eclipses
1885 1627 2029 1690 Solis,
2072 1633 2331 1691 spectacu-
2472 1611 2475 1615 ¹

78 1702 178 1752 lum
217 1717 248 1749 a
286 1708 503 1751 creatore
542 1701 846 1761 ordinatum,
895 1708 948 1750 ut
991 1716 1049 1750 eo
1091 1700 1343 1750 doceretur
1383 1699 1752 1764 contemplatrix
1790 1706 2010 1750 creatura
2048 1700 2107 1750 de
2145 1702 2332 1749 ratione
2368 1762 2371 1765 ι

86 1789 252 1824 cursus
290 1773 525 1836 siderum;
580 1774 711 1837 quod
758 1776 1025 1823 rectissime
1063 1774 1212 1822 fiebat
1250 1779 1390 1835 tunc,
1440 1775 1481 1822 si
1519 1774 1864 1823 semidiametri
1905 1773 2034 1823 Solis
2074 1779 2122 1822 et
2162 1773 2331 1822 Lunae

82 1850 131 1896 in
168 1848 419 1909 utriusque
458 1850 724 1897 remotione
763 1849 976 1896 maxima
1014 1853 1301 1911 apparerent
1333 1846 1589 1909 aequales:
1629 1854 1684 1895 ut
1709 1849 1780 1895 ita
1805 1847 1947 1895 Luna
1972 1846 2136 1896 Solem
2156 1851 2332 1915 ‚exacte
2393 1864 2407 1901 χ
2459 1835 2470 1883 s-

78 1927 240 1984 tegere
277 1926 446 1984 posset
482 1923 530 1968 in
569 1920 662 1970 hac
700 1923 953 1984 utriusque
991 1920 1162 1969 sideris
1201 1919 1492 1981 conditione,
1532 1921 1573 1968 si
1612 1920 1832 1981 daretur,
1873 1926 1923 1969 et
1957 1922 2029 1970 sic
2063 1925 2163 1969 tam
2190 1919 2333 1968 Luna
2399 1927 2409 1974 ,ἑ
2458 1920 2461 1923 ’
2521 1927 2531 1960 ἰ

49 2008 225 2065 ,quam
261 1992 350 2043 Sol
388 1993 595 2044 eundem
633 1994 864 2058 angulum
902 1995 948 2041 in
989 1993 1140 2043 Terra
1179 1994 1543 2042 constituerent.
2392 1990 2397 1993 ’

224 2063 276 2132 2)
312 2066 491 2116 Decuit
528 2069 702 2127 etiam,
742 2073 797 2116 ut
834 2068 1082 2130 proportio
1122 2079 1375 2130 corporum
1415 2066 1593 2115 Terrae
1635 2071 1684 2114 et
1720 2065 1890 2114 Lunae
1929 2067 2000 2115 sic
2038 2080 2091 2115 se
2128 2064 2331 2113 haberet

0 2126 2 2136 ’
77 2138 141 2190 ad
177 2141 536 2203 proportionem
573 2140 815 2189 intervalli
842 2141 1011 2189 Lunae
1051 2144 1100 2188 et
1131 2138 1476 2188 semidiametri
1505 2137 1726 2199 Telluris,
1768 2140 1894 2188 sicut
1918 2140 2053 2201 prius
2079 2139 2328 2202 proportio

78 2227 333 2275 corporum
358 2211 486 2261 Solis
524 2217 572 2262 et
597 2213 776 2264 Terrae
813 2228 866 2263 se
903 2213 1078 2261 habuit
1115 2211 1177 2261 ad
1203 2215 1561 2276 proportionem
1598 2211 1841 2261 intervalli
1868 2211 2055 2261 Solaris
2095 2217 2143 2261 ct
2181 2212 2333 2259 semi-

78 2284 299 2334 diametri
337 2284 543 2334 Tcrrae:
588 2292 642 2334 ut
679 2286 865 2336 scilicet
901 2287 1266 2350 proportionum
1306 2286 1526 2334 binarum
1567 2284 1737 2334 eadem
1775 2286 2001 2348 utrinque
2041 2290 2169 2334 esset
2207 2299 2330 2333 ana-

78 2356 224 2420 logia.
286 2357 429 2407 Luna
464 2361 608 2419 enim,
646 2359 844 2424 planeta
882 2360 1119 2409 terrestris
1158 2364 1206 2408 et
1243 2357 1561 2408 secundarius
1600 2363 1649 2407 et
1675 2357 1779 2406 Soli
1822 2352 2128 2408 obscurando
2156 2357 2327 2417 tactuS,

78 2429 351 2494 exemplum
389 2432 536 2480 etiarn
573 2435 937 2496 proportionum
976 2432 1106 2481 orbis
1145 2430 1274 2487 Solis
1312 2431 1392 2482 vel
1431 2431 1610 2481 Terrae
1648 2433 1787 2494 sequi
1828 2431 2010 2480 debuit.

228 2502 366 2566 Quid
401 2503 517 2552 hinc
550 2506 817 2567 sequitur?
866 2506 1008 2555 Duae
1046 2519 1122 2553 res
1158 2509 1427 2567 sequuntur
1466 2519 1525 2553 ex
1563 2505 1736 2568 positis
1765 2503 1956 2553 duobus
1982 2503 2327 2563 axiomatib11S‚

79 2590 282 2637 quarum
321 2577 667 2638 unaquaelibet
704 2593 789 2642 per
825 2593 877 2626 se
915 2580 1096 2642 ipsam,
1145 2579 1266 2626 miro
1307 2591 1546 2626 consensu
1585 2577 2085 2638 verisimilitudinum‚
2139 2576 2330 2626 etiamsi

81 2662 141 2697 ex
178 2648 579 2713 praecedentibus
628 2665 724 2700 non
762 2657 1071 2713 sequeretur,
1121 2651 1380 2700 axiomatis
1417 2649 1527 2699 loco
1561 2655 1734 2714 posset
1771 2650 2018 2714 usurpari,
2074 2663 2182 2698 cum
2235 2650 2331 2696 sint

81 2735 165 2785 per
202 2736 254 2771 se
293 2720 387 2769 fide
425 2721 752 2785 dignissimae.
821 2723 986 2772 Prima
1023 2728 1096 2772 est
1133 2724 1241 2783 ista,
1283 2722 1412 2785 quod
1453 2737 1561 2772 cum
1601 2723 1829 2786 analogia
1868 2724 2232 2786 proportionum
2270 2735 2342 2773 exss

82 2800 216 2859 parte
254 2793 382 2843 Solis
420 2796 485 2843 sit
521 2796 629 2859 ipsa
665 2798 911 2860 proportio
950 2795 1285 2859 aequalitatis,
1326 2795 1375 2843 id
1415 2802 1502 2855 est,
1543 2797 1669 2844 sicut
1707 2810 1880 2859 corpus
1911 2796 2091 2844 Terrae
2130 2795 2178 2841 in
2219 2807 2328 2842 cor-

81 2880 196 2930 pore
234 2865 363 2916 Solis
399 2867 571 2930 majori
609 2870 752 2917 toties
788 2871 1078 2934 continetur,
1118 2871 1308 2931 quoties
1346 2868 1704 2918 semidiameter
1747 2868 1926 2917 Terrae
1966 2868 2237 2916 continetur
2276 2867 2326 2913 in

82 2936 313 2988 distantia
363 2940 442 2989 vcl
492 2940 851 2990 semidiametro
900 2942 1028 2990 orbis
1081 2941 1258 2991 Terrae
1311 2941 1389 2990 vel
1440 2940 1590 3000 Solis,
1643 2954 1738 2987 non
1795 2954 1906 2989 vero
1958 2941 2153 3004 saepius
2203 2938 2328 2988 illud

83 3025 227 3075 quam
263 3012 382 3073 hoc,
424 3015 494 3062 sic
532 3015 678 3063 ctiam
717 3027 890 3077 corpus
927 3014 1106 3063 Terrae
1146 3014 1411 3063 continebit
1450 3028 1624 3077 corpus
1651 3014 1819 3064 Lunae
1859 3014 2018 3062 minus
2058 3020 2105 3062 et
2143 3027 2194 3061 se
2235 3027 2328 3061 an-

12 3099 15 3146 )
83 3086 269 3146 gastius
317 3087 486 3146 totieS‚
539 3088 730 3149 quoties
778 3085 1133 3136 semidiameter
1171 3086 1349 3135 Terrae
1390 3087 1662 3135 continetur
1700 3086 1747 3132 in
1788 3085 2019 3135 distantia
2059 3084 2136 3135 vel
2177 3087 2328 3136 semi-

85 3154 314 3208 diametro
354 3160 483 3208 orbis
513 3159 698 3221 Lunae,
737 3173 832 3206 non
872 3173 986 3208 vero
1025 3160 1178 3208 rarius
1211 3157 1331 3206 illud
1359 3174 1503 3221 quam
1529 3157 1639 3207 hoc.
1702 3158 1813 3207 Hoc
1839 3160 2012 3222 ipsum,
2053 3165 2106 3207 ut
2133 3159 2331 3207 axioma

14 3234 17 3239 '
84 3237 378 3295 usurpatum,
418 3231 701 3295 dignitatem
741 3246 877 3280 suam
916 3231 1064 3279 habet
1103 3230 1227 3291 inde,
1269 3232 1384 3293 quia
1409 3230 1557 3289 Terra
1585 3230 1979 3298 cstdomicilium
2005 3232 2328 3294 mensurantis
2394 3223 2398 3227 ’

16 3324 17 3341 ¹
85 3309 359 3365 qeaturae,
419 3319 569 3368 quare
618 3311 666 3354 et
712 3305 819 3369 ipsa
869 3317 1068 3367 corpore
1120 3317 1209 3352 suo
1261 3305 1456 3352 metitur
1506 3304 1664 3352 minus
1718 3299 1863 3354 etiam
1889 3300 2346 3374 'Lunae‘corpusn‘

18 3426 20 3432 ,
86 3374 219 3424 velut
266 3377 399 3441 prius
448 3378 739 3428 metiebatur
777 3375 906 3425 Solis
953 3390 1126 3440 corpus
1173 3390 1224 3425 se
1262 3375 1449 3438 majus3
1501 3381 1550 3426 et
1592 3375 1951 3427 semidiametro
1997 3393 2089 3427 sua
2134 3379 2331 3427 metitur

87 3446 488 3499 semidiametrum
529 3451 658 3500 orbis
688 3451 869 3510 Lunae,
912 3455 1166 3511 utrumque
1206 3462 1322 3497 vero
1361 3449 1451 3496 sub
1489 3449 1675 3498 ratione
1705 3449 2018 3513 aequalitatis
2045 3448 2178 3506 ideo,
2213 3451 2329 3512 quia

19 3551 22 3566 .
87 3518 237 3569 solius
273 3520 442 3572 Lunae
489 3525 620 3573 orbis
669 3525 797 3572 circa
834 3521 1031 3571 Terram
1080 3526 1154 3569 est
1203 3522 1349 3581 situs,
1401 3522 1526 3572 sicut
1563 3521 1741 3572 Terrae
1792 3524 1922 3573 orbis
1971 3526 2098 3573 circa
2136 3522 2326 3572 Solem:

20 3606 23 3618 ’-
87 3592 248 3655 itaque
285 3598 578 3646 mensur-atio
619 3597 747 3646 orbis
788 3601 836 3645 et
874 3595 1087 3677 corporis
1118 3592 1286 3641 Lunae
1327 3607 1442 3657 prae
1481 3596 1760 3659 corporibus
1800 3595 2102 3660 planetarum
2142 3602 2329 3645 cetero-

22 3686 25 3736 ss
88 3677 192 3712 rum
229 3672 302 3714 est
338 3666 514 3718 Ten-ac
553 3670 767 3734 propria,
823 3682 918 3716 non
958 3668 1114 3715 minus
1154 3680 1301 3727 quam
1339 3667 1470 3730 prius
1509 3668 1638 3716 orbis
1678 3673 1725 3717 et
1764 3671 1978 3733 corporis
2018 3669 2147 3718 Solis
2185 3681 2324 3715 men-

90 3738 286 3785 sur-atio.
356 3739 415 3788 In
452 3744 646 3806 propria
683 3756 797 3792 vero
837 3740 1195 3790 mensuratione
1233 3753 1319 3801 par
1357 3746 1431 3789 est
1467 3741 1684 3792 obtinere
1723 3744 1957 3793 rationem
1996 3730 2326 3808 aequalitatis,

24 3811 28 3847 Ι
92 3813 146 3855 ut
180 3809 379 3876 primam
415 3820 465 3868 et
502 3816 783 3885 principem,
822 3815 863 3864 si
903 3812 1019 3862 nihil
1059 3809 1305 3879 impediat.
