2554 4140
169 129 276 177 310
991 120 1230 178 Epitomes
1261 121 1581 184 Astronomiae

167 272 312 320 tionis
350 271 473 319 inter
509 285 562 319 se
598 275 833 331 motuum,
871 270 966 320 hoc
1005 275 1080 319 est
1116 275 1389 333 temporum
1423 269 1807 332 periodicorum3
1848 271 2237 321 immobilitatem
2275 275 2425 322 centri

167 343 311 401 Solia,
351 348 537 391 motum
573 358 789 391 annuum
827 345 977 392 centri
1013 342 1224 392 Telluris
1264 345 1393 391 circa
1430 342 1626 404 Solem3
1665 345 2023 393 revolutionem
2049 345 2260 393 Telluris
2299 347 2426 394 circa

165 431 306 464 suum
359 430 501 464 axem
554 416 759 478 ejusque
809 417 1037 467 effectum
1087 417 1137 461 iu
1186 414 1564 477 circumagenda
1601 415 1780 478 Luna,
1825 416 2108 479 adjumenta
2154 418 2426 467 movendae

167 489 334 537 Lunae
386 502 445 536 ex
492 487 674 536 lumine
712 488 871 550 Solis,
923 495 972 538 et
1010 502 1138 551 quae
1178 489 1276 536 sint
1313 502 1493 541 causae
1532 491 1900 552 proportionum
1938 491 2062 539 inter
2101 490 2244 551 diem,
2285 505 2424 540 men-

165 575 268 610 sem
305 567 353 609 et
391 576 587 609 annum.
653 561 819 611 Tertia
857 577 1031 611 causas
1070 561 1260 622 aperiet
1285 561 1651 623 inaequalitatis
1680 562 1896 626 tripliciS,
1936 562 2222 623 altitudime,
2262 562 2425 627 longi-

166 632 372 693 tudinis,
412 633 709 695 latitudiniS,
759 636 807 683 in
854 635 1062 698 planetis
1112 632 1348 695 singulis,
1398 640 1454 682 et.
1496 634 1742 697 quomodo
1781 635 2157 698 inaequalitates
2196 638 2321 686 istae
2375 637 2426 684 in

165 706 319 767 Luna,
362 707 408 754 vi
453 706 821 757 illuminationis
861 723 919 756 ex
958 706 1089 767 Sole,
1132 705 1456 770 duplicentur.

800 815 1202 900 'PARS
1288 842 1706 901 PRIMA.

684 954 720 1003 Ι.
780 954 865 1003 De
913 946 1208 1016 partibus
1263 952 1472 1000 mundi
1512 955 1903 1017 praecipuis.

311 1074 481 1137 Quam
519 1084 678 1120 censes
717 1084 824 1119 esse
860 1071 1242 1132 dispositionem
1277 1072 1511 1133 partium
1536 1070 1722 1118 mundi
1743 1072 2146 1132 praecipuarum
2161 1071 2186 1118 P
2235 1071 2423 1134 Coper-

149 1148 259 1195 -nici
306 1143 618 1209 philosophia
666 1149 828 1206 partes
877 1143 1048 1192 mundi
1097 1144 1390 1207 praecipuas
1441 1142 1731 1191 adnumerat
1780 1143 2021 1192 distinctis
2060 1144 2244 1206 figurae
2284 1160 2428 1193 mun-

164 1219 321 1268 danae
376 1217 673 1280 regionibus.
752 1216 875 1264 Cum
914 1218 1043 1265 enim
1081 1218 1130 1263 in
1170 1216 1453 1279 sphaerion,
1508 1215 1603 1264 Dei
1642 1219 1874 1274 creatoris
1912 1217 2124 1278 imagine
2162 1217 2429 1280 mundique

167 1293 432 1355 archetypo
472 1289 552 1351 (ut
590 1290 746 1352 primo
784 1290 909 1338 libro
947 1290 1248 1352 probatum),
1290 1295 1387 1339 tres
1425 1289 1522 1336 sint
1558 1290 1801 1351 regiones,
1840 1291 1984 1338 trium
2022 1289 2072 1338 S.
2097 1289 2148 1339 S.
2176 1290 2428 1338 Trinitatis

125 1416 128 1417 a
162 1378 479 1430 personarum
517 1362 758 1426 symbola,
799 1368 1016 1412 centrum
1056 1362 1241 1422 Patris,
1281 1361 1564 1427 superficies
1601 1360 1718 1409 Filii
1756 1367 1805 1410 et
1843 1362 2180 1411 intermedium
2219 1362 2429 1426 Spiritus

163 1439 341 1486 sancti:
382 1435 585 1484 totidem
623 1436 772 1484 etiam
809 1437 1105 1499 praecipuae
1142 1434 1310 1484 mundi
1350 1440 1514 1498 partes
1553 1439 1667 1482 sunt
1704 1435 1878 1491 sactae,
1918 1435 2143 1498 singulae
2183 1438 2230 1482 in
2270 1436 2430 1500 plagis

166 1510 406 1573 sphaerici
445 1508 667 1571 singuliS,
707 1508 795 1556 Sol
832 1510 880 1556 in
920 1514 1101 1569 centro,
1141 1509 1345 1557 fixarum
1382 1506 1594 1570 sphaera
1619 1508 1667 1554 in
1695 1507 1967 1570 superficie,
2008 1508 2313 1571 planetarum
2341 1508 2430 1559 de-

165 1586 311 1646 nique
349 1588 567 1646 systema
604 1582 656 1629 in
691 1583 890 1644 regione
927 1583 1053 1631 inter
1091 1580 1257 1632 Solem
1296 1588 1345 1630 et
1381 1580 1504 1629 fixas
1543 1580 1846 1630 intermedia.

316 1656 573 1704 Putabam
623 1669 711 1717 eyo
725 1692 740 1719 ,
782 1657 1097 1717 praecipuas
1146 1653 1332 1704 mundi
1378 1659 1554 1716 partes
1601 1668 1699 1703 esse
1746 1653 2101 1703 numerandas
2144 1654 2349 1704 Ocelum
2385 1661 2433 1703 et

173 1729 400 1778 Terram.
477 1726 717 1790 Equidem
754 1729 896 1777 nobis
933 1727 1146 1777 Telluris
1186 1727 1533 1782 incolis,visus
1572 1733 1737 1776 noster
1773 1732 1940 1790 partes
1977 1726 2101 1776 alias
2140 1728 2298 1790 magis
2336 1741 2430 1775 no-

130 1801 367 1859 -tabiles,
418 1806 472 1849 ut
509 1801 632 1848 libro
680 1802 835 1863 primo
884 1800 971 1851 sol.
1016 1803 1116 1848 122
1157 1815 1196 1849 s.
1245 1799 1452 1861 dictum,
1502 1801 1673 1862 nequit
1724 1799 2004 1861 ostendere,
2061 1815 2171 1849 cum
2225 1798 2430 1850 alteram

166 1875 373 1939 pedibus
412 1874 670 1934 calcemus,
711 1874 865 1924 altera
901 1881 1137 1937 tegamur,
1177 1874 1352 1924 ambae
1392 1874 1638 1923 communi
1664 1871 1932 1922 horizontis
1957 1871 2109 1922 limbo
2138 1874 2426 1923 commissae

167 1954 216 1996 et
253 1946 618 2010 conglutinatae
658 1962 765 1996 esse
805 1946 1089 2008 videantur,
1139 1947 1293 1996 instar
1329 1946 1525 2010 palatii,
1579 1948 1626 1994 in
1667 1960 1764 2009 quo
1803 1945 2002 2005 stellae,
2051 1947 2235 2008 nubes,
2291 1961 2425 2006 aves,

167 2021 312 2070 homo
361 2026 409 2070 et
455 2021 592 2068 varia
642 2021 963 2069 animantium
1011 2021 1309 2070 terrestrium
1356 2033 1538 2083 genera
1574 2021 1673 2067 sint
1710 2019 1915 2069 inclusa.
1992 2020 2059 2068 At
2101 2034 2211 2072 cum
2248 2033 2340 2067 nos
2378 2020 2427 2066 in

170 2093 428 2157 disciplina
452 2107 714 2154 versemur,
755 2108 882 2156 quae
919 2108 1080 2143 rerum
1117 2107 1293 2143 causas
1316 2094 1487 2157 aperit,
1527 2093 1664 2141 visus
1692 2091 2004 2156 deceptiones
2034 2092 2249 2152 discutit,
2288 2106 2428 2142 men-

115 2207 117 2211 .
171 2175 269 2215 tem
320 2167 467 2216 altius
515 2165 740 2229 ultraque
778 2169 915 2216 visus
962 2171 1117 2216 metas
1157 2166 1345 2227 evehit,
1396 2165 1578 2216 nemini
1614 2166 1789 2213 mirum
1825 2179 1934 2215 esse
1974 2165 2147 2232 debet,
2197 2167 2359 2214 visum
2396 2180 2428 2214 a.

168 2241 369 2300 ratione,
411 2238 703 2302 discipulum
741 2255 771 2288 a
807 2241 1042 2303 magistro
1080 2241 1199 2289 novi
1238 2238 1357 2303 quid
1397 2238 1599 2299 discere,
1640 2237 1773 2301 quod
1811 2238 2071 2301 ignorabat
2106 2239 2263 2302 prius:
2303 2237 2427 2286 Ter-

167 2328 270 2362 ram
306 2312 504 2373 scilicet,
543 2326 630 2375 per
665 2327 719 2362 se
756 2312 976 2363 solitarie
1015 2311 1387 2373 consideratam,
1426 2325 1525 2360 non
1563 2312 1690 2360 inter
1726 2311 1895 2360 muudi
1932 2312 2098 2374 magui
2135 2317 2298 2374 partes
2323 2311 2426 2375 pri-

169 2387 348 2435 marias
387 2384 690 2446 habendam,
745 2384 830 2435 sed
881 2387 966 2434 uni
1011 2387 1374 2450 primariarum,
1431 2399 1498 2434 sc.
1551 2383 1853 2448 planetariae
1894 2386 2084 2447 regioni
2119 2399 2208 2435 seu
2245 2383 2426 2433 mundo

169 2458 339 2508 mobili
386 2458 738 2508 accensendam
786 2464 835 2507 et
882 2461 931 2506 iu
983 2473 1042 2508 eo
1093 2451 1317 2523 principii
1367 2456 1612 2521 quandam
1659 2459 1899 2507 rationem
1949 2458 2182 2508 obtinere.
2261 2455 2426 2507 Solem

170 2533 386 2581 vicissim
425 2546 452 2580 e
489 2545 690 2580 numero
728 2531 979 2580 stellarum
1018 2538 1285 2592 secretum,
1336 2547 1424 2595 pro
1472 2546 1573 2581 una
1611 2546 1669 2580 ex
1707 2531 1986 2594 praecipuis
2024 2533 2174 2580 totius
2212 2531 2428 2580 universi

169 2605 388 2669 partibus
441 2603 849 2655 constituendum.
937 2605 1138 2668 Loquor
1183 2610 1350 2654 autem
1399 2605 1502 2668 jam
1551 2602 1610 2653 de
1661 2603 1837 2664 Terra,
1896 2610 2139 2666 quatenus
2190 2599 2276 2652 est'
2314 2617 2426 2666 pars

171 2677 379 2728 aedificii
417 2677 684 2747 mundani,
734 2692 831 2727 non
873 2692 1008 2743 vero,
1027 2678 1088 2728 de
1126 2677 1364 2742 dignitate
1404 2676 1734 2727 dominatricis
1784 2683 2062 2739 creaturae,
2116 2691 2242 2740 quae
2291 2676 2426 2725 illam

171 2752 429 2803 inhabitat.

319 2824 513 2888 Quibus
547 2826 680 2872 inter
715 2838 765 2873 se
800 2824 1194 2886 proprietatibus
1230 2823 1498 2886 distinquis
1535 2824 1639 2871 tria
1674 2822 1795 2871 haee
1831 2825 2011 2886 mayui
2046 2821 2229 2871 mundi
2265 2836 2425 2870 mem-

173 2898 304 2946 bra?
358 2897 530 2945 Mundi
579 2896 809 2960 perfectio
860 2898 1082 2946 consistit
1127 2898 1175 2944 in
1213 2895 1347 2956 luce,
1399 2894 1584 2956 calore,
1635 2900 1771 2944 motu
1809 2902 1859 2945 et
1894 2897 2151 2945 harmonia
2187 2900 2424 2955 motuum,

175 2984 300 3032 quae
338 2977 451 3018 sunt
487 2970 701 3032 analoga
739 2969 1053 3019 facultatibus
1091 2970 1299 3029 animae,
1339 2968 1425 3016 lux
1463 2969 1745 3029 sensitivae,
1787 2967 1919 3018 calor
1945 2969 2086 3019 vitali
2124 2973 2173 3017 et
2197 2967 2424 3028 naturali,

173 3047 332 3091 motus
371 3039 593 3104 animali,
632 3043 885 3092 harmonia
922 3041 1164 3092 rationali.
1242 3041 1304 3090 Et
1341 3043 1389 3088 in
1427 3041 1537 3090 luce
1576 3041 1774 3104 quidem
1814 3041 1982 3089 mundi
2018 3042 2242 3092 consistit
2279 3055 2425 3089 orna-

172 3121 279 3176 tus,
320 3116 368 3162 in
407 3116 568 3167 calore
606 3117 710 3165 vita
748 3121 796 3165 et
833 3117 1108 3180 vegetatio,
1147 3116 1199 3163 in
1237 3119 1374 3164 motu
1411 3113 1652 3176 quaedam
1693 3116 1833 3177 quasi
1872 3117 2024 3176 actio,
2075 3116 2122 3162 in
2160 3114 2434 3175 harmoniis¹

174 3189 541 3252 contemplatio,
590 3190 639 3237 in
688 3203 787 3253 qua
823 3187 1114 3252 Aristoteles
1133 3242 1139 3246 ,
1159 3189 1300 3252 ponit
1344 3186 1718 3250 beatitudinem,
1791 3186 1908 3236 Jam
1957 3202 2066 3236 cum
2117 3186 2180 3236 ad
2234 3201 2424 3236 omnem
2510 3229 2515 3233 .

174 3261 476 3310 affectionem
517 3263 607 3310 tria
643 3264 917 3312 necessario
956 3266 1262 3323 concurrant,
1314 3274 1463 3310 causa
1501 3276 1532 3310 a
1570 3275 1716 3323 qua,
1765 3260 2040 3322 subjectum
2078 3261 2138 3306 in
2179 3273 2325 3322 quo,
2376 3264 2426 3308 et

173 3334 329 3382 forma
365 3334 478 3382 sub
517 3347 659 3396 qua:
700 3335 786 3384 Sol
822 3337 969 3399 igitur
1004 3350 1091 3398 per
1130 3349 1299 3385 omnes
1337 3333 1493 3383 dictas
1530 3334 1813 3384 affectiones
1841 3333 2008 3380 mundi
2035 3335 2190 3382 vicem
2217 3333 2421 3382 sustinet
2507 3363 2511 3366 -

177 3406 455 3466 efficientis,
505 3406 707 3455 fixarum
756 3410 890 3471 regio
936 3411 1093 3458 vicem
1143 3408 1420 3468 formanti5‚
1472 3408 1761 3456 continentis
1807 3411 1856 3454 et
1893 3407 2214 3466 terminantis,
2271 3405 2423 3455 inter-

175 3479 390 3529 medium
428 3480 586 3527 vicem
623 3480 857 3542 subjecti,
910 3495 996 3544 pro
1034 3486 1209 3530 natura
1248 3481 1492 3546 cujusque„
1521 3480 1805 3530 affectionis
1886 3476 2126 3528 Omnibus
2163 3479 2311 3542 igitur
2347 3478 2423 3527 his
2502 3480 2507 3486 '

176 3551 334 3602 modis
371 3551 457 3601 Sol
493 3550 547 3599 fit
584 3554 735 3600 totius
772 3552 942 3601 muudi
979 3568 1154 3617 corpus
1190 3555 1521 3617 praecipuum.

319 3625 445 3674 Nam
485 3623 616 3687 quod
653 3623 862 3673 lucem
900 3628 1086 3687 attinet,
1129 3641 1189 3675 ea
1227 3641 1336 3675 eum
1373 3625 1460 3674 Sol
1496 3627 1600 3689 ipse
1639 3623 1987 3687 pulcherrimus
2025 3630 2101 3676 est
2139 3629 2188 3674 et
2224 3623 2421 3686 quidam
2513 3661 2520 3683 ,

178 3698 333 3748 veluti
380 3697 550 3747 oculus
596 3695 787 3757 mundi,
837 3702 940 3745 tum
978 3713 1093 3747 vero
1142 3698 1309 3747 mundi
1346 3698 1520 3760 reliqui
1559 3711 1758 3759 corpora
1795 3699 1900 3760 ipse
1938 3703 1992 3746 ut
2028 3699 2138 3747 fons
2176 3696 2298 3744 lucis
2337 3700 2421 3743 aut

179 3771 447 3820 clarissima
482 3769 565 3819 fax
601 3767 857 3830 illuminat,
896 3771 1067 3832 pingit,
1107 3778 1324 3823 exornat.
1376 3769 1720 3821 Inter-medium
1758 3783 1856 3818 non
1894 3772 2054 3834 ipsum
2093 3775 2167 3819 est
2187 3767 2417 3828 lucidum,

178 3843 265 3897 sed
309 3842 607 3912 pellucidum
654 3847 703 3892 et
750 3843 1058 3912 perspicuum
1109 3851 1156 3897 et
1206 3846 1338 3897 rivus
1346 3881 1364 3907 ,
1428 3858 1515 3912 per
1563 3856 1707 3911 quem
1754 3841 2064 3907 dispensatur
2112 3841 2197 3893 lux
2244 3856 2275 3894 a
2329 3852 2417 3891 suo
