2560 4100
231 121 296 170 92
347 66 363 85 Χ
1160 114 1346 172 Kepleri
1376 116 1533 162 Studia

227 265 538 314 denominare
578 281 608 314 a
645 266 873 315 membris
910 264 1276 314 simulacrorum
1305 279 1534 314 eorumve
1560 266 1795 329 partibus.
1869 267 2167 318 Nominatim
2206 283 2324 318 vero
2363 269 2485 320 haec

227 341 334 401 ipsa
370 339 510 387 stella
548 340 744 401 saepius
782 339 877 387 hoc
913 340 1019 401 ipso
1057 339 1250 387 nomine
1304 342 1352 387 et
1389 352 1506 387 casu
1559 338 1689 402 apud
1726 337 2062 390 Ptolemaeum
2118 342 2323 404 ejusque
2362 358 2483 391 auc-

232 418 358 460 tores
397 413 610 460 recurrit.
685 411 825 460 Haec
860 412 1008 473 igitur
1045 410 1212 471 stella,
1258 425 1367 459 cum
1404 410 1551 460 hodie
1589 413 1653 459 sit
1689 413 1739 457 in
1780 411 1874 459 270
1913 415 1999 462 36¹
2040 416 2107 479 m
2148 417 2374 474 inventa,
2415 431 2481 466 sc.

228 499 270 535 a.
314 486 468 544 1600,
508 490 669 532 motus
707 498 826 533 vero
863 484 1068 532 fixarum
1105 485 1154 530 in
1193 485 1332 531 annis
1378 484 1512 531 1872
1554 483 1810 546 colligatur
1847 484 1941 533 260
1981 482 2161 553 31¹s5‘,
2206 487 2297 536 fuit
2335 489 2483 550 igitur

227 556 368 605 stella
418 565 634 621 tempore
682 558 1040 606 observationis
1091 558 1140 603 in
1192 553 1246 602 10
1287 557 1336 603 5‘
1390 558 1481 620 m,-
1567 555 1836 620 Colligatur
1892 558 2028 607 locus
2083 564 2124 614 d
2190 560 2250 608 ad
2301 559 2483 609 dictum

226 635 416 693 tempus
463 631 834 692 invenieturque
885 633 926 678 is
983 631 1030 676 in
1081 630 1348 677 eecentrico
1397 629 1614 677 obtinere
1668 644 1815 691 quam
1853 633 2071 693 proxime
2111 632 2205 680 230
2245 630 2328 700 ΠΡ.
2405 634 2482 682 Ab

229 717 355 750 anno
395 716 510 751 vero
556 704 671 754 133,
713 703 891 751 Christi
941 701 1004 750 ad
1043 707 1233 764 tempus
1274 701 1630 749 observationis
1681 702 1828 764 hujus
1867 710 1980 752 sunt
2028 707 2140 753 anni
2181 706 2284 753 405
2337 711 2479 766 retr0,

228 776 404 838 quibus
445 775 505 824 de
542 782 679 823 motu
716 776 884 824 limitis
921 775 1060 823 borei
1097 774 1268 822 Martis
1307 774 1555 836 aequabili
1595 775 1864 823 obveniunt
1904 775 1962 823 4⁰
2001 778 2110 838 37¹,
2152 792 2301 840 quare
2338 778 2479 827 limes

227 854 328 897 erat
366 849 416 896 in
456 847 549 897 25⁰
587 850 674 895 23‘
714 846 779 915 ὓ
834 854 882 897 et
917 846 1076 895 nodus
1115 846 1410 916 descendens
1462 849 1511 893 in
1557 845 1655 894 250
1690 848 1778 895 23’
1822 850 1935 905 ἐς
1986 850 2312 912 praecedebat
2364 866 2478 914 ergo

226 921 364 969 locus
417 925 458 976 d
513 924 807 970 eccentricus
851 923 910 984 ³&
954 934 1068 968 arcu
1110 918 1203 968 320
1242 918 1356 979 23’,
1412 934 1511 983 qua
1563 923 1612 966 in
1661 923 1928 969 remotione
1977 937 2007 971 a
2043 923 2172 971 nodo
2225 922 2481 972 inclinatur

225 993 368 1043 hodie
408 995 564 1043 orbita
615 999 656 1049 ὀ
709 995 771 1042 ab
810 993 1034 1056 ecliptica
1074 990 1131 1041 0⁰
1158 993 1244 1041 59¹
1277 995 1393 1040 121¹.
1470 991 1630 1054 Quare
1669 994 1762 1041 boc
1799 993 1974 1043 Martis
2011 995 2183 1045 habitu
2222 995 2283 1044 ad
2314 995 2476 1045 Solem

225 1066 432 1116 latitudo
487 1067 592 1129 ejus
641 1066 890 1116 conficitur
936 1064 989 1113 10
1029 1068 1103 1124 7’,
1154 1071 1383 1127 quantam
1437 1068 1583 1113 etiam
1621 1069 1900 1129 computavi
1942 1069 1989 1115 in
2028 1068 2123 1117 fine
2163 1067 2476 1118 Commenta-

226 1141 405 1189 riorum
442 1139 633 1188 Martis.
707 1139 823 1188 Jam
874 1152 990 1187 vero
1031 1138 1173 1187 stella
1211 1139 1333 1187 haec
1371 1138 1516 1187 hodie
1553 1139 1858 1188 latitudinem
1903 1141 2090 1190 obtinet
2133 1139 2186 1189 1⁰
2225 1143 2299 1202 5‘,
2353 1157 2478 1205 quae

225 1213 266 1261 si
306 1215 451 1261 etiam
488 1219 603 1261 tunc
641 1213 759 1273 suit,
813 1218 1044 1274 sequetur
1095 1227 1154 1259 ex
1192 1211 1381 1260 calculo
1420 1217 1614 1266 nostro,
1667 1212 1874 1261 Martem
1925 1214 2094 1262 stellae
2133 1215 2275 1276 quasi
2316 1217 2477 1263 conti-

225 1301 373 1348 guum
415 1300 522 1334 esse
559 1287 768 1347 sactum,
822 1299 912 1333 nec
948 1285 1060 1347 plus
1099 1299 1246 1347 quam
1286 1287 1336 1331 ‘2‘
1375 1285 1874 1347 septentrionaliorem
1916 1287 2237 1350 praeteriisse.
2315 1288 2476 1351 Atque

225 1359 318 1408 hoc
356 1358 528 1406 volunt
577 1359 730 1408 verba
781 1359 1123 1407 observatoris.
1200 1358 1268 1405 At
1315 1359 1358 1404 si
1405 1357 1630 1420 ecliptica
1676 1357 1790 1406 olim
1842 1360 1969 1407 circa
2009 1362 2074 1425 m,
2113 1359 2378 1409 declinavit
2426 1363 2474 1408 in

226 1438 440 1480 austrum
479 1431 588 1495 plus
628 1446 774 1494 quam
812 1431 984 1492 hodie,
1035 1432 1161 1479 circa
1204 1427 1274 1498 ΠΡ
1310 1431 1358 1477 in
1398 1431 1596 1479 boream
1633 1430 1764 1495 plus:
1821 1430 1955 1481 locus
1992 1434 2139 1495 igitur
2177 1435 2475 1482 eccentricus

226 1505 398 1553 Martis
436 1508 595 1552 minus
635 1507 683 1551 in
722 1506 1098 1567 septentrionem
1135 1503 1374 1553 abfuisset
1411 1518 1568 1566 eoque
1609 1510 1657 1552 et
1681 1502 1890 1553 latitudo
1916 1504 2087 1553 Martis
2119 1501 2289 1566 minor,
2329 1521 2476 1569 quam

224 1577 368 1627 hodie
408 1582 654 1642 computo,
693 1577 791 1626 fixa
828 1579 1046 1626 vicissim
1084 1576 1192 1641 plus
1230 1577 1279 1623 in
1320 1578 1697 1639 septentrionem
1737 1577 2007 1627 destitisset
2044 1584 2092 1626 et
2123 1580 2341 1642 proxime
2369 1586 2479 1628 tan-
2536 1576 2541 1581 ’

225 1656 355 1712 tum,
407 1657 641 1714 quantum
692 1650 853 1715 prodit
890 1649 1228 1709 Ptolemaeus,
1279 1663 1349 1698 sc.
1394 1647 1449 1697 10
1488 1651 1576 1698 20’
1617 1651 1718 1699 bor.
1794 1650 1877 1700 Sic
1922 1653 2089 1713 itaque
2140 1656 2182 1707 ὁ
2243 1653 2334 1702 sub
2387 1652 2479 1701 hac

223 1723 320 1772 fixa
358 1724 565 1773 notabili
602 1723 861 1773 intervallo
900 1723 1159 1772 australior
1194 1723 1494 1783 transiisset,
1548 1722 1679 1785 quod
1720 1724 1880 1773 verbis
1921 1725 2247 1774 observatoris
2284 1727 2480 1790 penitus
2555 1773 2560 1797 Ι.

226 1803 479 1861 repugnat.

371 1869 588 1933 Objiciat
625 1870 818 1932 aliquis,
858 1869 1021 1918 locum
1060 1867 1227 1916 limitis
1262 1867 1641 1930 Ptolemaicum,
1697 1869 1782 1930 qui
1818 1868 2076 1918 adhibetur
2110 1871 2158 1918 in
2197 1871 2290 1919 hac
2326 1872 2493 1925 ratio·x
2555 1874 2557 1879 '

226 1945 493 2003 cinatione,
535 1957 594 1992 ex
633 1944 901 2007 composito
941 1943 1089 1990 fuisse
1128 1940 1546 1990 accommodatum
1585 1940 1648 1989 ad
1687 1942 2103 2004 observationem,
2158 1949 2205 1993 et
2243 1945 2314 1992 sic
2351 1943 2480 1993 idem

226 2018 318 2066 sibi
357 2018 449 2080 ipsi
487 2018 814 2065 testimonium
854 2016 1084 2078 praebere
1121 2029 1218 2062 non
1257 2028 1417 2078 posse.
1491 2013 1693 2063 Minime
1731 2029 1848 2063 vcro
1886 2017 2117 2077 gentium.
2193 2016 2318 2065 Nam
2357 2016 2479 2066 Pto-

232 2090 449 2139 lemaeus
495 2089 620 2138 fixae
671 2087 979 2138 latitudinem
1023 2089 1161 2151 ponit
1203 2087 1256 2135 1⁰
1295 2088 1404 2146 20¹,
1461 2086 1635 2135 Martis
1684 2086 1989 2136 latitudinem
2036 2090 2190 2138 multo
2230 2096 2480 2153 computat

227 2165 460 2212 minorem
501 2168 562 2210 et‘
585 2164 670 2210 vix
710 2160 769 2211 00
809 2162 910 2210 ὅθ’.
985 2161 1245 2210 Praeterea
1291 2160 1592 2208 conditiones
1640 2161 1762 2208 situs
1802 2160 2013 2211 siderum
2051 2162 2181 2213 Solis
2221 2169 2270 2211 et
2305 2160 2508 2213 Martis

226 2235 289 2284 ad
327 2242 546 2300 tempora
583 2235 853 2284 Ptolemaei
892 2236 962 2282 sic
999 2241 1112 2283 sunt
1150 2240 1487 2296 comparatae,
1540 2239 1593 2280 ut
1642 2233 1784 2282 facile
1831 2242 2090 2299 appareat,
2142 2235 2478 2286 Ptolemaeum

227 2323 286 2358 ex
324 2309 529 2373 propriis
570 2307 992 2358 observationibus
1031 2309 1346 2367 exstruxisse,
1398 2311 1452 2354 ut
1490 2307 1788 2368 quantitates
1835 2306 2174 2370 latitudinum,
2225 2311 2295 2359 sic
2332 2311 2478 2359 etiam

236 2381 448 2446 epochas
486 2387 730 2443 motuum,
768 2380 974 2429 limitum
1013 2385 1060 2429 et
1095 2379 1346 2428 nodorum.

313 2577 674 2650 Argumenta
737 2592 810 2636 ex
859 2575 1081 2633 theoria
1129 2574 1327 2633 Lunae
1377 2577 1573 2632 contra
1622 2576 1994 2635 mutationem
2034 2576 2391 2652 obliquitatis

1191 2675 1513 2749 eclipticae.

371 2819 649 2869 Verisimile
687 2824 788 2879 est,
842 2818 1008 2867 orbem
1045 2817 1219 2866 Lunae
1267 2831 1372 2866 esse
1411 2816 1662 2879 alligatum
1711 2815 1773 2864 ad
1813 2815 2082 2880 eclipticam
2120 2818 2476 2880 temporariam,

227 2908 372 2956 quam
412 2892 639 2942 describit
677 2893 854 2952 Terra,
894 2897 949 2939 ut
986 2891 1162 2938 motrix
1205 2890 1405 2951 Lunae,
1447 2895 1582 2937 motu
1621 2902 1708 2938 suo
1748 2903 1908 2937 annuo
1929 2927 1944 2954 ‚
1983 2891 2163 2954 quippe
2202 2905 2310 2939 cum
2349 2896 2478 2939 totus

228 2967 357 3016 orbis
399 2967 568 3016 Lunae
618 2980 727 3015 cum
765 2965 917 3014 Terra
954 2963 1161 3013 vehatur
1215 2977 1301 3027 per
1339 2962 1620 3024 zodiacum;
1672 2976 1828 3024 eoque
1877 2968 1926 3010 et
1962 2961 2054 3010 hoc
2092 2969 2165 3011 est
2204 2963 2478 3021 verisimile,

225 3039 539 3088 latitudinum
576 3038 744 3087 Lunae
782 3039 996 3086 rationes
1035 3035 1098 3085 ad
1138 3036 1411 3100 eclipticam
1448 3036 1789 3100 temporariam
1827 3034 2005 3083 relatas
2046 3037 2269 3085 omnibus
2303 3034 2479 3086 seculis

228 3126 333 3161 esse
371 3111 581 3170 easdem,
622 3126 747 3173 quae
785 3117 898 3159 sunt
935 3109 1096 3158 hodie.
1175 3108 1286 3157 Hoc
1323 3110 1576 3172 supposito
1615 3107 1869 3156 videamus
1907 3109 2185 3157 testimonia
2212 3109 2378 3159 Lunae
2418 3108 2477 3158 de

223 3184 563 3234 latitudinibus
601 3184 805 3232 fixarum
844 3183 905 3232 ad
943 3190 1162 3246 tempora
1199 3183 1417 3244 antiqua.

369 3258 635 3307 Desinente
673 3271 800 3305 anno
839 3271 882 3304 a.
923 3255 1010 3303 Oh.
1052 3256 1171 3315 295,
1211 3256 1470 3319 incipiente
1507 3254 1628 3302 hora
1659 3255 1738 3302 10.
1777 3253 1948 3313 noctis,
1989 3267 2114 3315 quae
2153 3253 2478 3318 praecedebat

229 3334 312 3380 21.
354 3331 473 3379 Dec.
526 3329 673 3378 valde
721 3335 958 3377 accurate
1006 3331 1255 3389 apparuit
1302 3329 1456 3376 Luna
1503 3325 1924 3389 comprehendisse
1970 3325 2160 3375 boreali
2202 3342 2294 3376 suo
2329 3342 2476 3375 mar-

225 3407 342 3467 yine
403 3403 652 3452 borealem
698 3403 892 3450 Stellam
936 3401 1121 3463 frontis
1171 3403 1252 3465 llL.
1303 3408 1482 3456 (Almag.
1503 3406 1592 3446 VII.
1625 3406 1665 3459 3,
1699 3406 1773 3443 ubi
1805 3405 1927 3443 etiam
1959 3405 2241 3456 deprehendes
2275 3418 2337 3456 ea,
2372 3418 2474 3457 quae

228 3484 333 3522 citat
361 3482 566 3532 Keplerus
595 3482 640 3519 in
673 3479 782 3533 sqq.)
831 3473 995 3535 -Atqni
1034 3480 1260 3535 computo
1297 3473 1345 3522 h.
1378 3475 1456 3522 10.
1486 3471 1830 3535 aequinoctiali
1866 3471 2106 3535 completa
2132 3471 2470 3527 Alexandriae,

228 3554 276 3597 et
311 3550 382 3596 sic
419 3544 552 3610 ὠρας
589 3567 637 3596 ια
676 3544 941 3612 ἀρχουσης,
980 3559 1076 3592 non
1115 3559 1231 3593 vero
1269 3542 1400 3610 ὥρας
1438 3567 1452 3594 ι
1489 3543 1730 3610 ἀρχουσης
1765 3544 1913 3607 (quae
1953 3545 2149 3592 omissio
2202 3545 2402 3594 alterius
2441 3566 2472 3595 α

229 3637 288 3671 ex
326 3620 516 3669 duobus
557 3619 784 3683 deinceps
820 3633 873 3668 se
910 3618 1275 3678 insequentibus
1313 3619 1433 3666 nihil
1473 3624 1558 3666 aut
1596 3631 1763 3681 parum
1801 3618 1972 3665 attinet
1992 3615 2317 3682 latitudinem)
2355 3633 2471 3668 cen-

229 3702 355 3742 trum
392 3689 462 3760 Θ
503 3689 560 3740 0⁰
599 3694 686 3739 42‘
727 3695 821 3757 m,
872 3690 1009 3739 limbi
1046 3690 1149 3740 bor.
1199 3690 1283 3741 lat.
1329 3695 1485 3740 visam
1529 3688 1582 3739 10
1621 3691 1670 3738 9‘
1715 3690 1841 3749 bor.,
1892 3704 1999 3738 cum
2052 3696 2180 3738 esset
2230 3689 2373 3741 stella
2420 3692 2469 3738 in

230 3763 288 3815 0⁰
325 3767 412 3815 46‘
454 3766 544 3831 m,
597 3765 875 3828 habeatque
927 3762 1072 3812 hodie
1121 3762 1206 3811 lat.
1246 3764 1349 3813 bor.
1394 3767 1437 3812 1.
1481 3765 1527 3813 5.
1603 3763 1742 3811 Luna
1787 3764 1932 3825 igitur
1980 3764 2198 3826 margine
2236 3775 2325 3812 suo
2375 3764 2469 3813 bo-

227 3838 347 3889 reali
382 3853 557 3904 parum
595 3840 645 3886 in
684 3844 840 3887 ortum
878 3839 1005 3888 flexo
1043 3836 1406 3901 comprehendit
1449 3836 1500 3887 id
1537 3841 1767 3902 punctum
1803 3835 2105 3899 latitudinis,
2159 3836 2290 3901 quod
2327 3836 2468 3888 stella
