2554 4140
246 156 347 204 628
533 170 535 173 ·
972 165 975 168 ,
1054 142 1130 186 2De
1161 140 1346 186 Tabulis
1376 141 1678 198 Rudolphinis

249 300 365 362 quia
403 298 700 357 compertum
738 291 870 352 mihi,
914 291 1022 352 quis
1061 288 1178 352 quid
1218 294 1334 351 agat
1373 288 1435 337 ad
1473 294 1521 337 te
1548 289 1775 353 Tubinga
1814 289 2209 351 abstrahendum,
2250 291 2382 353 cogit
2426 305 2503 338 me

247 370 450 418 materia
488 373 680 414 tuarum
718 364 963 427 literarum
1002 362 1322 425 respondere,
1363 368 1412 410 et
1446 364 1745 423 percontari,
1787 363 1904 426 quid
1945 365 1992 410 in
2029 370 2076 412 te
2114 365 2218 427 spei
2256 365 2334 412 sit.
2399 362 2505 411 Ob-

246 441 400 490 tulisti
441 454 497 501 pn.
537 445 673 486 tuam
726 451 922 501 operam
970 436 1018 481 in
1066 435 1362 497 sculpturam
1412 448 1619 497 mappae
1670 436 1974 485 universalis.
2053 437 2112 484 Et
2165 450 2255 498 ego
2310 436 2506 499 quidem

243 513 370 562 addo
395 510 599 560 Tabulis
638 509 850 558 indicem
878 510 1131 571 copiosum
1155 507 1371 555 locorum
1412 505 1474 573 ad
1513 504 1632 567 600,
1672 518 1896 572 mappam
1927 523 2040 558 vero
2080 508 2321 556 destinavi
2353 509 2506 556 solius

248 586 577 647 navigationis
613 583 795 643 usibuS,
838 596 995 644 eoque
1032 595 1130 628 non
1166 581 1341 642 putavi
1379 580 1615 644 aptiorem
1655 593 1799 643 posse
1838 595 1944 629 esse
1981 581 2199 644 figuram,
2239 595 2384 643 quam
2423 581 2508 628 illa

246 665 319 707 est
357 659 561 706 bisectio
600 658 648 702 in
690 655 812 703 duos
847 654 1006 703 discos
1046 652 1317 712 circulareS,
1357 659 1411 700 ut
1449 653 1531 714 qui
1559 653 2150 716 minimum'distorquent
2183 654 2378 717 figuras,
2444 654 2510 702 At

250 738 302 779 tu
355 731 509 779 vincis
559 731 730 777 ceteris
784 729 1007 776 omnibus
1054 725 1342 773 rationibus.
1418 725 1527 772 Non
1579 731 1738 772 tamen
1790 725 2053 788 persuades
2107 727 2165 775 de
2218 729 2360 776 unico
2402 727 2507 774 solo

245 800 619 866 hemisphaerio.
697 801 879 865 Accipe
917 802 1080 862 igitur,
1122 797 1240 861 quid
1277 797 1371 845 bac
1409 803 1551 845 nocte
1592 796 1836 857 inciderit,
1879 813 1976 860 qua
2014 792 2168 862 figura
2206 806 2325 864 puto
2363 814 2508 862 prae-
2542 803 2543 806 ’

245 879 363 925 stari
412 890 558 936 usus,
613 889 736 938 quos
784 878 836 921 tu
890 873 1098 935 quaeris,
1175 869 1383 918 Schema
1435 872 1661 933 quamvis
1706 869 2018 918 rudissimum
2070 871 2297 935 loquetur
2335 876 2508 937 ipsum.

245 949 416 998 Habes
468 963 567 996 una
617 955 664 996 et
714 947 988 995 mensuram
1036 944 1214 1007 papyri
1261 958 1430 1007 meae,
1487 942 1610 992 liber
1668 944 1757 990 erit
1810 944 1859 989 in
1915 943 2049 993 folio,
2125 945 2354 995 Rescribe
2394 945 2511 1009 quid

215 1078 216 1081 Ἴ
247 1022 473 1072 videatur
510 1027 558 1069 et
598 1025 810 1083 quantus
849 1024 1038 1066 sumtus
1076 1022 1176 1064 tam
1216 1018 1350 1080 cupri
1391 1030 1536 1079 quem
1574 1015 1866 1080 sculpturae.

397 1090 477 1143 De
514 1093 650 1142 libris
689 1090 1178 1140 Francofurtensibus
1216 1094 1345 1138 recte
1385 1090 1561 1149 omnia.
1637 1089 1903 1137 Pecuniam
1941 1090 1982 1137 si
2020 1088 2189 1150 habeS‚
2227 1090 2422 1139 habeto,

399 1166 577 1214 Filium
626 1180 787 1214 meum
826 1179 944 1227 urge
992 1163 1055 1211 ad
1107 1162 1274 1211 crebro
1323 1162 1439 1210 mihi
1490 1161 1810 1211 scribendum.
1886 1161 2196 1226 Paupertatis
2235 1164 2513 1226 opinionem

249 1242 343 1304 ipsi
384 1236 905 1289 saluberrimamdedi
945 1250 1030 1299 pro
1070 1236 1250 1283 viatico
1288 1236 1563 1293 revertenti.
1642 1234 1863 1282 Calcaria
1903 1250 2012 1283 mea
2051 1235 2253 1284 abstulit
2304 1250 2393 1284 nec
2431 1250 2512 1284 re-

245 1315 406 1374 mittit,
436 1327 526 1360 nec
550 1312 775 1361 rescribit
802 1310 860 1358 de
890 1309 1159 1358 commissis
1187 1308 1461 1370 negotioliS.
1506 1307 1645 1368 Vale,
1686 1308 1916 1356 brevitati
1944 1309 2157 1370 ignosce.
2199 1308 2362 1357 Vexat
2386 1308 2514 1356 hanc

250 1382 446 1435 manum
473 1384 612 1432 ulcus
653 1383 897 1443 subalare,
937 1397 1032 1430 non
1060 1381 1111 1429 id
1151 1396 1209 1429 ex
1236 1380 1430 1430 officina
1469 1387 1633 1430 vestra
1656 1380 2010 1444 periculosum,
2056 1382 2198 1444 absit,
2237 1381 2324 1432 sed
2351 1387 2512 1430 tamen

246 1460 400 1520 ulcus,
443 1456 573 1520 quod
612 1463 773 1508 tamen
809 1457 913 1518 jam
955 1454 1230 1518 depuratur.

397 1526 574 1598 13s23.
614 1528 729 1578 Jan.
778 1530 932 1577 1627.
1008 1526 1182 1576 Ulmae
1221 1521 1290 1577 im
1325 1520 1619 1593 ffbolgdssliu
1656 1521 1793 1594 heum
1823 1519 2165 1594 §suammet-11
2205 1527 2263 1576 D.
2294 1527 2511 1576 Horatio.

1161 1598 1290 1650 Clar.
1331 1598 1693 1648 Dominationis
1732 1598 1870 1648 Tuae

231 1734 238 1743 „
1834 1671 2037 1721 Amicus
2076 1672 2131 1722 J.
2174 1671 2378 1737 Kepler.

222 1746 231 1750 “
318 1747 610 1807 Schaeffem,
651 1745 911 1811 Flaydero,
951 1747 1120 1795 amicis
1161 1746 1334 1794 ceteris
1373 1743 1595 1792 salutem.
2226 1746 2234 1753 '

395 1830 671 1888 „Mappam“
704 1843 839 1886 quam
871 1829 978 1875 dicit
1009 1828 1251 1886 Keplerus,
1285 1828 1522 1884 subjunxit
1542 1826 1728 1872 Tabulis
1751 1827 2055 1884 Rudolphinis
2081 1842 2269 1885 eamque
2301 1834 2351 1873 ut
2384 1828 2515 1874 nimis

247 1903 478 1943 extensam
519 1911 602 1943 nec
645 1897 781 1942 ullius
811 1897 918 1941 huic
949 1904 1131 1959 nostrae
1170 1897 1306 1941 aetati
1338 1909 1446 1940 usus
1481 1894 1724 1940 omisimus.
1787 1894 2010 1952 Inscripta
2041 1901 2130 1940 est:
2202 1892 2383 1941 Nova
2420 1907 2513 1940 or-

249 1971 344 2019 bis
416 1968 771 2016 Terrarum
838 1967 1201 2015 delineatio
1261 1965 1613 2027 sinyulari
1672 1967 1952 2013 ratione
2014 1964 2512 2014 accommodata

246 2039 606 2091 meridiano
665 2040 1087 2088 Tabularum
1139 2038 1477 2100 Rudolphi
1525 2039 2152 2086 Astronomicarum.
2228 2038 2312 2087 Ex
2356 2053 2512 2099 prae-

250 2117 432 2177 scripto
479 2112 775 2161 Tab.‘Rud.
814 2127 932 2175 pay.
973 2113 1055 2159 33.
1095 2112 1177 2159 34.
1217 2112 1299 2172 35,
1338 2112 1408 2158 36
1445 2117 1491 2158 et
1525 2116 1916 2172 praeceptorum
1950 2110 2064 2170 LX,
2106 2107 2252 2159 LXI.
2285 2125 2409 2172 pay.
2436 2113 2512 2171 41,

245 2190 335 2248 42,
372 2192 578 2249 petente
614 2192 892 2247 typumque
946 2185 1253 2232 emblematis
1291 2186 1535 2231 innuente
1587 2182 1632 2230 J
1641 2198 1853 2231 oanne
1897 2183 2216 2245 Kepplero
2270 2182 2512 2232 Mathe-

247 2261 503 2308 matico
550 2257 898 2318 Caesareo,
938 2259 1103 2305 amico
1129 2257 1423 2317 clarissimo,
1463 2258 1537 2303 ita
1575 2255 1818 2319 disposuit
1854 2270 2048 2318 suaque
2072 2270 2237 2304 manu
2263 2258 2511 2316 exaravit,

248 2331 473 2392 exsculpi
511 2329 725 2393 denique
759 2330 854 2392 fide
891 2332 1091 2392 inteyra
1129 2332 1332 2378 curavit
1372 2329 1732 2390 Philippus
1771 2329 2181 2390 Eekebrecht,
2229 2329 2364 2378 Civis
2404 2329 2456 2376 N
2487 2355 2513 2365 -

248 2405 615 2465 rimberqensis
695 2403 942 2464 Sumptus
986 2403 1203 2466 faciente
1249 2402 1332 2451 Jo.
1377 2401 1632 2464 Kepplero
1676 2403 1884 2465 sculpsit
1931 2401 2297 2465 Norimberyae
2344 2401 2400 2451 J.
2452 2392 2512 2451 Ρ.

264 2476 456 2526 Walch.
521 2477 584 2525 A.
626 2475 772 2523 1630.

420 2544 576 2601 Typus
610 2543 811 2588 Tabulae
843 2544 946 2588 talis
980 2549 1071 2588 est:
1104 2543 1255 2600 aquila
1285 2542 1440 2599 biceps
1475 2529 1664 2600 corpore
1696 2557 1778 2588 suo
1810 2536 2006 2589 sustinet
2035 2543 2359 2600 planiglobium
2392 2544 2512 2590 orbis
2552 2542 2554 2603 j

245 2611 431 2667 antiqui,
465 2610 615 2668 capita
647 2610 823 2666 aquilae
843 2610 889 2653 in
920 2609 1082 2654 rostris
1104 2615 1261 2654 tenent
1282 2609 1467 2666 clipeos,
1502 2610 1679 2654 coronis
1697 2609 1863 2653 laureis
1885 2609 2186 2655 circumdatos
2218 2611 2334 2662 (sine
2365 2611 2514 2668 dubio,
2547 2627 2554 2655 τ

246 2682 368 2720 certe
398 2676 445 2719 in
475 2675 530 2720 iis
563 2674 898 2731 exemplaribus
924 2687 1040 2730 quae
1072 2687 1154 2719 nos
1177 2675 1468 2730 inspeximus,
1500 2679 1607 2729 post
1628 2687 1796 2717 annum
1826 2674 1959 2718 titulo
1981 2674 2259 2732 adscriptum
2289 2684 2513 2735 exaratos,
2548 2715 2550 2743 s

245 2754 348 2784 cum
385 2746 480 2784 tum
518 2741 735 2796 temporis
768 2753 858 2784 non
889 2741 1175 2797 LeopoIdus,
1218 2740 1297 2784 sed
1328 2739 1646 2784 Ferdinandus
1676 2740 1930 2796 Imperator
1968 2740 2139 2796 fuerit),
2181 2755 2370 2798 quorum
2401 2744 2517 2788 alter
2546 2748 2554 2798 l

247 2807 467 2863 (sinister)
497 2806 740 2861 inscriptus
774 2811 867 2850 est:
910 2806 1212 2862 Leopoldo
1242 2805 1630 2850 Romanorum
1668 2805 2028 2862 Imperatori
2067 2806 2116 2858 S.
2146 2808 2203 2852 A.
2235 2809 2516 2855 devotissime
2544 2806 2548 2859 ἑ

245 2872 450 2927 D.D.D.,
483 2871 598 2915 alter
629 2870 700 2921 (ad
733 2870 977 2926 dextram):
1011 2871 1091 2914 Me
1113 2884 1321 2926 pressam
1350 2871 1546 2915 tenebris
1574 2875 1757 2915 revocat
1786 2871 1862 2915 Le
1876 2873 2122 2928 opoldus
2150 2876 2201 2919 in
2233 2889 2386 2920 auras.
2427 2865 2546 2923 Re-*l

244 2936 416 2992 liquum
446 2935 770 2992 planiglobium
801 2935 847 2979 in
878 2935 993 2981 duos
1026 2935 1236 2980 semisses
1270 2936 1517 2980 dissectum
1546 2935 1674 2991 prius
1705 2936 1850 2992 tangit
1891 2937 1948 2981 ad
1993 2938 2175 2984 dextras
2205 2946 2262 2994 ,et
2293 2940 2511 2998 sinistras,

247 3002 446 3058 reliquas
486 3001 647 3046 muudi¹
681 3008 835 3056 partes
875 3001 1112 3046 exhibenS.
1171 3000 1450 3045 Meridianiis
1489 3002 1661 3057 primus
1703 3001 1867 3046 transit
1901 3002 2096 3048 insulam
2125 3005 2376 3049 Huennam.
2438 3004 2514 3049 Se—

245 3067 384 3122 missi,
418 3078 533 3122 quae
562 3073 875 3122 repraesentat
905 3066 1306 3123 septentrionalem
1333 3072 1510 3123 partem
1539 3067 1790 3126 Americae,
1821 3068 1936 3115 haec
1966 3069 2194 3126 adscripta
2226 3076 2351 3116 sunt:

392 3127 556 3177 Usus
595 3129 777 3191 hujus
817 3130 1080 3179 chartae
1118 3132 1439 3178 nauticae.
1517 3130 1569 3179 Si
1609 3131 1670 3180 ad
1713 3138 1890 3180 certam
1927 3133 2097 3194 boram
2131 3135 2340 3181 innotuit
2375 3133 2531 3182 locus.

251 3200 420 3250 Lunae
460 3215 517 3250 ex
573 3202 914 3252 observatione
967 3202 1310 3267 applicationis
1359 3205 1633 3264 marginum
1689 3205 1795 3267 ejus
1835 3204 1897 3252 ad
1936 3206 2150 3268 aliquam
2190 3200 2382 3255 stellam
2419 3219 2513 3254 no-

250 3278 377 3333 tam,
429 3281 513 3322 aut
552 3274 623 3321 ad·
655 3278 983 3324 extremitates
1014 3275 1152 3324 'Solis
1192 3276 1270 3324 vcl
1311 3277 1506 3324 umbrae
1546 3276 1750 3338 Terrae,
1803 3279 1942 3340 isque
1980 3278 2118 3327 locus
2157 3295 2242 3343 per
2280 3281 2511 3328 remotio-

251 3359 361 3392 nem
412 3346 733 3407 parallaxium
787 3349 919 3397 illius
965 3348 1115 3397 horae
1168 3349 1275 3410 (ubi
1324 3363 1447 3411 opus
1498 3349 1590 3413 est)
1644 3364 1702 3397 ex
1751 3351 1857 3398 viso
1907 3354 1955 3398 in
2003 3366 2182 3400 verum*
2212 3352 2354 3401 suerit
2393 3366 2512 3401 con-

251 3431 449 3478 versuS,
503 3427 806 3481 computetur
856 3436 915 3470 ex
951 3421 1075 3472 Tab.
1115 3421 1394 3484 Rudolphi,
1448 3437 1546 3485 qua
1594 3421 1714 3471 hora
1757 3421 2130 3488 Uraniburgica*
2159 3425 2319 3474 locum
2368 3425 2507 3474 illum

251 3504 422 3538 verum
461 3495 770 3552 occupaverit
797 3495 962 3543 Luna:
1003 3501 1118 3542 tunc
1157 3496 1199 3542 si
1239 3497 1492 3558 pauciores
1531 3495 1680 3543 horae
1720 3501 1767 3542 et
1805 3496 1992 3546 minuta
2029 3498 2226 3547 fuerunt
2251 3500 2300 3546 in
2341 3500 2511 3548 obser-

251 3564 468 3621 vatione,
510 3561 778 3614 differentia
818 3570 1041 3630 quaesita
1080 3569 1203 3614 inter
1241 3567 1385 3615 horas
1424 3566 1777 3628 subtrahendas
1818 3568 2028 3631 chartae,
2068 3573 2142 3619 sin
2169 3571 2350 3637 plureS,
2389 3575 2511 3620 inter

253 3634 518 3695 addendae,
561 3634 754 3698 deteget
791 3640 1110 3689 meridianum
1147 3639 1266 3700 loci,
1308 3641 1398 3688 sub
1438 3655 1535 3704 quo
1575 3646 1794 3690 versatur
1832 3641 2139 3705 observator,
2179 3659 2269 3693 seu
2306 3659 2510 3709 respon-

252 3708 364 3756 deat
399 3709 587 3771 pictura
623 3707 832 3771 litorum,
873 3714 977 3762 sive
1011 3712 1276 3775 discrepet;
1316 3728 1430 3761 nam
1469 3728 1526 3762 ea
1563 3714 1657 3761 hoc
1693 3711 1838 3760 modo
1880 3718 2051 3778 corrigi
2078 3716 2275 3765 tandem
2311 3716 2504 3780 poterit.

250 3780 479 3828 Vicissim
517 3782 558 3828 si
587 3787 879 3843 ‚computata
917 3790 989 3832 est
1027 3800 1086 3832 ex
1113 3785 1236 3834 Tab.
1262 3785 1514 3848 Rudolphi
1552 3786 1672 3834 hora
1697 3782 2051 3850 Uraniburgica
2090 3789 2283 3853 eclipsis
2320 3790 2506 3851 Lunae,

254 3855 330 3901 vel
371 3854 606 3916 cujusque
653 3853 748 3902 loci
787 3853 953 3903 Lunae
1000 3859 1124 3917 veri,
1173 3872 1231 3906 ea
1278 3858 1523 3907 reducitur
1572 3858 1636 3908 ad
1672 3856 1784 3908 loca
1819 3858 2007 3923 reliqua
2054 3862 2383 3913 subtrahendo
2424 3861 2504 3912 vel
