2554 4140
240 133 342 183 388
1067 127 1301 185 Epitomes
1331 126 1646 172 Astronorniae

242 292 352 327 nem
390 282 550 325 motus
587 275 734 326 medii
771 276 822 322 in
861 276 1111 326 contrariis
1145 275 1332 339 periodi
1370 276 1643 335 momentis,
1684 273 1892 338 denique
1932 288 2020 340 pro
2058 274 2267 338 simplici
2304 277 2485 340 prima-

237 353 415 399 riorum
454 348 755 411 digressione
793 346 854 397 ad
893 347 1046 398 latera
1085 352 1232 398 etiam
1271 347 1529 410 duplicem.
1639 396 1652 401 x

389 423 557 485 Quam
607 436 816 471 causam
866 421 1013 470 habet
1060 421 1243 470 Lunae
1292 422 1629 469 eccentricitas
1677 434 1800 469 suae
1855 420 2192 483 quantitates?
2252 419 2309 468 In
2355 419 2487 468 Har-

239 496 438 543 monicis
491 493 793 555 demonstro,
848 497 1133 543 varietatem
1181 499 1399 542 motuum
1446 493 1615 542 Lunae
1665 491 1983 542 determinare
2038 494 2256 556 praecise
2305 491 2489 543 diates-

236 580 402 629 saron,
463 566 595 629 quod
642 566 927 617 affinitatem
973 567 1151 617 habere
1200 566 1391 615 videtur
1443 581 1551 615 cum
1601 564 1796 628 quadris
1847 573 1895 616 et
1948 564 2135 628 copulis
2184 565 2382 626 Lunae3
2438 572 2491 614 ut

237 641 382 702 igitur
432 639 525 688 hoc
574 640 881 690 intervallum
930 640 1280 703 repraesentari
1330 646 1496 702 posset
1547 640 1816 702 composito
1863 645 2023 701 motu,
2077 644 2214 718 tanta
2251 644 2325 688 est
2361 638 2491 688 facta

238 713 584 762 eccentricitas.

390 785 662 850 Quodnam
715 786 982 834 discrimen
1027 784 1416 848 deprehenditur
1463 787 1595 833 inter
1641 799 1930 833 communes
1979 784 2094 833 illas
2144 783 2327 832 Lunae
2375 798 2499 833 cum*

236 860 454 922 planetis
490 866 536 907 et
570 861 703 907 inter
741 859 829 907 has
855 858 1039 907 Lunae
1072 860 1312 920 proprias
1346 856 1769 919 inaequalitates?
1810 860 1852 905 1.
1884 845 2308 919 Quemadmodum
2331 862 2490 906 motus

241 931 414 982 Lunae
452 933 579 981 circa
617 932 815 980 Terram
853 933 900 978 in
941 931 1272 993 superioribus
1311 929 1406 978 duo
1446 930 1601 978 veluti
1639 930 1880 979 elementa
1919 930 2137 991 fuerunt,
2189 930 2395 979 alterum
2432 943 2491 978 ex

242 1004 452 1066 Tellure,
494 1003 663 1053 voluta
701 1006 879 1052 circum
910 1018 1072 1063 axem,
1113 1002 1318 1052 alterum
1358 1017 1418 1051 ex
1456 1002 1783 1067 applicatione
1821 1002 2016 1052 luminis
2040 1002 2228 1052 Solaris
2265 1003 2330 1051 ad
2366 1003 2491 1051 hanc
2551 1005 2554 1008 ’

242 1076 452 1127 Telluris
490 1078 700 1141 speciem
738 1079 1002 1138 motricem‚
1043 1090 1249 1139 quorum
1286 1075 1409 1124 illud
1447 1076 1655 1124 liberum
1693 1082 1798 1124 erat
1834 1090 1865 1124 a
1902 1076 2071 1126 Lunae
2109 1075 2360 1139 phasibus,
2399 1075 2492 1125 hoc

239 1149 496 1214 alligatum
542 1149 606 1198 ad
653 1149 861 1213 phasee:
917 1151 988 1199 sic
1035 1163 1163 1198 nunc
1214 1150 1360 1199 etiam
1401 1148 1603 1198 duarum
1643 1149 2078 1214 inaequalitatum,
2127 1150 2260 1212 prior
2297 1147 2492 1211 quidem

239 1222 324 1271 illa
372 1225 540 1286 prioris
595 1222 820 1271 elementi
867 1236 954 1272 seu
976 1224 1163 1271 motus
1213 1221 1358 1271 medii
1407 1221 1652 1282 accidenS,
1705 1228 1862 1274 metas
1908 1237 2021 1272 suas
2060 1223 2277 1287 proprias
2315 1221 2493 1271 habere

241 1294 642 1360 deprehenditur,
683 1309 806 1358 quas
844 1309 1117 1360 apogaeum
1156 1295 1327 1344 Lunae
1365 1294 1609 1355 dicemns3
1649 1294 1798 1343 habet
1835 1302 1883 1344 et
1921 1297 2074 1360 prima
2111 1295 2264 1343 forma
2303 1293 2490 1357 digres·
2542 1336 2547 1342 .

239 1369 390 1417 sionis
433 1368 496 1417 ad
535 1367 688 1417 latera
727 1383 841 1416 suas
880 1383 1062 1430 easque
1102 1367 1355 1417 distinctas
1395 1367 1457 1416 ab
1496 1369 1705 1432 apogaei
1742 1370 1899 1430 metis,
1940 1367 2062 1432 qu'as
2099 1367 2279 1416 limites
2318 1374 2365 1417 et
2402 1381 2494 1416 no-

235 1439 324 1489 dos
367 1439 676 1505 appellitant,
733 1443 972 1505 posterior
1014 1455 1129 1490 vero
1180 1439 1508 1503 inaequalitas
1561 1442 1843 1504 posterioris
1895 1441 2148 1502 elementi,
2203 1454 2290 1490 seu
2342 1454 2493 1505 copu—

234 1512 348 1562 laris
400 1516 695 1563 incitationis
733 1513 984 1574 accidens,
1041 1513 1325 1563 Ptolemaeo
1364 1520 1573 1563 annutus
1614 1513 1818 1578 epicycli
1858 1513 2012 1573 dicta,
2066 1519 2345 1563 communes
2385 1526 2492 1563 cum
2547 1521 2554 1534 ·

234 1599 398 1635 mense
437 1587 618 1636 Lunari
666 1587 999 1651 phasibusque
1046 1593 1200 1636 metas
1239 1587 1413 1649 habet,
1462 1592 1516 1635 ut
1554 1591 1602 1635 et
1639 1586 1854 1637 secunda
1890 1587 2046 1637 forma
2083 1587 2398 1651 digressionis
2434 1584 2495 1636 ad
2548 1589 2554 1598 ¹

231 1658 406 1709 latera.

381 1734 428 1780 2.
489 1733 630 1781 Prior.
674 1731 785 1793 illa,
839 1739 938 1782 tam
984 1731 1303 1795 longitudinis
1357 1747 1504 1795 quam
1552 1731 1850 1794 latitudinis,
1899 1747 2089 1798 semper
2141 1739 2369 1783 constans
2424 1737 2496 1781 est

233 1820 319 1869 per
368 1819 535 1854 omnes
561 1805 838 1870 ,‚period08,
892 1807 1178 1869 quantitatis
1231 1820 1297 1855 sc.
1350 1811 1583 1870 perpetuo
1634 1804 1878 1868 ejusdem3
1931 1808 2253 1871 posteriorum
2291 1811 2494 1868 utraque

234 1881 283 1927 in
320 1893 416 1927 uno
468 1885 654 1928 tantum
702 1878 1087 1942 uniuscujusque
1125 1879 1380 1933 semestris
1407 1893 1573 1927 mense
1619 1877 1673 1926 fit
1708 1880 1947 1939 maxima,
2001 1881 2048 1928 in
2087 1879 2287 1942 reliquis
2324 1879 2493 1939 minor,

235 1953 282 1998 in
323 1952 637 2014 quibusdam,
691 1953 775 2015 qui
813 1966 994 2001 annum
1032 1948 1082 1999 in
1121 1951 1243 2000 duas
1282 1957 1443 2015 partes
1484 1951 1740 2014 dirimunt,
1777 1966 1900 2016 pene
1939 1951 2096 2013 nulla,
2147 1953 2368 2000 nimirum
2411 1949 2492 2000 ubi
2540 1984 2543 1985 γ

236 2025 514 2075 affectiones
565 2027 819 2090 oppositae
867 2024 1014 2087 huJus
1053 2024 1297 2074 secundae
1338 2023 1705 2074 accelerationis
1744 2033 1792 2074 et
1831 2025 2195 2086 retardationis,
2248 2027 2364 2073 item
2400 2025 2493 2073 bo-

233 2097 379 2146 realis
428 2105 476 2148 et
520 2098 747 2148 australis
783 2097 1080 2159 latitudinis,
1133 2099 1371 2162 incipiunt
1422 2099 1628 2162 migrare
1677 2099 1725 2144 in
1763 2100 1991 2148 semisses
2030 2098 2336 2148 lunationum
2375 2109 2493 2147 con-

235 2171 426 2221 trarios.

379 2245 428 2292 3.
466 2242 640 2305 Itaque
679 2245 864 2307 priores
904 2243 1019 2293 illae
1059 2241 1436 2306 inaequalitates
1475 2250 1525 2291 et
1558 2244 1882 2306 quantitatem
1907 2250 1954 2293 et
1981 2243 2334 2293 distributionis
2360 2242 2494 2307 leges

237 2330 266 2363 a
313 2318 414 2365 suis
467 2318 672 2380 propriis
719 2318 880 2365 causis
931 2317 1141 2377 habent,
1193 2316 1437 2366 secundae
1483 2330 1599 2365 vero
1647 2331 1762 2365 suas
1813 2318 2057 2381 accipiunt
2108 2317 2406 2380 quantitates
2445 2322 2518 2386 et·

237 2389 518 2442 affectiones
557 2404 588 2437 a
624 2391 900 2453 praesentia
937 2391 1201 2454 primarum
1240 2389 1287 2436 in
1328 2388 1649 2452 unoquolibet
1688 2389 1955 2439 lunationis
1991 2389 2325 2452 semicircu103
2364 2389 2492 2439 solas
2531 2421 2533 2426 .

238 2461 592 2511 distributionis
643 2462 779 2525 leges
826 2469 1079 2526 separatas
1121 2462 1281 2526 adque
1322 2463 1627 2511 lunationum
1668 2464 1895 2512 circuitus
1932 2462 2324 2513 accommodatas
2361 2464 2496 2528 priod

236 2535 371 2584 ribus
415 2542 577 2584 tamen
612 2535 797 2584 similes
834 2535 1033 2585 habent.

382 2610 429 2656 4.
472 2610 746 2671 Cognatum
784 2614 832 2657 et
869 2608 962 2658 hoc
1002 2615 1098 2670 est,
1153 2608 1284 2672 quod
1327 2595 1732 2672 deprehendimus
1772 2610 1821 2656 in
1861 2608 2004 2660 Luna
2040 2614 2225 2658 motum
2264 2607 2494 2672 apsidum

237 2681 284 2726 in
326 2683 675 2744 consequentia
723 2682 1028 2745 limitumque
1076 2684 1125 2730 in
1170 2681 1508 2731 antecedentia
1557 2681 1709 2731 multo
1755 2681 2034 2731 celeriorem
2085 2696 2230 2746 quam
2283 2683 2332 2729 in
2388 2682 2497 2760 pri-

237 2756 429 2816 mariiS,
484 2769 581 2803 non
617 2760 805 2802 tantum
847 2756 894 2801 in
934 2757 1245 2819 proportione
1285 2754 1529 2804 celerioris
1567 2754 1751 2804 reditus
1790 2754 1984 2817 Lunae,
2027 2754 2113 2805 sed
2150 2755 2296 2820 plane
2337 2745 2514 2804 sens&

234 2825 420 2888 biliter,
462 2834 511 2877 et
546 2827 754 2876 limitum
795 2827 991 2891 quidem
1030 2830 1431 2878 retrocessionem
1470 2828 1680 2892 amplius
1719 2842 1864 2891 quam
1906 2827 2054 2893 duplo
2092 2827 2352 2877 tardiorem
2380 2828 2493 2893 profi*

234 2913 402 2960 gressu
447 2900 687 2965 apsidum.
2488 2919 2513 2924 ‘⁴

379 2973 537 3022 Luna
573 2989 680 3023 non
718 2975 944 3022 cernitur
983 2975 1192 3024 alternis
1228 2990 1370 3024 nunc
1406 2975 1539 3023 hanc
1575 2989 1717 3023 nunc
1740 2976 2022 3038 oppositam
2048 2976 2273 3037 corporis
2294 2971 2490 3037 partem

235 3043 306 3091 ad
352 3045 563 3094 Terram
613 3053 923 3096 convertere.-
971 3062 1166 3111 semper
1212 3051 1347 3096 enim
1385 3047 1582 3096 casdem
1617 3048 1768 3111 faciei
1807 3046 1992 3096 Lunae
2027 3047 2259 3095 maculas
2295 3047 2510 3110 συνωρίδ-

236 3118 411 3166 cimus.
495 3119 666 3182 Quare
712 3120 829 3169 hinc
873 3136 981 3169 non
1015 3127 1255 3184 poterunt
1288 3124 1392 3184 peti
1428 3135 1612 3170 causac
1649 3135 1869 3170 accessus
1905 3127 1951 3168 et
1987 3134 2202 3169 recessus
2241 3119 2422 3168 Lunae
2456 3116 2489 3170 d

245 3187 440 3239 Terra?
484 3195 526 3241 1.
565 3193 674 3241 Non
714 3199 786 3242 est
827 3207 1039 3253 necesse,
1078 3201 1132 3243 nt
1170 3195 1318 3243 fibrae
1356 3195 1658 3257 magneticae
1685 3194 1902 3243 Lunares
1941 3195 1988 3240 in
2029 3193 2219 3241 duobus
2258 3191 2490 3257 oppositi!
2550 3205 2554 3236 ι

235 3262 424 3324 periodi
475 3266 773 3328 temporibus
824 3274 958 3315 recta
1005 3266 1272 3330 dirigantur
1319 3282 1489 3316 versus
1529 3266 1752 3316 Terram:
1803 3265 1983 3315 sufficit
2028 3271 2081 3314 ut
2134 3267 2193 3314 iis
2234 3255 2554 3314 momentffl

234 3334 408 3382 saltem
465 3337 722 3388 inclinatae
775 3341 871 3387 sint
919 3340 1117 3388 alternis
1165 3340 1326 3404 plagis
1377 3354 1545 3389 versus
1583 3339 1780 3389 Terram
1834 3340 1973 3402 isque
2020 3338 2170 3388 fibrae
2216 3339 2338 3387 situs
2386 3334 2491 3386 tot&
2546 3333 2554 3373 ⁸

234 3405 405 3454 Lunae
457 3405 657 3458 circuitu
706 3419 901 3461 maneat
939 3413 1216 3476 parallelus.
1294 3413 1419 3462 Nam
1458 3415 1607 3462 etiam
1645 3415 1714 3462 sic
1752 3413 1854 3462 fieri
1893 3417 2081 3475 potest,
2137 3416 2191 3460 ut
2228 3425 2357 3460 nunc
2392 3411 2485 3459 uni
2542 3396 2552 3492 ἓ

182 3477 187 3481 ’
231 3478 380 3527 fibrae
420 3478 565 3542 plaga
603 3486 799 3547 propius
839 3485 900 3533 ad
943 3484 1142 3535 Terram
1180 3493 1380 3546 annuat,
1420 3500 1549 3534 nunc
1588 3487 1828 3550 opposita.
1903 3484 2041 3534 Haec
2083 3498 2199 3534 vero
2237 3482 2484 3532 inclinatio
2540 3501 2550 3560 Ι

231 3552 272 3598 si
311 3566 461 3614 parva
498 3555 574 3612 sit,
612 3555 711 3615 J'am
752 3559 886 3605 visus
924 3565 1087 3607 noster
1123 3573 1221 3607 non
1261 3565 1334 3608 est
1372 3566 1470 3607 tam
1510 3564 1792 3617 accuratus,
1833 3563 1886 3606 ut
1924 3559 1972 3604 in
2013 3557 2149 3606 disco
2188 3556 2359 3606 Lunae
2397 3561 2483 3604 exi-

231 3626 476 3674 actissime
502 3628 657 3690 possit
682 3628 954 3689 observare,
995 3645 1309 3694 nunquamne
1335 3633 1383 3679 in
1412 3632 1715 3694 marginibus
1738 3630 1872 3693 globi
1903 3630 2126 3691 Lunaris,
2157 3632 2239 3693 qui
2267 3630 2484 3694 spectant
2536 3658 2554 3700 Ι,

231 3711 400 3746 versus
437 3696 575 3760 polos
612 3698 878 3762 eclipticas,
919 3705 1186 3764 particulae
1213 3705 1409 3767 aliquae
1437 3706 1653 3753 minutae
1679 3717 1786 3752 sese
1814 3702 2183 3768 conspiciendas
2210 3702 2480 3760 exhibeant,
2539 3726 2542 3735 ·

234 3784 360 3831 quae
379 3758 494 3819 alio
533 3777 748 3835 tempore
787 3786 884 3820 non
917 3774 1186 3827 videantur
1232 3777 1376 3828 Nam
1416 3783 1464 3826 et
1505 3777 1721 3826 devexae
1762 3783 1875 3826 sunt
1914 3776 2028 3826 illae
2066 3782 2229 3840 partes
2267 3774 2399 3838 globi
2437 3775 2482 3819 et
2533 3782 2541 3847 ζ
