2554 4140
203 151 304 202 622
1007 152 1076 196 De
1107 150 1292 197 Tabulis
1323 152 1624 210 Rudolphinis

199 310 362 345 causa.
436 297 634 344 Interim
673 310 796 345 uxor
832 305 880 346 et
917 298 1055 346 liberi
1104 299 1305 348 haerent
1342 299 1668 365 Ratisbonae3
1715 305 1904 354 interim
1953 306 2088 354 venit
2123 304 2295 357 hiems,
2365 306 2446 355 Ita

199 382 364 421 omnes
402 382 512 431 spes
549 371 598 415 in
636 369 822 418 futuras
861 370 1102 420 nundinas
1137 372 1372 420 recidunt.

339 455 526 505 Munda
562 471 751 521 papyro
804 458 1049 522 exemplar
1096 459 1413 508 Francofurto
1463 458 1679 509 nondum
1731 464 1920 512 mittere
1970 478 2199 528 possum3
2255 465 2442 511 mittam

196 525 354 576 Ulma.
430 527 506 577 De
546 528 711 578 Gallia
747 531 994 580 imitatura
1030 537 1201 596 typum
1241 531 1535 593 confidenter
1559 534 1816 595 minantur,
1854 537 2019 599 itaque
2048 536 2319 586 consultum
2356 543 2446 597 est,

198 606 478 663 exspectare
517 608 776 664 sequentes
813 603 1052 654 nundinas
1081 605 1367 666 interimque
1407 599 1588 667 curare,
1629 612 1682 654 ut
1707 611 1822 654 tunc
1857 606 2018 668 justus
2058 609 2237 672 aliquis
2265 623 2446 661 nume-

195 687 275 721 rus
315 673 459 722 simul
497 674 792 724 extrudatur.
867 675 921 725 Si
958 683 1119 726 tamen
1158 678 1350 725 interim
1386 671 1610 740 pete‘ntur
1648 680 1944 742 exemplaria
1979 684 2028 728 in
2065 681 2175 730 loca
2211 697 2307 733 non
2335 696 2446 730 sus-

193 751 350 809 pecta,
391 745 536 795 modo
577 746 636 796 de
676 762 734 797 eo
774 755 960 798 constet
998 749 1325 813 Tampachi0‚
1382 752 1601 813 pecuniis
1639 754 2010 815 repraesentatis
2058 756 2247 804 mittere
2279 755 2448 817 jussus

84 808 113 834 ³
195 824 282 868 est.
362 816 549 880 Quodsi
587 820 765 883 aliquis
803 836 1030 871 numerus
1070 837 1099 870 a
1136 825 1310 871 vestris
1348 829 1591 886 peteretur
1615 824 1862 885 studiosiS,
1900 834 2101 887 possent
2125 827 2197 875 illi
2236 828 2447 876 breviori

191 892 274 940 via
312 893 530 957 accipere
558 890 718 942 Ulma.
794 893 986 943 Primae
1023 897 1259 957 pecuniae
1288 910 1454 945 omnes
1493 910 1631 945 meae
1660 903 1773 945 sunt
1807 911 1894 959 pro
1921 899 2160 948 sumtibus
2187 902 2443 963 impensis3

109 1006 113 1010 .
193 964 372 1026 quibus
419 965 592 1014 refusis
642 967 685 1014 si
739 965 856 1038 qnid
909 966 1156 1016 residuum
1202 969 1312 1029 erit,
1360 970 1414 1020 in
1453 971 1679 1018 semisses
1727 968 2090 1060 distribueretur
2126 987 2203 1022 me
2242 975 2364 1022 inter
2399 975 2454 1022 et'

191 1037 490 1110 Braheanos.
812 1063 815 1066 ι

153 1154 155 1156 -
333 1116 472 1175 Haec
497 1125 721 1175 breviter.
762 1126 838 1175 Tu
860 1142 937 1177 me
975 1143 1072 1191 qua
1108 1133 1250 1191 potes
1291 1105 1513 1192 adjuveS‚
1553 1122 1698 1179 etiam
1738 1130 1915 1193 atque‘
1924 1131 2071 1179 etiam
2108 1145 2244 1199 rogo
2301 1132 2441 1184 Vale.

192 1198 495 1250 Francofurti
537 1202 583 1250 2.
624 1197 731 1248 Oct.
771 1197 849 1266 (st.
888 1202 962 1262 n.)
1006 1202 1157 1250 1627.

364 1283 777 1338 Berneggerus
808 1283 1060 1340 Keplero
1090 1285 1137 1329 S.
1167 1285 1216 1329 P.
1249 1285 1304 1329 D.
1365 1285 1535 1342 Accepi
1563 1297 1721 1342 nuper,
1755 1283 1915 1329 eximie
1945 1284 2024 1337 vir,
2057 1285 2445 1334 aBockenhofero

188 1348 435 1408 bibliopola
464 1346 618 1392 literas
639 1355 755 1404 tuas,
787 1349 986 1394 Tabulas
1017 1362 1123 1394 vero
1155 1348 1469 1406 Rudolphinas
1500 1349 1700 1394 nondum
1729 1351 1897 1407 accepi
1930 1357 2200 1407 praeventus
2231 1365 2259 1396 a
2278 1353 2333 1397 D.
2355 1353 2446 1397 Ha-

186 1416 390 1471 brechto,
423 1414 500 1470 qui
530 1426 605 1458 eas
636 1413 820 1459 videndi
849 1414 1094 1472 cupiditate
1127 1413 1386 1460 stimulatus
1419 1414 1614 1458 obtinuit
1641 1417 1700 1460 ab
1729 1418 1888 1462 eodem
1918 1417 2278 1476 Bockenhofero,
2310 1419 2445 1468 affine

188 1495 294 1539 suo,
328 1479 408 1525 sed
437 1478 567 1522 brevi
598 1478 708 1522 mihi
737 1479 1007 1525 reddendas.
1067 1481 1167 1537 Ago
1200 1480 1368 1539 gratias
1401 1481 1606 1536 ingentes
1636 1495 1720 1538 pro
1751 1487 1844 1527 tam
1875 1483 2076 1539 pretioso
2106 1496 2313 1541 munere,
2353 1490 2445 1531 tam

188 1551 451 1605 exspectato
482 1549 550 1588 tot
573 1543 702 1588 annis
734 1559 761 1590 a
791 1546 936 1591 doctis
960 1547 1188 1604 omnibus;
1220 1545 1454 1603 ἀντιδωρον
1485 1547 1667 1603 aliquod
1698 1547 1770 1592 vel
1790 1548 1988 1604 pretium
2011 1554 2132 1592 certe
2162 1548 2265 1594 libri
2293 1552 2446 1597 remis-

187 1627 319 1660 surus
350 1625 486 1668 eram,
517 1610 616 1664 nisi,
649 1611 726 1667 qui
756 1616 862 1656 tuus
894 1613 1052 1668 genius
1084 1618 1168 1671 est,
1199 1614 1246 1658 id
1279 1627 1414 1670 aegre
1444 1619 1490 1658 te
1519 1613 1718 1659 laturum
1758 1615 1968 1672 opinatus
2009 1615 2208 1660 fuissem.
2266 1617 2325 1662 D.
2354 1619 2445 1663 Ha-

182 1679 394 1725 brechtus
424 1677 546 1723 haud
578 1676 713 1721 dubio
745 1676 909 1722 librum
941 1679 1135 1736 emturit,
1170 1692 1439 1737 quamquam
1471 1680 1568 1736 ejus
1601 1679 1859 1736 appellandi
1890 1679 2022 1736 copia
2050 1681 2158 1725 mihi
2190 1681 2328 1726 semel
2359 1683 2440 1728 ite-

185 1759 375 1802 rumque
408 1744 643 1801 quaerenti
674 1743 781 1787 data
810 1743 1009 1788 nondum
1042 1744 1142 1799 fuit,
1173 1746 1238 1790 uti
1268 1744 1356 1791 hoc
1387 1759 1444 1790 ex
1474 1746 1668 1802 ipsomet
1699 1745 1916 1791 audirem.
1980 1746 2232 1802 Suaserim,
2273 1747 2446 1805 aliquot

187 1810 465 1868 exemplaria
501 1809 606 1853 libri
643 1807 788 1865 prima
828 1810 984 1866 quavis
1028 1811 1266 1855 occasione
1296 1810 1386 1856 huc
1416 1810 1594 1867 mittas,
1635 1811 1814 1856 nonnisi
1845 1811 1964 1857 inter
2004 1811 2174 1870 bonos,
2219 1825 2246 1856 a
2283 1814 2445 1868 quibus

186 1876 454 1923 metuendae
496 1888 588 1919 non
629 1874 719 1919 sint
755 1874 1018 1920 imitationis
1057 1877 1269 1934 insidiae,
1311 1874 1644 1934 distribuenda,
1687 1882 1731 1922 et
1772 1892 1910 1923 unum
1941 1877 2122 1935 quidem
2153 1892 2236 1935 pro
2267 1877 2322 1923 D.
2354 1879 2445 1924 Ha-

184 1943 388 1999 brechto,
419 1940 541 1986 aliud
572 1954 655 1997 pro
686 1941 741 1985 D.
773 1941 872 1985 Nic.
903 1941 1092 1998 Agerio‚
1137 1941 1260 1987 aliud
1290 1941 1398 1987 item
1428 1955 1509 1998 pro
1540 1942 1594 1986 D.
1626 1940 1723 1986 Val.
1755 1943 1988 2001 Espichio,
2019 1944 2217 1989 medicis.
2281 1943 2369 1988 Sed
2400 1947 2446 1989 et

184 2007 527 2054 mathematicus
567 2005 824 2051 academiae
867 2013 1074 2056 nostrae.
1117 2007 1268 2051 M.·Is.
1301 2005 1563 2063 Malleolus,
1606 2008 1862 2065 exemplum
1907 2010 2063 2054 charta
2094 2008 2263 2054 munda
2300 2007 2444 2065 petiit,

186 2083 237 2122 ut
266 2089 370 2122 aere
401 2089 483 2120 suo
514 2087 766 2132 procurem,
798 2073 1081 2119 auditoribus
1113 2074 1277 2118 librum
1309 2087 1358 2118 se
1381 2074 1795 2120 commendaturum
1825 2075 2066 2132 pollicitus.
2127 2075 2238 2119 Item
2259 2074 2315 2118 D.
2342 2073 2443 2118 Clu-

185 2141 333 2186 tenius
370 2141 484 2198 petit
522 2141 658 2185 etiam
696 2140 928 2197 exemplar
958 2141 1115 2187 charta
1145 2141 1330 2186 meliore
1361 2155 1443 2198 pro
1474 2142 1644 2186 Illustr.
1676 2143 1885 2199 Principe
1917 2146 2032 2198 suo,
2076 2140 2147 2185 cui
2186 2153 2212 2184 a
2243 2140 2442 2184 consiliis

187 2213 270 2264 est,
294 2208 511 2263 ·August0
542 2209 667 2250 Duce
688 2206 1059 2264 Luneburgensi;
1091 2207 1286 2263 pretium
1318 2206 1375 2251 ad
1405 2206 1596 2264 primum
1627 2205 1732 2251 libri
1763 2212 2056 2264 conspectum
2086 2212 2168 2263 per
2197 2218 2268 2250 me
2289 2205 2443 2250 remis-

186 2287 335 2319 surus.
394 2270 567 2328 Quodsi
595 2270 682 2316 hoc
711 2271 861 2328 ipsum
894 2271 1029 2317 etiam
1062 2272 1291 2328 exemplar
1321 2276 1402 2316 tua
1431 2285 1566 2316 manu
1598 2271 1797 2329 Principi
1839 2272 2102 2318 dedicares?
2148 2271 2202 2315 D.
2235 2271 2440 2327 Lingels-

184 2339 361 2384 hemius
402 2341 453 2393 (a
495 2349 584 2392 quo
625 2334 866 2392 plurimum
906 2337 1045 2395 salve)
1076 2342 1155 2383 tuo
1186 2338 1367 2382 nomine
1398 2336 1553 2382 scribit
1591 2337 1637 2380 in
1668 2337 1879 2394 Galliam,
1922 2351 2005 2394 ego
2037 2335 2174 2385 hodie
2203 2336 2442 2394 Basileam,

185 2405 298 2450 nih'il
325 2402 647 2458 intermissuri,
689 2402 812 2458 quod
843 2402 899 2446 ad
930 2407 996 2457 te,
1040 2415 1172 2458 quem
1205 2404 1262 2448 ob
1294 2401 1563 2446 immortalia
1591 2402 1637 2445 in
1670 2403 1894 2460 rempubl.
1922 2402 2168 2448 literariam
2199 2401 2445 2459 promerita

185 2481 468 2526 summopere
498 2468 707 2524 colimus,
750 2468 1052 2524 adjuvandum
1092 2468 1332 2525 pertineat.
1393 2468 1553 2513 Plures
1592 2481 1714 2512 nnnc
1744 2468 1981 2514 Ulmenses'
2020 2481 2158 2514 causa
2189 2467 2442 2513 studiorum

121 2548 126 2553 ·
184 2535 258 2580 hic
290 2538 450 2592 agunt,
489 2547 680 2591 quorum
708 2539 921 2590 parentes
953 2547 980 2578 a
1008 2540 1185 2578 rectore
1216 2533 1426 2583 indicati,
1468 2547 1495 2578 a
1526 2533 1694 2578 famulo
1726 2534 1904 2589 moniti,
1946 2532 1986 2577 'si
2022 2532 2219 2589 pretium
2247 2532 2438 2577 istorum

184 2599 507 2657 exemplarium
538 2599 774 2654 solverint,
805 2612 962 2645 eorum
992 2599 1074 2644 filii
1104 2600 1258 2644 statim
1287 2598 1362 2644 hic
1398 2612 1426 2643 a
1466 2612 1538 2644 me
1569 2598 1799 2655 recipient.
1867 2599 1984 2644 Nam
2013 2597 2228 2656 pecunias
2266 2598 2313 2642 in
2354 2597 2442 2643 hoc

168 2678 331 2711 rerum
364 2670 486 2711 statu
516 2665 823 2709 transmittere
853 2677 943 2709 non
975 2670 1045 2709 est
1076 2664 1327 2709 consilium.
1389 2664 1515 2709 Vale.
1548 2663 1590 2709 d.
1623 2665 1745 2719 7s17.
1778 2663 1875 2709 Oct.
1909 2664 2033 2712 1627.

326 2756 652 2819 Keplerus
701 2757 1116 2820 Berneggero
1167 2756 1217 2805 S.
1257 2756 1314 2803 P.
1362 2756 1426 2804 D.
1505 2755 1783 2804 clarissime
1832 2755 1932 2815 vir,
1984 2755 2249 2803 amicorum
2297 2768 2441 2819 cory-

186 2829 371 2893 phaeel
414 2829 606 2879 Ulmam
645 2830 782 2879 tarde
821 2829 1085 2879 admodum
1123 2843 1365 2894 reversus,
1403 2827 1481 2876 die
1518 2842 1585 2877 sc.
1616 2829 1699 2877 30.
1729 2833 1789 2876 st.
1818 2843 1882 2888 V„
1921 2832 2032 2876 tuas
2056 2828 2221 2876 inveni
2259 2827 2439 2876 literas.

190 2901 379 2964 Quibus
417 2902 574 2964 lectis,
612 2909 667 2951 ut
703 2903 875 2955 brevis
913 2905 1020 2964 sim,
1061 2901 1348 2951 tradendum
1387 2902 1521 2949 affini
1556 2915 1665 2948 meo
1705 2899 1994 2949 Comerellio
2032 2901 2287 2949 mercatori
2325 2915 2442 2949 cen-

187 2977 263 3022 sui
300 2975 586 3025 fasciculum
630 2977 695 3025 10
725 2972 1087 3039 exemplarium,
1127 2976 1251 3023 inter
1290 2969 1416 3036 quae
1442 2978 1554 3022 sunt
1596 2977 1622 3021 7
1664 2973 1853 3033 viliora,
1893 2974 2028 3021 trinis
2054 2987 2083 3020 a
2110 2974 2440 3022 commissario

189 3046 428 3097 Caesareo
466 3049 662 3098 florenis
701 3050 984 3109 aestimata,
1019 3051 1128 3099 ,tria
1165 3047 1446 3108 mundioris,
1487 3047 1664 3109 quibus
1703 3046 1908 3109 singulis
1946 3045 2184 3094 accedunt
2221 3047 2289 3093 40
2329 3060 2440 3094 cru-

191 3120 337 3168 ciferi.
413 3121 619 3184 Figuras
659 3137 720 3171 ex
758 3136 868 3171 aere
906 3130 1006 3170 non
1042 3121 1201 3170 habeo
1242 3119 1305 3168 ad
1343 3134 1539 3180 manuS,
1582 3119 1852 3182 Noriberga
1890 3119 2174 3167 submittam
2213 3132 2320 3166 cum
2359 3120 2438 3166 in-
2519 3110 2533 3146 ·’

191 3193 534 3254 scriptionibus
585 3210 733 3244 manu
783 3210 916 3254 mea,
972 3208 1094 3258 quas
1143 3199 1247 3242 tute
1285 3192 1404 3241 mihi
1456 3192 1609 3242 literis
1646 3194 2025 3256 praescripseris.
2100 3190 2196 3242 Pro
2238 3197 2439 3240 vectura

187 3263 323 3312 solve
363 3266 494 3327 quod
531 3267 800 3330 legitimum
841 3269 952 3327 erit,
1006 3274 1125 3331 puto
1164 3266 1227 3315 ad
1268 3267 1336 3314 30
1375 3266 1633 3315 cruciferos
1673 3269 1877 3328 petitum
1914 3266 1996 3325 iri,
2048 3263 2196 3326 idque
2236 3262 2437 3314 detrahe

189 3335 247 3384 de
286 3339 481 3400 pretiis3
532 3340 727 3389 residua
764 3347 850 3389 aut
891 3340 1101 3390 adserva
1146 3340 1195 3386 in
1246 3353 1380 3388 meos
1432 3353 1550 3387 usus
1601 3345 1686 3387 aut
1735 3352 1821 3400 per
1858 3339 2098 3386 cambium
2135 3337 2434 3399 Noribergae

184 3416 440 3471 praesenta
463 3409 590 3458 Phil.
618 3413 918 3462 Eckebrecht
955 3414 1213 3462 mercatori
1247 3412 1606 3474 Noribergensi,
1646 3412 1803 3459 amico
1841 3425 1966 3460 meo.
2038 3408 2164 3458 Nam
2202 3409 2436 3458 familiam

186 3481 280 3530 hac
317 3480 475 3530 hieme
500 3482 798 3534 Ratisbonae
835 3486 1073 3548 relinquo,
1115 3485 1228 3533 dum
1265 3499 1341 3533 me
1380 3487 1428 3531 in
1467 3484 1582 3533 aula
1621 3482 1888 3548 expediam,
1929 3485 2008 3531 cui
2045 3482 2248 3531 alendae
2286 3497 2431 3531 num-

184 3555 277 3603 mis
316 3568 438 3619 opus
476 3556 579 3604 erit.
655 3556 815 3606 Statui
852 3559 1034 3607 biennii
1073 3559 1344 3607 absentiam
1383 3558 1446 3606 ab
1495 3556 1610 3605 aula
1646 3561 1833 3620 petere,
1883 3561 1937 3603 ut
1974 3555 2293 3604 Francofurto
2339 3557 2429 3604 sim

183 3627 373 3677 vicinus
411 3625 476 3690 ad
514 3626 726 3676 edendas
765 3630 1130 3681 observationes
1167 3630 1361 3679 Brahei.

331 3713 545 3764 Obsecro
583 3728 644 3764 ne
682 3717 790 3776 quis
830 3720 1240 3783 typographorum
1279 3717 1721 3780 bibliopolarumve
1758 3715 2011 3776 resciscat,
2051 3729 2158 3764 esse
2195 3729 2344 3779 penes
2381 3719 2429 3763 te
2512 3717 2514 3720 ’

185 3783 481 3853 exemplaria
517 3786 727 3836 venalia.
802 3787 924 3836 Nam
964 3795 1012 3838 in
1051 3806 1137 3855 spe
1176 3807 1281 3840 sum
1323 3796 1596 3840 contractus
1636 3803 1743 3837 curn
1782 3787 2095 3849 Tampachio,
2136 3789 2178 3836 si
2214 3789 2256 3836 is
2280 3786 2427 3851 paulo

191 3859 308 3924 quid
345 3862 550 3924 aequius
591 3858 844 3922 obtulerit3
885 3875 1054 3925 eaque,
1094 3879 1219 3926 quae
1258 3869 1370 3913 sunt
1408 3865 1531 3912 inter
1566 3875 1656 3910 nos
1698 3859 1998 3922 consultata,
2036 3874 2123 3925 per
2160 3858 2254 3909 hoc
2291 3865 2443 3925 tuum
