2554 4140
107 105 135 150 7
144 103 212 149 42
885 97 1197 146 consideratio
1228 96 1594 143 observationum

101 246 493 309 Regiomontano
546 249 595 292 et
648 244 935 305 Walther0,
970 236 1077 293 'cur
1124 249 1287 293 motus
1338 242 1574 306 aequales
1625 257 1723 292 non
1773 245 1872 292 sint
1923 241 2149 290 omnibus
2199 238 2380 288 seculis

103 318 364 380 aequales3
405 316 732 381 respondeant
771 317 979 380 denique
1018 317 1371 382 metaphysicis
1410 317 1624 364 universi
1664 317 1931 365 astronomi
1969 328 2078 363 meo
2117 312 2253 374 loco,
2295 325 2379 360 cur

103 406 211 439 cum
249 390 471 451 plerique
508 394 699 450 motuS,
739 389 892 438 salvis
932 392 1149 438 omnium
1187 389 1464 438 seculorum
1505 389 1800 449 observatis,
1852 394 2089 451 quantum
2129 386 2250 434 satis
2289 390 2379 444 est,

99 462 285 511 redacti
322 463 420 509 sint
458 461 521 509 ad
562 475 780 510 carceres
818 468 1109 526 punctorum
1148 461 1493 520 cardinalium,
1535 475 1644 509 cum
1683 462 1830 509 etiam
1869 462 2172 524 superiorum
2213 471 2380 506 omnes
2421 483 2425 487 ·

106 539 192 583 aut
229 533 448 582 incidant
486 540 573 582 aut
610 534 837 597 pauculis
876 535 1110 597 gradibus
1149 540 1379 597 superent
1405 531 1480 598 ⁸³⁶),
1523 548 1606 582 cur
1644 547 1741 580 non
1781 535 1928 595 igitur
1965 535 2070 582 sine
2097 532 2383 595 exceptione

105 620 274 655 omnes
312 607 507 670 penitus
546 606 805 655 incidant?
846 607 1068 656 Audiant
1104 614 1268 655 tamen
1307 608 1514 667 interim,
1557 606 1671 653 dum
1700 606 1818 668 quid
1860 605 2187 668 respondeant
2223 602 2384 652 medi-

100 685 277 739 tentur,
317 685 618 728 mussantem
656 679 923 743 Keplerum
962 680 1153 742 hocque
1182 680 1451 728 dicentem:
1493 693 1662 727 omnes
1694 677 1922 737 incidere,
1962 677 2051 726 sed
2088 691 2186 739 quo
2220 678 2382 725 minus

98 751 148 799 id
186 758 439 816 appareat,
482 751 754 801 secularem
793 755 1140 816 aequationem
1177 752 1396 801 nondum
1435 753 1684 815 cognitam
1723 750 1974 815 impedire.

166 887 459 947 Tractatio
508 888 975 946 observationum
1025 887 1370 946 Martialium
1419 887 1867 959 Regiomontani
1917 889 1976 944 et
2022 885 2317 944 Waltheri.

254 1005 399 1054 Anno
443 1011 577 1055 1461
637 1011 676 1063 (ζ
734 1006 810 1055 bis
859 1011 934 1054 est
985 1005 1276 1054 observatus
1329 1005 1392 1054 ad
1442 1005 1565 1053 fixas
1656 1005 1735 1053 Ita
1782 1006 1831 1051 in
1880 1002 1959 1052 die
1999 1007 2047 1052 2.
2087 1002 2208 1054 Dec.
2249 1003 2386 1050 visus

110 1084 186 1129 est
227 1081 274 1126 in
314 1079 446 1128 linea
485 1093 719 1127 cornuum
760 1079 852 1145 16,
910 1092 1026 1141 ergo
1064 1093 1152 1141 per
1189 1078 1274 1127 lat.
1317 1078 1424 1141 ejus
1463 1074 1796 1141 computatam
1839 1073 1894 1125 10
1938 1079 2022 1126 15’
2059 1082 2208 1124 austr.
2247 1075 2387 1123 locus

108 1152 217 1215 ejus
257 1151 454 1200 caderet
491 1153 540 1198 in
583 1147 678 1200 270
719 1147 835 1218 5¹l2‘
873 1154 946 1213 ,6.
1025 1150 1093 1199 At
1143 1158 1373 1215 computo
1415 1147 1510 1200 28⁰
1549 1152 1600 1198 4‘
1639 1151 1732 1217 ὅ,
1788 1163 1993 1200 excessu
2034 1143 2207 1215 58¹l2‘‚
2248 1147 2386 1196 locus

110 1239 212 1274 ecc.
256 1219 350 1274 240
393 1225 478 1273 12’
527 1230 630 1277 m.
708 1223 954 1286 Sequente
996 1229 1081 1272 24.
1109 1224 1229 1274 Dec.
1273 1227 1409 1273 visus
1448 1229 1522 1273 est
1558 1222 1827 1273 secundum
1854 1221 2210 1286 longitudinem
2242 1220 2385 1283 jungi

105 1297 334 1346 lucidiori
385 1298 432 1343 in
483 1297 642 1346 cauda
693 1297 789 1363 fg,
843 1311 992 1360 quam
1042 1296 1465 1361 Regiomontanus
1514 1311 1571 1345 ex
1612 1296 1930 1359 Alphonsinis
1985 1296 2290 1357 computavit
2338 1295 2387 1340 in

110 1365 203 1419 140
247 1371 335 1419 29‘
384 1377 486 1429 5:52,
538 1369 625 1418 sed
664 1383 724 1417 ex
763 1369 1010 1418 locatione
1048 1368 1301 1433 Tychonis
1354 1377 1403 1419 et
1453 1369 1643 1418 calculo
1680 1368 1997 1431 Rudolphino
2037 1369 2284 1416 invenitur
2322 1365 2386 1414 ad

103 1449 301 1505 tempus
349 1441 444 1490 hoc
496 1443 544 1488 in
589 1437 681 1491 140
723 1444 808 1490 17’
846 1455 956 1503 22⁸3
1007 1448 1061 1490 at
1110 1450 1341 1507 computo
1386 1438 1479 1492 150
1519 1445 1606 1491 23’
1644 1455 1749 1492 m.
1824 1441 1965 1490 Haec
2013 1442 2136 1489 inter
2173 1454 2226 1488 se
2267 1453 2389 1488 con-

105 1516 340 1564 sentiunt.
419 1514 549 1577 Ergo
576 1514 672 1563 hoc
708 1513 818 1563 loco
844 1513 1190 1579 Rudolphinus
1237 1515 1455 1567 calculus
1494 1529 1535 1565 c.
1579 1510 1636 1564 10
1677 1517 1727 1563 6‘
1766 1513 1945 1564 deficit.
2022 1513 2184 1562 Locus
2213 1526 2388 1563 eccen-

110 1589 261 1637 tricus
299 1589 348 1634 in
388 1582 447 1636 80
488 1589 574 1636 10’
622 1589 699 1651 ff.

259 1659 542 1722 Sequuntur
588 1659 780 1723 aliquot
830 1660 1203 1709 observationes
1240 1659 1414 1709 Martis
1453 1662 1724 1711 matutinae
1770 1659 1994 1723 sequenti
2044 1672 2173 1707 anno
2233 1660 2389 1708 1462.

114 1732 332 1794 habitae,
371 1731 459 1782 sed
497 1734 750 1782 mensibus
775 1732 912 1796 Sept.
951 1739 1001 1781 et
1028 1731 1136 1782 Oct.
1211 1730 1280 1782 Ut
1319 1734 1467 1796 igitur
1504 1740 1707 1794 constet,
1749 1732 1996 1797 quomodo
2033 1738 2255 1782 numeret
2287 1731 2390 1780 Re-

115 1808 465 1868 giomontanus
505 1811 699 1869 tempus
739 1812 1067 1871 νυχθημερον,
1120 1808 1307 1870 respice
1355 1806 1419 1855 ad
1462 1813 1546 1859 20.
1585 1805 1767 1855 Martii.
1843 1805 1921 1854 De
1970 1819 2029 1854 eo
2068 1806 2138 1854 sic
2176 1804 2392 1868 loquitur

104 1879 194 1928 R.:
251 1880 334 1940 „in
373 1893 516 1927 mane
558 1884 641 1928 20.
682 1878 827 1927 Mart.
868 1878 917 1927 h.
964 1884 1044 1927 11.
1087 1882 1245 1928 noctis
1284 1879 1529 1943 completa
1568 1879 1709 1928 Luna
1748 1878 2007 1928 videbatur
2055 1885 2289 1941 tanquam
2342 1879 2388 1925 in

105 1966 205 2000 una
230 1951 362 2001 linea
400 1958 533 2000 recta
571 1966 680 2000 cum
709 1950 901 2000 duabus
926 1951 1082 2000 stellis
1108 1951 1390 2016 Scorpionis
1425 1959 1488 2003 12
1530 1959 1580 2002 et
1612 1956 1736 2014 13“;
1775 1952 1867 2002 suit
1894 1965 2009 2014 ergo
2036 1947 2106 2018 Q
2147 1965 2187 1999 c.
2218 1946 2276 2000 70
2311 1950 2384 2010 ‚2¹.

102 2024 333 2087 Sequitur
359 2024 662 2073 immediate:
703 2026 787 2090 „in
815 2039 958 2073 manc
985 2030 1069 2074 21.
1097 2024 1264 2074 Martii
1291 2022 1378 2093 Q,
1420 2026 1467 2087 0-1
1499 2032 1547 2075 et
1572 2025 1718 2075 stella
1747 2030 1794 2074 7.
1821 2027 1865 2085 ,ἲ
1891 2024 2191 2088 putabantur
2216 2025 2263 2072 in
2291 2038 2390 2073 una

108 2096 240 2146 linea
279 2100 466 2147 recta.“
544 2097 673 2160 Ergo
725 2100 775 2145 in
815 2095 873 2146 20
912 2098 1005 2164 ὅ,
1058 2098 1145 2147 ubi
1191 2113 1277 2162 per
1324 2098 1566 2148 calculum
1619 2100 1766 2148 etiam
1813 2093 1872 2166 Ἦ.
1916 2099 2178 2146 invenitur.
2254 2096 2389 2146 Inter

108 2185 227 2219 vero
280 2176 326 2219 7.
380 2169 430 2230 ,ἶ
479 2176 528 2219 et
568 2169 626 2219 2⁰
665 2172 726 2237 ,ᾗ
772 2171 988 2233 spatium
1025 2176 1100 2219 est
1138 2170 1343 2220 duorum
1374 2171 1657 2221 diurnorum
1695 2178 1916 2219 motuum
1940 2166 2028 2237 Q.
2104 2169 2244 2219 Prior
2271 2184 2387 2233 ergo

103 2245 408 2305 consignatio
428 2249 502 2292 est
522 2242 739 2306 politica,
781 2242 909 2291 diem
931 2243 1167 2292 inchoans
1200 2245 1414 2294 amedia
1434 2251 1591 2304 nocte,
1633 2245 1873 2308 posterior
1897 2243 2218 2307 Aegyptiam,
2258 2242 2386 2292 diem

107 2331 215 2365 cum
256 2315 515 2378 horologio
555 2315 730 2364 Italico
770 2315 1007 2364 inchoans
1046 2316 1109 2365 ab
1150 2324 1258 2366 ortu
1298 2317 1443 2367 Solis.
1520 2317 1614 2366 Illa
1653 2317 1712 2367 de
1751 2323 1928 2378 nocte,
1974 2330 2101 2379 quae
2139 2315 2390 2379 praecedit

109 2390 194 2438 20.
223 2388 405 2450 Martii,
446 2394 520 2438 est
546 2387 877 2451 intelligenda,
900 2388 1025 2438 haec
1048 2388 1108 2439 de
1134 2397 1291 2451 nocte,
1330 2405 1456 2454 quae
1482 2392 1703 2454 sequitur
1732 2395 1816 2440 21.
1845 2389 2027 2449 Martii,
2068 2390 2194 2438 sicut
2222 2388 2387 2438 videre

104 2467 176 2509 est
199 2476 258 2510 ex
279 2459 468 2511 calculo
489 2457 558 2527 ᾧ
581 2460 642 2510 ad
659 2461 1004 2510 antelucanum
1025 2462 1121 2512 diei
1143 2469 1227 2512 22.
1251 2470 1299 2512 et
1320 2466 1367 2511 in
1389 2463 1711 2527 Ephemeride
1732 2464 1847 2511 anni
1874 2467 2028 2523 1500,
2059 2463 2142 2525 qui
2164 2461 2385 2525 ejusdem

104 2539 178 2583 est
199 2534 340 2598 cycli.
405 2534 544 2583 Haec
570 2536 784 2583 varietas
813 2550 1040 2598 magnam
1062 2538 1190 2599 parit
1213 2536 1600 2600 perplexitatem,
1629 2543 1678 2587 et
1705 2534 2015 2597 crediderim,
2044 2537 2092 2583 in
2124 2540 2208 2584 21.
2237 2534 2384 2583 Mart.

99 2608 275 2655 vitium
309 2621 416 2656 esse
452 2607 860 2671 typographicum
886 2622 972 2671 pro
1003 2614 1089 2659 22.
1111 2609 1276 2658 Martii
1303 2609 1529 2675 (Martem
1557 2609 1753 2673 quidem
1785 2623 1872 2671 per
1897 2623 1949 2657 se
1969 2607 2064 2657 hoc
2091 2609 2264 2657 vitium
2289 2621 2387 2656 non

99 2681 304 2741 attinet3
345 2685 397 2728 at
435 2681 484 2727 in
517 2676 576 2747 ‘21.
621 2679 850 2744 expediet
889 2680 1134 2731 detectum
1161 2682 1367 2747 haberi).
1444 2683 1569 2731 Nam
1597 2682 2019 2746 Regiomontanus
2047 2683 2151 2744 ipse
2193 2681 2387 2731 videtur
2432 2750 2442 2755 ἡ

99 2754 372 2802 accuratior
397 2754 547 2802 fuisse
575 2755 624 2801 in
650 2755 1022 2817 consignatione
1050 2757 1313 2819 temporis3
1355 2770 1467 2805 ecce
1508 2770 1652 2804 curae
1678 2755 1826 2817 hujus
1851 2754 2126 2818 exemplum
2165 2756 2387 2818 proxime

98 2840 331 2888 sequens:
385 2827 468 2887 „in
507 2833 650 2875 nocte
691 2841 819 2889 quac
866 2829 1087 2889 sequitur
1136 2834 1215 2877 11.
1258 2827 1461 2890 Junii“;
1509 2830 1580 2878 sic
1618 2828 1769 2892 paulo
1809 2834 1945 2876 ante:
2006 2829 2179 2888 „initio
2230 2829 2385 2876 noctis

103 2903 184 2947 12.
205 2898 359 2948 Jan.“
378 2926 448 2934 -
487 2898 700 2948 Rursum
725 2899 771 2947 d.
795 2904 878 2948 21.
905 2898 1011 2949 Oct.
1040 2908 1230 2964 oportet
1257 2916 1364 2950 esse
1391 2903 1566 2950 vitium
1594 2901 2002 2966 typographicum
2028 2915 2117 2963 pro
2153 2905 2218 2949 20
2239 2899 2366 2961 Oct.,

98 2970 230 3033 quod
256 2985 354 3020 non
379 2977 545 3034 potest
570 2972 774 3021 conferri
810 2974 858 3019 in
881 2987 1063 3022 morem
1091 2974 1376 3024 numerandi
1406 2973 1533 3023 diem
1569 2976 1631 3023 ab
1660 2981 1783 3034 ortu,
1824 2988 1934 3023 cum
1961 2974 2069 3036 ejus
2094 2980 2231 3023 contr
2246 2974 2372 3021 rium

99 3043 307 3092 accidat.
384 3044 511 3092 Nam
551 3051 986 3098 commemorato(
1026 3043 1067 3112 Ω
1098 3047 1268 3095 Lunae
1309 3062 1418 3096 cum
1456 3052 1595 3097 sexta
1627 3045 1722 3115 1η),
1763 3061 1890 3109 quae
1930 3047 1978 3093 in
2016 3046 2112 3094 fine
2153 3042 2223 3114 m)
2260 3052 2379 3094 erat.

98 3115 291 3164 Etenim
319 3122 366 3165 et
394 3117 612 3166 calculus
633 3117 805 3166 Lunae
845 3118 1193 3181 ‹at-ephemeris
1220 3135 1369 3183 supra
1396 3120 1526 3170 dicta
1554 3135 1598 3168 a.
1626 3125 1762 3170 1500
1791 3125 2017 3181 arguunt,
2057 3118 2188 3167 hunc
2212 3117 2383 3167 Lunae

97 3187 260 3236 locum
300 3195 572 3252 competere
613 3190 905 3239 antelucano
946 3191 1041 3240 diei
1083 3198 1165 3241 20.
1207 3208 1238 3241 a
1277 3193 1440 3242 media
1478 3199 1649 3252 nocte,
1690 3207 1786 3241 non
1830 3197 1913 3241 21.
1956 3190 2064 3241 Oct.
2140 3190 2216 3238 An
2258 3191 2380 3240 bene

98 3260 283 3309 habeat
320 3260 442 3311 haec
468 3264 727 3324 restitutio,
766 3264 837 3313 sic
863 3263 1210 3315 discernemus,
1287 3266 1381 3314 Die
1412 3272 1496 3315 26.
1526 3265 1662 3329 Sept.
1690 3265 1982 3323 antelucano
2005 3265 2110 3312 visa
2149 3269 2222 3312 est
2262 3261 2303 3329 ῼ
2333 3271 2382 3312 et

97 3347 205 3383 cum
247 3347 305 3382 ea
341 3340 379 3389 (ς’
414 3337 632 3397 proxime
666 3337 810 3398 jungi
846 3339 931 3386 uni
970 3337 1143 3388 stellae
1170 3338 1352 3388 Leonis
1393 3339 1452 3388 de
1493 3335 1666 3402 quarta
1693 3336 2043 3402 magnitudine,
2083 3339 2380 3398 septentrio-

274 3474 317 3530 *)
349 3473 472 3520 Nota
502 3477 777 3533 marginalis.
837 3478 955 3522 Nam
986 3484 1139 3524 motus
1171 3479 1280 3524 nodi
1311 3479 1369 3536 21-
1400 3480 1522 3525 ultro
1554 3479 1639 3524 snb
1671 3478 1850 3524 initium
1879 3490 2032 3522 rerum
2063 3477 2122 3522 ad
2152 3479 2276 3529 0⁰23
2305 3490 2375 3522 re-

95 3539 226 3593 cidit,
269 3539 494 3595 siquidem
537 3541 655 3585 inter
689 3544 735 3587 1⁰
762 3549 845 3601 ΞΒ,
878 3557 1012 3601 quem
1042 3545 1294 3591 Ptolemaei
1334 3540 1560 3590 affirmata
1591 3544 1733 3600 nuda,
1767 3543 1848 3587 sed
1887 3555 1944 3586 ex
1983 3541 2377 3588 observationibus

94 3604 255 3663 procul
291 3604 428 3649 dubio
459 3605 759 3661 possibilibus
792 3608 1069 3666 confirmata,
1103 3616 1333 3666 statuunt,
1375 3611 1584 3667 interque
1608 3611 1668 3653 -50
1695 3614 1774 3663 ΞΒ,
1807 3620 1943 3664 quem
1976 3606 2232 3652 observatio
2263 3607 2373 3652 Dio·

92 3669 209 3726 nysii
239 3670 327 3716 400
348 3669 478 3714 annis
510 3674 659 3726 antea,
693 3677 738 3715 et
769 3674 1025 3719 observatio
1062 3675 1321 3721 Aristotelis
1353 3677 1441 3722 500
1473 3687 1700 3720 consensu
1729 3671 1921 3729 pulchro
1962 3672 2225 3729 subjiciunt,
2257 3673 2376 3717 inter

92 3734 198 3789 hos,
230 3734 436 3792 inquam,
470 3734 587 3780 duos
616 3735 938 3794 vicinissimos,
983 3739 1023 3785 si
1051 3745 1176 3785 recte
1206 3740 1405 3786 medinm
1436 3739 1608 3798 aliquid
1637 3737 1696 3785 ad
1726 3743 1935 3796 tempora
1964 3738 2233 3784 intermedia
2263 3738 2372 3785 licet

94 3804 310 3846 statuere.

2535 890 2554 1932 —wdwfl8*-‹⁴fflmfflmfflmd
2547 863 2554 869 .
2548 784 2554 834 ,..-
2551 686 2554 690 .
2551 655 2554 658 r
