<?xml version="1.0" encoding="UTF-8"?>
<!DOCTYPE html PUBLIC "-//W3C//DTD XHTML 1.0 Transitional//EN"
    "http://www.w3.org/TR/xhtml1/DTD/xhtml1-transitional.dtd">
<html xmlns="http://www.w3.org/1999/xhtml" xml:lang="en" lang="en">
 <head>
  <title>
</title>
<meta http-equiv="Content-Type" content="text/html;charset=utf-8" />
  <meta name='ocr-system' content='tesseract 3.04.00' />
  <meta name='ocr-capabilities' content='ocr_page ocr_carea ocr_par ocr_line ocrx_word'/>
</head>
<body>
  <div class='ocr_page' id='page_1' title='image "./operaomniaedidit06kepluoft_0226.png"; bbox 0 0 2554 4140; ppageno 0'>
   <div class='ocr_carea' id='block_1_1' title="bbox 231 136 2180 198">
    <p class='ocr_par' dir='ltr' id='par_1_1' title="bbox 231 136 2180 198">
     <span class='ocr_line' id='line_1_1' title="bbox 231 136 2180 198; baseline -0.001 -13"><span class='ocrx_word' id='word_1_1' title='bbox 231 146 335 195; x_wconf 76' lang='lat'>212</span> <span class='ocrx_word' id='word_1_2' title='bbox 529 139 764 198; x_wconf 85' lang='lat' dir='ltr'>Epitomes</span> <span class='ocrx_word' id='word_1_3' title='bbox 795 137 1112 184; x_wconf 86' lang='lat' dir='ltr'>Astronomiae</span> <span class='ocrx_word' id='word_1_4' title='bbox 1142 136 1280 184; x_wconf 85' lang='lat' dir='ltr'>Liber</span> <span class='ocrx_word' id='word_1_5' title='bbox 1310 136 1504 183; x_wconf 87' lang='lat' dir='ltr'>Tertius.</span> <span class='ocrx_word' id='word_1_6' title='bbox 1565 137 1632 183; x_wconf 92' lang='lat' dir='ltr'>De</span> <span class='ocrx_word' id='word_1_7' title='bbox 1663 137 1884 184; x_wconf 77' lang='lat' dir='ltr'><strong>Doctrina</strong></span> <span class='ocrx_word' id='word_1_8' title='bbox 1915 137 2180 196; x_wconf 80' lang='lat' dir='ltr'>sphaerica.</span> 
     </span>
    </p>
   </div>
   <div class='ocr_carea' id='block_1_2' title="bbox 228 286 2491 716">
    <p class='ocr_par' dir='ltr' id='par_1_2' title="bbox 228 286 2491 716">
     <span class='ocr_line' id='line_1_2' title="bbox 231 286 2489 356; baseline -0.001 -17"><span class='ocrx_word' id='word_1_9' title='bbox 231 292 350 353; x_wconf 87' lang='lat' dir='ltr'>agit,</span> <span class='ocrx_word' id='word_1_10' title='bbox 390 291 553 339; x_wconf 85' lang='lat' dir='ltr'>varias</span> <span class='ocrx_word' id='word_1_11' title='bbox 593 288 780 338; x_wconf 88' lang='lat' dir='ltr'>dierum</span> <span class='ocrx_word' id='word_1_12' title='bbox 818 290 1134 353; x_wconf 84' lang='lat' dir='ltr'>noctiumque</span> <span class='ocrx_word' id='word_1_13' title='bbox 1170 302 1331 337; x_wconf 88' lang='lat' dir='ltr'>moras</span> <span class='ocrx_word' id='word_1_14' title='bbox 1369 302 1455 350; x_wconf 88' lang='lat' dir='ltr'>per</span> <span class='ocrx_word' id='word_1_15' title='bbox 1494 286 1711 356; x_wconf 81' lang='lat' dir='ltr'>diversos</span> <span class='ocrx_word' id='word_1_16' title='bbox 1735 286 1865 336; x_wconf 89' lang='lat' dir='ltr'>Solis</span> <span class='ocrx_word' id='word_1_17' title='bbox 1903 287 1950 335; x_wconf 92' lang='lat' dir='ltr'>in</span> <span class='ocrx_word' id='word_1_18' title='bbox 1994 289 2219 352; x_wconf 85' lang='lat' dir='ltr'>ecliptica</span> <span class='ocrx_word' id='word_1_19' title='bbox 2254 289 2489 349; x_wconf 84' lang='lat' dir='ltr'>incessus,</span> 
     </span>
     <span class='ocr_line' id='line_1_3' title="bbox 229 359 2490 426; baseline -0.002 -14"><span class='ocrx_word' id='word_1_20' title='bbox 229 377 415 426; x_wconf 82' lang='lat' dir='ltr'>perque</span> <span class='ocrx_word' id='word_1_21' title='bbox 455 361 647 411; x_wconf 87' lang='lat' dir='ltr'>diversa</span> <span class='ocrx_word' id='word_1_22' title='bbox 685 361 864 412; x_wconf 83' lang='lat' dir='ltr'>Terrae</span> <span class='ocrx_word' id='word_1_23' title='bbox 902 363 1014 412; x_wconf 87' lang='lat' dir='ltr'>loea</span> <span class='ocrx_word' id='word_1_24' title='bbox 1052 361 1322 422; x_wconf 77' lang='lat' dir='ltr'>dimetienS,</span> <span class='ocrx_word' id='word_1_25' title='bbox 1361 359 1490 409; x_wconf 90' lang='lat' dir='ltr'>unde</span> <span class='ocrx_word' id='word_1_26' title='bbox 1529 360 1771 423; x_wconf 85' lang='lat' dir='ltr'>dependet</span> <span class='ocrx_word' id='word_1_27' title='bbox 1809 360 2055 410; x_wconf 85' lang='lat' dir='ltr'>distinctio</span> <span class='ocrx_word' id='word_1_28' title='bbox 2095 361 2273 410; x_wconf 88' lang='lat' dir='ltr'>Terrae</span> <span class='ocrx_word' id='word_1_29' title='bbox 2312 362 2362 408; x_wconf 90' lang='lat' dir='ltr'>in</span> <span class='ocrx_word' id='word_1_30' title='bbox 2401 360 2490 409; x_wconf 88' lang='lat' dir='ltr'>eli-</span> 
     </span>
     <span class='ocr_line' id='line_1_4' title="bbox 229 434 2491 499; baseline -0 -16"><span class='ocrx_word' id='word_1_31' title='bbox 229 442 378 486; x_wconf 84' lang='lat' dir='ltr'><strong>mata.</strong></span> <span class='ocrx_word' id='word_1_32' title='bbox 457 434 645 497; x_wconf 90' lang='lat' dir='ltr'>Quarta</span> <span class='ocrx_word' id='word_1_33' title='bbox 692 437 908 484; x_wconf 87' lang='lat' dir='ltr'>rationes</span> <span class='ocrx_word' id='word_1_34' title='bbox 956 435 1168 499; x_wconf 86' lang='lat' dir='ltr'>explicat</span> <span class='ocrx_word' id='word_1_35' title='bbox 1207 439 1416 496; x_wconf 90' lang='lat' dir='ltr'>quatuor</span> <span class='ocrx_word' id='word_1_36' title='bbox 1453 434 1663 495; x_wconf 86' lang='lat' dir='ltr'>partium</span> <span class='ocrx_word' id='word_1_37' title='bbox 1702 447 1791 482; x_wconf 86' lang='lat' dir='ltr'>seu</span> <span class='ocrx_word' id='word_1_38' title='bbox 1827 440 2172 496; x_wconf 83' lang='lat' dir='ltr'>tempestatum</span> <span class='ocrx_word' id='word_1_39' title='bbox 2226 435 2341 482; x_wconf 88' lang='lat' dir='ltr'>anni</span> <span class='ocrx_word' id='word_1_40' title='bbox 2378 447 2491 482; x_wconf 88' lang='lat' dir='ltr'>ver-</span> 
     </span>
     <span class='ocr_line' id='line_1_5' title="bbox 229 505 2490 571; baseline -0.001 -15"><span class='ocrx_word' id='word_1_41' title='bbox 229 509 393 568; x_wconf 57' lang='lat' dir='ltr'>tentis»,</span> <span class='ocrx_word' id='word_1_42' title='bbox 434 522 560 570; x_wconf 89' lang='lat' dir='ltr'>quae</span> <span class='ocrx_word' id='word_1_43' title='bbox 587 521 765 556; x_wconf 86' lang='lat' dir='ltr'>causae</span> <span class='ocrx_word' id='word_1_44' title='bbox 790 514 1047 571; x_wconf 89' lang='lat' dir='ltr'>metaeque</span> <span class='ocrx_word' id='word_1_45' title='bbox 1086 508 1289 555; x_wconf 87' lang='lat' dir='ltr'>aestatis</span> <span class='ocrx_word' id='word_1_46' title='bbox 1317 512 1367 554; x_wconf 87' lang='lat' dir='ltr'>et</span> <span class='ocrx_word' id='word_1_47' title='bbox 1402 505 1591 567; x_wconf 88' lang='lat' dir='ltr'>hiemis,</span> <span class='ocrx_word' id='word_1_48' title='bbox 1633 511 1817 569; x_wconf 88' lang='lat' dir='ltr'>quanta</span> <span class='ocrx_word' id='word_1_49' title='bbox 1844 509 2055 556; x_wconf 83' lang='lat' dir='ltr'>varietas</span> <span class='ocrx_word' id='word_1_50' title='bbox 2094 506 2365 555; x_wconf 80' lang='lat' dir='ltr'>altitudinis</span> <span class='ocrx_word' id='word_1_51' title='bbox 2403 505 2490 554; x_wconf 88' lang='lat' dir='ltr'>So-</span> 
     </span>
     <span class='ocr_line' id='line_1_6' title="bbox 228 578 2490 644; baseline 0 -17"><span class='ocrx_word' id='word_1_52' title='bbox 228 580 290 628; x_wconf 86' lang='lat' dir='ltr'>lis</span> <span class='ocrx_word' id='word_1_53' title='bbox 328 581 704 643; x_wconf 83' lang='lat' dir='ltr'>umbrarumque</span> <span class='ocrx_word' id='word_1_54' title='bbox 747 579 1064 644; x_wconf 83' lang='lat' dir='ltr'>longitudinis</span> <span class='ocrx_word' id='word_1_55' title='bbox 1109 594 1197 642; x_wconf 89' lang='lat' dir='ltr'>per</span> <span class='ocrx_word' id='word_1_56' title='bbox 1233 580 1397 627; x_wconf 82' lang='lat' dir='ltr'>varios</span> <span class='ocrx_word' id='word_1_57' title='bbox 1435 578 1672 641; x_wconf 88' lang='lat' dir='ltr'>sphaerae</span> <span class='ocrx_word' id='word_1_58' title='bbox 1710 580 1925 643; x_wconf 80' lang='lat' dir='ltr'>posituS,</span> <span class='ocrx_word' id='word_1_59' title='bbox 1964 579 2092 628; x_wconf 90' lang='lat' dir='ltr'>unde</span> <span class='ocrx_word' id='word_1_60' title='bbox 2132 585 2206 628; x_wconf 89' lang='lat' dir='ltr'>est</span> <span class='ocrx_word' id='word_1_61' title='bbox 2245 578 2490 627; x_wconf 82' lang='lat' dir='ltr'>distinctio</span> 
     </span>
     <span class='ocr_line' id='line_1_7' title="bbox 230 646 2490 716; baseline 0.001 -16"><span class='ocrx_word' id='word_1_62' title='bbox 230 652 504 715; x_wconf 80' lang='lat' dir='ltr'>superficiei</span> <span class='ocrx_word' id='word_1_63' title='bbox 558 652 769 703; x_wconf 87' lang='lat' dir='ltr'>Telluris</span> <span class='ocrx_word' id='word_1_64' title='bbox 830 655 877 701; x_wconf 91' lang='lat' dir='ltr'>in</span> <span class='ocrx_word' id='word_1_65' title='bbox 928 654 1142 716; x_wconf 87' lang='lat' dir='ltr'>quinque</span> <span class='ocrx_word' id='word_1_66' title='bbox 1193 650 1356 703; x_wconf 84' lang='lat' dir='ltr'>Zonas</span> <span class='ocrx_word' id='word_1_67' title='bbox 1422 646 1685 714; x_wconf 81' lang='lat' dir='ltr'>earumque</span> <span class='ocrx_word' id='word_1_68' title='bbox 1741 651 1998 701; x_wconf 88' lang='lat' dir='ltr'>diversitas</span> <span class='ocrx_word' id='word_1_69' title='bbox 2050 654 2097 699; x_wconf 91' lang='lat' dir='ltr'>in</span> <span class='ocrx_word' id='word_1_70' title='bbox 2157 651 2490 714; x_wconf 80' lang='lat' dir='ltr'>qualitatibus,</span> 
     </span>
    </p>
   </div>
   <div class='ocr_carea' id='block_1_3' title="bbox 234 723 2550 787">
    <p class='ocr_par' dir='ltr' id='par_1_3' title="bbox 234 723 2550 787">
     <span class='ocr_line' id='line_1_8' title="bbox 234 723 2550 787; baseline 0.001 -13"><span class='ocrx_word' id='word_1_71' title='bbox 234 723 415 787; x_wconf 84' lang='lat' dir='ltr'>Quinta</span> <span class='ocrx_word' id='word_1_72' title='bbox 453 728 668 775; x_wconf 88' lang='lat' dir='ltr'>eontinet</span> <span class='ocrx_word' id='word_1_73' title='bbox 704 726 906 774; x_wconf 87' lang='lat' dir='ltr'>alteram</span> <span class='ocrx_word' id='word_1_74' title='bbox 948 727 1061 774; x_wconf 90' lang='lat' dir='ltr'>anni</span> <span class='ocrx_word' id='word_1_75' title='bbox 1100 725 1328 787; x_wconf 87' lang='lat' dir='ltr'>speeiem,</span> <span class='ocrx_word' id='word_1_76' title='bbox 1377 723 1553 773; x_wconf 86' lang='lat' dir='ltr'>siderei</span> <span class='ocrx_word' id='word_1_77' title='bbox 1594 724 1726 785; x_wconf 88' lang='lat' dir='ltr'>dieti,</span> <span class='ocrx_word' id='word_1_78' title='bbox 1763 724 2026 787; x_wconf 75' lang='lat' dir='ltr'>signaque,</span> <span class='ocrx_word' id='word_1_79' title='bbox 2067 725 2244 787; x_wconf 87' lang='lat' dir='ltr'>quibus</span> <span class='ocrx_word' id='word_1_80' title='bbox 2281 726 2404 773; x_wconf 88' lang='lat' dir='ltr'>inter</span> <span class='ocrx_word' id='word_1_81' title='bbox 2439 739 2492 773; x_wconf 86' lang='lat' dir='ltr'>se</span> <span class='ocrx_word' id='word_1_82' title='bbox 2547 774 2550 777; x_wconf 13' lang='grc' dir='ltr'><em>Δ</em></span> 
     </span>
    </p>
   </div>
   <div class='ocr_carea' id='block_1_4' title="bbox 227 796 2494 1082">
    <p class='ocr_par' dir='ltr' id='par_1_4' title="bbox 227 796 2494 1082">
     <span class='ocr_line' id='line_1_9' title="bbox 227 796 2494 861; baseline 0 -16"><span class='ocrx_word' id='word_1_83' title='bbox 227 805 392 860; x_wconf 78' lang='lat' dir='ltr'>partes</span> <span class='ocrx_word' id='word_1_84' title='bbox 430 804 530 847; x_wconf 90' lang='lat' dir='ltr'>tam</span> <span class='ocrx_word' id='word_1_85' title='bbox 569 799 675 861; x_wconf 90' lang='lat' dir='ltr'>ejus</span> <span class='ocrx_word' id='word_1_86' title='bbox 715 813 862 861; x_wconf 89' lang='lat' dir='ltr'>quam</span> <span class='ocrx_word' id='word_1_87' title='bbox 900 799 1132 846; x_wconf 89' lang='lat' dir='ltr'>vertentis</span> <span class='ocrx_word' id='word_1_88' title='bbox 1172 798 1284 844; x_wconf 88' lang='lat' dir='ltr'>anni</span> <span class='ocrx_word' id='word_1_89' title='bbox 1326 796 1675 859; x_wconf 85' lang='lat' dir='ltr'>discernuntur,</span> <span class='ocrx_word' id='word_1_90' title='bbox 1713 797 1807 846; x_wconf 88' lang='lat' dir='ltr'>hoe</span> <span class='ocrx_word' id='word_1_91' title='bbox 1846 804 1921 846; x_wconf 92' lang='lat' dir='ltr'>est</span> <span class='ocrx_word' id='word_1_92' title='bbox 1958 799 2290 861; x_wconf 81' lang='lat' dir='ltr'>apparitiones</span> <span class='ocrx_word' id='word_1_93' title='bbox 2325 797 2494 846; x_wconf 84' lang='lat' dir='ltr'>occul-</span> 
     </span>
     <span class='ocr_line' id='line_1_10' title="bbox 228 869 2493 935; baseline 0 -17"><span class='ocrx_word' id='word_1_94' title='bbox 228 873 539 934; x_wconf 85' lang='lat' dir='ltr'>tationesque</span> <span class='ocrx_word' id='word_1_95' title='bbox 576 871 788 920; x_wconf 85' lang='lat' dir='ltr'>siderum</span> <span class='ocrx_word' id='word_1_96' title='bbox 826 885 913 935; x_wconf 88' lang='lat' dir='ltr'>per</span> <span class='ocrx_word' id='word_1_97' title='bbox 950 870 1145 918; x_wconf 88' lang='lat' dir='ltr'>elimata</span> <span class='ocrx_word' id='word_1_98' title='bbox 1183 869 1391 918; x_wconf 86' lang='lat' dir='ltr'>diversa.</span> <span class='ocrx_word' id='word_1_99' title='bbox 1465 869 1559 918; x_wconf 89' lang='lat' dir='ltr'>His</span> <span class='ocrx_word' id='word_1_100' title='bbox 1597 870 1752 919; x_wconf 84' lang='lat' dir='ltr'>tribus</span> <span class='ocrx_word' id='word_1_101' title='bbox 1789 870 1973 919; x_wconf 84' lang='lat' dir='ltr'>ultimis</span> <span class='ocrx_word' id='word_1_102' title='bbox 2012 871 2232 934; x_wconf 86' lang='lat' dir='ltr'>partibus</span> <span class='ocrx_word' id='word_1_103' title='bbox 2261 870 2493 920; x_wconf 89' lang='lat' dir='ltr'>adhaeret</span> 
     </span>
     <span class='ocr_line' id='line_1_11' title="bbox 231 938 2491 1008; baseline 0 -17"><span class='ocrx_word' id='word_1_104' title='bbox 231 943 478 992; x_wconf 86' lang='lat' dir='ltr'>distinctio</span> <span class='ocrx_word' id='word_1_105' title='bbox 517 943 843 1008; x_wconf 83' lang='lat' dir='ltr'>geographica</span> <span class='ocrx_word' id='word_1_106' title='bbox 882 942 1091 991; x_wconf 82' lang='lat' dir='ltr'>Telluris</span> <span class='ocrx_word' id='word_1_107' title='bbox 1140 941 1407 992; x_wconf 81' lang='lat' dir='ltr'>incolarum</span> <span class='ocrx_word' id='word_1_108' title='bbox 1458 945 1504 990; x_wconf 90' lang='lat' dir='ltr'>in</span> <span class='ocrx_word' id='word_1_109' title='bbox 1543 948 1789 1004; x_wconf 85' lang='lat' dir='ltr'>antoecos,</span> <span class='ocrx_word' id='word_1_110' title='bbox 1829 938 2081 1007; x_wconf 75' lang='lat' dir='ltr'>perioecos</span> <span class='ocrx_word' id='word_1_111' title='bbox 2121 949 2170 992; x_wconf 92' lang='lat' dir='ltr'>et</span> <span class='ocrx_word' id='word_1_112' title='bbox 2206 943 2491 1008; x_wconf 84' lang='lat' dir='ltr'>antipodas;</span> 
     </span>
     <span class='ocr_line' id='line_1_12' title="bbox 231 1014 1820 1082; baseline 0 -17"><span class='ocrx_word' id='word_1_113' title='bbox 231 1022 279 1065; x_wconf 89' lang='lat' dir='ltr'>et</span> <span class='ocrx_word' id='word_1_114' title='bbox 315 1017 439 1067; x_wconf 89' lang='lat' dir='ltr'>ratio</span> <span class='ocrx_word' id='word_1_115' title='bbox 480 1015 794 1082; x_wconf 83' lang='lat' dir='ltr'>computandi</span> <span class='ocrx_word' id='word_1_116' title='bbox 832 1015 1049 1064; x_wconf 88' lang='lat' dir='ltr'>locorum</span> <span class='ocrx_word' id='word_1_117' title='bbox 1089 1014 1347 1064; x_wconf 86' lang='lat' dir='ltr'>distantias</span> <span class='ocrx_word' id='word_1_118' title='bbox 1388 1022 1437 1065; x_wconf 90' lang='lat' dir='ltr'>et</span> <span class='ocrx_word' id='word_1_119' title='bbox 1474 1015 1820 1080; x_wconf 64' lang='lat' dir='ltr'>longitudines</span> 
     </span>
    </p>
   </div>
   <div class='ocr_carea' id='block_1_5' title="bbox 2519 3118 2554 4140">
    <p class='ocr_par' dir='ltr' id='par_1_5' title="bbox 2519 3118 2554 4140">
     <span class='ocr_line' id='line_1_13' title="bbox 2519 3118 2554 4140; baseline 0 0"><span class='ocrx_word' id='word_1_120' title='bbox 2519 3118 2554 4140; x_wconf 95' lang='lat' dir='ltr'> </span> 
     </span>
    </p>
   </div>
  </div>
 </body>
</html>
