2554 4140
256 128 355 175 182
1075 119 1312 177 Epitomes
1341 119 1660 166 Astronomiae

248 270 456 337 Quidam
493 271 695 322 sedulus
727 268 1062 322 'astronomiae
1101 271 1277 330 cultor,
1318 268 1406 318 sed
1442 283 1543 318 non
1581 270 1703 319 satis
1746 271 2111 335 consideratus,
2148 275 2306 338 pingit
2342 287 2509 323 casum

422 363 507 408 mg,
533 366 589 402 27.
761 396 767 409 ¹
806 344 986 408 lapidis
1032 357 1202 392 versus
1241 343 1445 392 Terram
1496 343 1566 391 cis
1615 349 1665 392 et
1705 343 1835 393 ultra
1869 346 2273 409 perpendiculum
2309 361 2510 411 serpen-

808 419 924 466 tinis
971 417 1178 466 flexibus
1228 416 1574 476 fluctuantem,
1629 421 1684 464 ut
1727 416 1885 467 flexus
1932 433 2132 468 numero
2182 418 2518 483 respondeant.

808 490 1149 554 gyrationibus
1188 488 1417 548 Telluris,
1455 489 1658 537 ‘interim
1695 488 1812 538 dum
1847 489 1976 553 lapis
2015 493 2066 539 in
2103 506 2220 541 casu
2267 497 2370 554 est3
2419 506 2511 543 nec

807 561 1088 627 perpendit,
1142 560 1276 623 quod
1312 560 1438 621 lapis
1481 560 1700 611 desertus
1737 577 1769 611 a
1803 564 2025 626 partibus
2061 563 2272 626 Terrae,
2328 560 2547 627 quibus*

810 642 913 685 erat
950 636 1088 683 initio
1125 632 1568 696 perpendicularis,
1619 636 1784 684 veniat
1818 637 1868 684 in
1907 642 2100 700 raptum
2136 635 2502 688 succedentium

809 709 1078 757 vicinarum
1114 708 1355 770 partium,
1394 720 1586 769 semper
1624 708 1674 755 in
1714 707 1850 756 illam
1878 709 2077 773 plagam
2116 709 2303 760 deflexo
2341 709 2501 774 lapsu,

808 783 858 829 iu
895 795 1042 842 quam
1078 779 1299 828 volvitur
1335 778 1519 841 Tellus,
1557 781 1695 830 initio
1735 795 1940 844 parum,
1981 783 2032 830 in
2068 782 2166 833 fine
2201 784 2360 847 magis
2396 797 2506 833 ma-
2552 790 2554 794 ‘

806 855 996 916 gisque‚
1036 853 1156 914 quia
1191 858 1364 915 raptus
1402 867 1429 901 e
1453 854 1729 916 propinquo
1769 859 1843 903 est
1879 855 2066 904 fortior.

891 927 893 929 ’
951 924 1127 988 Itaque
1178 924 1336 988 figura
1379 931 1541 975 motus
1590 927 1842 989 gravium,
1895 929 1938 974 si
1990 942 2162 977 eorum
2215 927 2402 992 aliquid
2451 942 2511 980 ex

808 998 931 1048 coeli
1000 998 1110 1046 loco
1177 999 1503 1048 remotissimo
1568 1013 1760 1049 versum
1815 999 2044 1062 Terram,
2117 1002 2168 1050 in
2222 1015 2320 1051 uno
2372 1007 2504 1052 certo
2551 1064 2554 1067 ·

807 1072 916 1121 loco
954 1075 1180 1132 rotatam,
1220 1069 1478 1134 decideret,
1518 1078 1652 1122 esset
1687 1072 2042 1136 propemodum
2079 1075 2192 1136 iste,
2233 1074 2393 1138 qualis
2430 1074 2511 1126 hic

807 1143 916 1193 rudi
954 1143 1181 1193 Minerva
1218 1143 1441 1208 depictus
1490 1150 1589 1206 est,
1641 1146 1726 1195 ubi
1765 1146 1943 1195 circulo
1982 1146 2162 1197 Terrae
2199 1149 2250 1196 in
2290 1145 2358 1198 14
2394 1162 2511 1211 par-

807 1223 882 1266 tes
929 1215 1118 1278 diviso,
1173 1215 1305 1267 linea
1353 1232 1497 1268 casus
1537 1219 1587 1265 in
1625 1218 1828 1269 totidem
1865 1218 1955 1268 sed
1996 1220 2310 1283 inaequales,
2360 1235 2510 1284 supra

807 1291 997 1351 breves,
1038 1289 1162 1339 infra
1199 1289 1462 1354 longiores,
1502 1296 1668 1354 partes
1704 1290 1870 1340 circuli
1909 1291 2097 1355 ordine,
2137 1292 2363 1344 trahendi
2398 1308 2511 1342 mu-

806 1377 921 1413 nere
960 1362 1243 1424 defunctae,
1284 1362 1348 1412 ad
1387 1379 1478 1412 sua
1515 1364 1720 1426 pristina
1755 1364 1867 1414 loca
1901 1364 2178 1427 redierunt,
2219 1372 2317 1416 tres
2351 1365 2511 1417 solum
2540 1363 2548 1373 '

804 1435 1056 1496 residuae,
1104 1441 1404 1499 praeventae
1457 1436 1555 1487 fine
1609 1436 1805 1503 lapsus,
1851 1451 1951 1487 non
2006 1445 2258 1489 traxerunt
2293 1453 2507 1504 perpen-

812 1508 1110 1561 diculariter.
1214 1535 1217 1544 ·

949 1583 1020 1631 At
1053 1582 1230 1631 saltem
1264 1585 1428 1632 emissi
1470 1581 1604 1644 ylobi
1654 1582 1988 1646 bombat-dici,
2047 1585 2174 1634 alter
2225 1587 2285 1635 in
2319 1591 2508 1652 ortum,

805 1653 934 1703 alter
977 1657 1037 1704 in
1073 1670 1329 1717 occasum,
1381 1655 1560 1704 cadent
1597 1657 1956 1718 inaequalibus
1999 1658 2279 1708 intervallis
2327 1674 2363 1708 a
2398 1659 2502 1710 loco

797 1729 973 1789 primo
979 1746 998 1790 ,·
1045 1729 1246 1802 lqnyius
1282 1731 1339 1777 in
1376 1742 1632 1788 οοοαθατη,
1671 1732 1858 1793 quippe
1892 1736 2068 1793 partes
2113 1730 2302 1780 Terrae
2338 1745 2508 1782 versus
2530 1737 2554 1771 ³1

803 1815 1036 1850 occasum
1071 1804 1196 1850 sitae
1232 1802 1507 1852 obviabunt
1539 1801 1711 1864 ylobo,
1764 1803 2022 1852 tendentes
2062 1806 2120 1852 in
2146 1810 2316 1854 ortum
2322 1840 2341 1866 ,
2396 1804 2508 1854 bre-.-

802 1876 916 1922 vius
952 1877 1011 1922 in
1047 1881 1240 1934 ortum,
1290 1878 1414 1937 quia
1460 1881 1631 1939 partes
1673 1876 1940 1925 orientales
1995 1875 2208 1937 Terrae,
2259 1879 2315 1926 in
2363 1892 2517 1944 quas,
2551 1894 2554 1899 ⁴

243 1948 285 1994 si
322 1947 594 1997 immobiles
626 1955 845 2015 starent,
888 1947 1063 2009 ylobua
1097 1949 1271 2012 fuerat
1306 1962 1550 2009 casurus,
1597 1940 1811 2012 sudium
1855 1949 2062 2012 ylobum
2104 1963 2276 1999 versus
2319 1955 2521 2017 ortana«

242 2021 355 2070 Non
375 2027 504 2071 recte
526 2021 596 2083 fit,
635 2023 766 2085 quod
804 2027 1145 2084 comparantur
1181 2021 1342 2084 spatia
1382 2019 1566 2080 mundi,
1608 2022 1752 2084 quasi
1793 2020 1945 2072 Terra
1980 2021 2263 2086 longissime
2301 2018 2539 2086 absente}>

245 2095 308 2143 ab
347 2095 522 2143 emisso
560 2094 727 2158 globo,
765 2110 875 2146 cum
913 2093 974 2142 de
1011 2093 1105 2143 hoc
1141 2093 1248 2143 solo
1286 2100 1474 2158 agatur,
1512 2107 1732 2157 pomum,
1771 2093 1903 2157 quod
1940 2093 2064 2144 alter
2101 2101 2235 2145 tenet
2264 2096 2539 2160 manibus

247 2180 475 2230 quorsum
515 2169 560 2216 ei
598 2168 788 2217 facilius
827 2168 1100 2234 excutiatur
1125 2181 1158 2215 a
1192 2169 1328 2217 socio
1366 2166 1586 2231 ejusdem
1628 2168 1770 2217 navis
1814 2173 2028 2229 vectore,
2067 2181 2163 2217 non
2190 2182 2337 2232 quam
2360 2168 2554 2234 longa-⁴

246 2255 277 2289 a
313 2241 430 2288 navi
476 2245 563 2289 aut
598 2255 684 2304 per
721 2247 956 2304 quantum
995 2241 1210 2302 spatium
1247 2240 1373 2291 inter
1408 2255 1587 2290 navem
1626 2246 1675 2289 et
1711 2240 1869 2290 litora,
1944 2240 2072 2291 Nam
2123 2243 2167 2290 si
2202 2240 2350 2292 litora
2386 2256 2504 2292 con-

244 2312 441 2373 sideres,
481 2320 718 2376 quantum
743 2315 869 2376 fugit
905 2314 1047 2362 navis
1085 2327 1116 2362 a
1144 2312 1254 2363 loco
1292 2315 1555 2378 superiore,
1595 2313 1645 2362 in
1672 2328 1819 2376 quem
1842 2315 2087 2364 excutitur
2111 2327 2326 2379 pomum,
2364 2321 2538 2383 tantus-

243 2386 344 2435 fere
367 2385 658 2449 languidior,
685 2392 908 2450 respectu
932 2385 1127 2435 litorum
1154 2388 1521 2449 quiescentium,
1555 2392 1630 2436 est
1655 2389 1893 2448 excussio,
1922 2386 2124 2437 cedente
2149 2389 2330 2452 quippe
2355 2385 2520 2451 deors,

244 2464 365 2518 sum,
407 2458 540 2522 quod
578 2462 838 2510 excutienti
876 2460 1211 2520 substernitur,
1250 2467 1483 2510 enervata
1519 2461 1823 2523 resistentia3
1862 2462 1932 2509 ita
1968 2459 2101 2524 quod
2138 2467 2244 2511 erat
2283 2460 2519 2526 defluxus,

244 2533 386 2581 navis
425 2531 701 2595 adjecturus
739 2531 886 2582 saltui
924 2534 1073 2595 pomi,
1113 2531 1323 2582 detrahit
1359 2535 1532 2583 iterum
1562 2534 1719 2582 cessio
1758 2533 1884 2597 ejus,
1925 2547 2023 2596 quo
2049 2533 2295 2584 nitebatur
2322 2534 2531 2599 flictu-‚5⁷

244 2605 307 2654 Et
332 2606 561 2666 vicissim,
603 2605 736 2668 quod
762 2611 864 2655 erat
889 2607 1149 2668 pernicitas
1171 2608 1314 2655 navis
1340 2612 1654 2670 praereptura
1680 2605 1832 2656 saltui
1856 2607 1988 2671 pomi
2015 2605 2254 2669 deorsum,
2292 2607 2387 2658 hoc
2409 2606 2522 2675 &dn

246 2677 316 2726 dit
351 2679 626 2728 resistentia
650 2679 819 2728 sortior
855 2678 1116 2728 violentiae
1142 2679 1325 2741 flictus3
1363 2680 1537 2729 fortius
1567 2680 1696 2728 enim
1735 2678 1959 2729 deorsum
1985 2681 2169 2729 excutit
2205 2682 2281 2730 vis
2314 2680 2547 2746 eadem·

245 2765 354 2800 cum
392 2767 423 2801 a
458 2753 575 2801 navi
617 2752 841 2802 deorsum
881 2758 931 2802 et
965 2752 1163 2813 rapitur,
1203 2766 1352 2814 quam
1391 2766 1501 2802 cum
1539 2753 1587 2801 in
1614 2751 1756 2802 litore
1792 2758 1892 2801 stat
1924 2753 2203 2802 immobilis.
2275 2754 2344 2803 At
2370 2767 2515 2831 cum„

245 2829 300 2872 ut
336 2839 425 2887 par
461 2830 561 2885 est,
613 2826 742 2874 vires
780 2823 942 2874 nudae
991 2823 1355 2874 considerantur
1400 2839 1574 2875 manus
1611 2839 1811 2887 pomum
1862 2825 2206 2888 prehendentis
2244 2827 2495 2891 ipsiusque

245 2899 378 2959 pomi
417 2898 630 2961 pondus,
671 2899 748 2947 vis
787 2896 1013 2961 equidem
1049 2896 1249 2946 infertur
1286 2898 1513 2960 utrinque
1551 2896 1747 2959 eadem,
1785 2897 1911 2947 nihil
1947 2898 2011 2948 ad
2047 2898 2175 2949 hanc
2209 2898 2515 2965 magnitude,

250 2970 462 3031 effectus,
505 2972 588 3034 qui
624 2971 741 3020 foris
780 2977 918 3020 extra
951 2983 1146 3030 navem,
1186 2972 1468 3032 compositis
1505 2971 1681 3032 causis,
1720 2976 1795 3020 est
1834 2978 2110 3033 secuturus,
2149 2974 2241 3022 etsi
2275 2979 2514 3048 respectu)

250 3044 391 3092 navis
429 3043 582 3093 solius
623 3044 739 3107 (non
778 3045 926 3093 etiam
962 3037 1178 3108 litorum)
1214 3042 1343 3092 idem
1361 3045 1578 3106 proxime
1601 3043 1815 3092 futurum
1844 3049 1919 3093 est
1942 3045 2006 3093 ab
2032 3045 2140 3109 ipsa
2172 3045 2519 3112 intervallumff'
2551 3075 2554 3115 <3

321 3109 326 3122 ²
396 3115 533 3165 Idem
571 3118 719 3179 igitur
750 3109 1005 3179 judicium
1028 3116 1227 3165 mutatis
1263 3115 1508 3166 mutandis
1562 3121 1611 3166 et
1648 3114 1708 3164 de
1745 3116 2023 3166 bombardis
2061 3123 2179 3168 esto.
2255 3117 2511 3182 Equidem.

250 3187 427 3251 globus
465 3204 684 3252 magnuS,
727 3189 916 3240 duobus
953 3191 1154 3238 minutis
1201 3188 1350 3238 horae
1400 3191 1543 3239 unius
1586 3187 1849 3252 perdurans
1902 3191 1951 3237 in
1991 3189 2158 3238 volatu
2195 3205 2282 3255 per
2317 3195 2509 3273 aerenq'

248 3261 430 3322 trajicit
476 3263 525 3308 in
574 3261 870 3312 occidentem
917 3278 1006 3326 per
1057 3277 1207 3311 unum
1251 3261 1456 3311 milliare
1506 3259 1846 3311 Germanicum
1894 3263 1943 3309 in
1982 3261 2156 3323 Terra,
2209 3265 2509 3328 interimque,

250 3332 426 3394 Terra,
479 3334 700 3396 subiecta
746 3338 1025 3400 aequatori,
1082 3336 1250 3384 obviat
1298 3349 1385 3398 per
1432 3339 1541 3384 octo
1589 3333 1841 3396 milliaria3
1893 3348 2042 3397 quare
2085 3343 2310 3399 respectu
2345 3331 2494 3401 spatii

249 3405 482 3454 mundani
519 3408 702 3468 rapitur
738 3407 912 3469 globus
950 3408 1110 3457 adhuc
1147 3409 1198 3455 in
1220 3409 1523 3467 *contrariam
1559 3412 1720 3456 motus
1745 3405 1948 3456 violenti
1972 3407 2183 3471 plagam,
2221 3409 2407 3460 scilicet
2441 3409 2507 3475 ing,

252 3480 511 3537 orientem,
559 3485 746 3542 septem
784 3480 1070 3530 milliaribus
1105 3480 1322 3543 nihilque
1358 3480 1557 3544 prodest
1593 3481 1638 3530 ei
1684 3478 1819 3528 aliud
1855 3478 2074 3542 explosio
2119 3482 2169 3530 in
2206 3471 2505 3542 contrariam

250 3552 472 3616 plagam,
521 3552 615 3600 nisi
665 3551 796 3614 quod
847 3558 1076 3606 octavum
1124 3553 1327 3603 milliare
1376 3555 1589 3603 absumit
1623 3553 1862 3614 facitque,
1912 3557 1965 3600 ut
2001 3552 2176 3616 globus
2214 3554 2398 3605 tardius
2432 3556 2504 3613 ἰη.

254 3627 487 3675 orientem
525 3630 780 3686 sequatur3
830 3631 1050 3675 excutere
1089 3641 1187 3675 non
1222 3632 1386 3689 potest
1419 3626 1583 3690 pulvis
1618 3625 1818 3689 globum
1865 3627 2057 3688 penitus
2098 3626 2251 3676 veluti
2288 3627 2348 3677 de
2383 3642 2503 3690 rna-f·

255 3698 398 3747 nibus
435 3697 671 3755 Telluris,
723 3711 912 3761 semper
949 3697 1031 3747 ille
1083 3700 1130 3745 in
1168 3701 1347 3748 virtute
1384 3699 1602 3749 trahente
1648 3698 1814 3748 haeret
1848 3699 2085 3760 irretitus3
2137 3701 2180 3748 si
2214 3703 2342 3765 rupit
2377 3715 2500 3765 pret-1·

258 3771 543 3821 hensionem
580 3769 776 3830 indicis,
815 3770 981 3819 haeret
1017 3772 1066 3817 in
1102 3771 1419 3833 prehensione
1457 3771 1757 3821 succedentis
1793 3772 1977 3819 minimi
2015 3771 2169 3835 digiti.
2248 3773 2288 3822 E
2325 3779 2497 3837 contrat
2530 3821 2536 3831 ,

264 3844 457 3909 globus,
503 3845 554 3894 in
599 3844 846 3897 orientem·
879 3844 1085 3897 emissus
1135 3843 1352 3911 ejusdem
1402 3841 1630 3913 temporis
1665 3843 1948 3908 intervallo,
2001 3851 2309 3912 promovetur
2339 3850 2484 3922 raptu
2531 3911 2535 3916 η
