2554 4140
257 137 355 186 156
838 174 844 178 .
1047 145 1050 148 ⁴
1078 133 1311 191 Epitomes
1341 131 1656 178 Astronomiae

253 286 414 344 potest
450 281 595 343 igitur
632 280 740 330 sola
775 282 901 331 ae'ris
938 281 1231 331 illuminatio
1282 282 1424 330 nobis
1470 280 1564 330 hoc
1600 281 1970 344 phaenomenon
2023 296 2227 331 aurorae
2266 287 2491 330 arcuatae

252 354 454 405 salvare.

397 426 648 474 Fortassis
683 427 841 488 iyitur
877 426 1214 475 demonstrari
1247 427 1431 487 poterit
1478 426 1598 474 haec
1636 427 1849 492 altitudo
1893 430 2140 490 sumentis
2179 441 2400 475 aurorae
2436 441 2495 474 ea·

250 499 351 565 solo
388 510 680 559 repercussu
716 498 984 548 radiorum
1013 498 1274 548 Solarium
1309 500 1368 545 in
1405 500 1538 546 αένίδ
1575 499 1734 548 cavo?
1792 499 2020 561 Minime;
2060 514 2172 548 nam
2210 501 2251 546 si
2279 504 2494 546 tantum-

253 570 396 619 modo
447 571 811 632 repercussibus
858 573 1042 619 iteratis
1092 570 1154 618 ad
1201 569 1394 619 oculum
1432 572 1649 619 venirent
1690 571 1812 619 radii
1851 588 1909 621 ex
1947 572 2062 621 Sole
2115 571 2330 619 nondum
2372 577 2492 631 ortu,

252 644 438 706 species
483 649 924 705 repraesentaretur
963 643 1120 691 lineae
1146 649 1305 692 rectae
1330 642 1537 704 lucidae,
1578 658 1747 692 versus
1773 644 1936 694 Solem
1967 645 2190 705 directae,
2229 656 2327 691 non
2352 642 2495 691 latior

253 731 401 779 quam
439 722 643 778 apparet
681 718 784 779 ipse
825 715 924 776 Sol,
965 717 1090 763 sicut
1126 716 1179 763 fit
1215 717 1265 762 in
1303 715 1556 778 superficie
1594 717 1803 764 fluminis
1845 719 2039 780 crispati
2077 723 2244 764 contra
2282 715 2459 764 Solem.

395 786 589 838 Utimur
627 803 740 851 ergo
780 788 1140 850 repercussibus
1177 803 1275 836 non
1314 788 1378 836 ad
1417 788 1707 838 derivandos
1732 790 1893 838 radios
1922 789 2051 838 Solis
2090 791 2139 836 in
2166 787 2373 848 oculum,
2411 788 2496 837 sed

252 860 313 909 ad
351 860 692 909 illustrandum
729 867 883 909 totum
932 874 1104 922 corpus
1159 861 1285 909 aeris
1335 861 1476 910 nobis
1516 863 1746 923 viciniuS,
1797 868 1850 911 ut
1887 862 2209 911 inclarescens
2234 875 2404 924 -porro
2442 875 2494 910 se

250 935 356 997 ipso
394 933 554 982 luceat
590 933 699 982 luce
737 932 965 981 secunda.
1389 967 1404 971 -

402 1006 529 1055 Cum
567 1012 736 1054 autem
774 1019 852 1053 res
888 1008 951 1052 sit
988 1011 1129 1053 certa·
1159 1004 1218 1053 de
1252 1006 1534 1055 substantia
1582 1006 1752 1054 lucida
1801 1009 1936 1055 circa
1975 1006 2162 1066 Solem,
2213 1005 2337 1067 quid
2372 1020 2497 1068 opus
2549 1002 2551 1005 ’

249 1084 315 1133 est
354 1079 600 1127 adducere
638 1082 806 1125 aerem
845 1080 900 1124 in
938 1077 1384 1127 considerationem
1423 1079 1872 1140 crepusculorum?
1943 1079 2102 1128 Multa
2129 1085 2241 1126 sunt
2266 1077 2345 1127 hic
2371 1081 2496 1127 ae'ris

251 1154 441 1212 munia,
482 1163 608 1215 quae
646 1152 814 1213 nequit
853 1152 1054 1213 exsequi
1092 1156 1241 1199 causa
1280 1151 1503 1200 coelestis
1542 1166 1595 1200 se
1632 1152 1758 1213 ipsa.

401 1221 447 1288 l)
486 1221 540 1271 Si
579 1238 637 1271 ex
676 1237 773 1271 una
811 1222 918 1271 sola
956 1225 1151 1272 orientis
1196 1223 1346 1287 plaga
1382 1223 1671 1272 secundaria
1720 1223 1806 1271 lux
1842 1223 2157 1284 allaberetur,
2214 1224 2283 1270 sic
2321 1228 2375 1270 ut
2413 1226 2496 1270 ae'r

250 1310 346 1344 non
385 1295 700 1359 undiquaque
741 1294 1001 1344 colluceret
1038 1298 1089 1342 in
1125 1295 1297 1359 plagas
1338 1310 1518 1357 omneS,
1560 1311 1807 1359 nunquam
1834 1295 2134 1345 illucesceret
2171 1297 2218 1342 in
2259 1294 2495 1344 cubiculis
2549 1343 2554 1356 ,

249 1375 363 1418 ante
402 1367 530 1417 Solis
583 1374 740 1417 ortum
787 1374 834 1417 et
871 1367 1069 1417 tabulae
1117 1369 1288 1417 orienti
1327 1370 1576 1418 obversae.
1613 1367 1742 1417 latus
1781 1368 2035 1417 occiduum
2074 1374 2202 1417 esset
2256 1369 2305 1415 in
2354 1369 2497 1417 meris

250 1442 476 1491 tenebris.
554 1440 607 1505 2)
647 1440 932 1489 Substantia
976 1440 1060 1489 illa
1109 1443 1236 1490 circa
1272 1440 1435 1491 Solem
1486 1439 1648 1489 lucida
1686 1441 1926 1490 interdum
1964 1441 2150 1502 deficit,
2210 1440 2494 1503 crepuscula
2544 1436 2554 1491 5:

249 1529 512 1578 nunquam.
590 1511 641 1578 3)
680 1513 965 1563 Substantia
1005 1513 1090 1562 illa
1136 1521 1343 1577 occupat
1391 1515 1638 1576 regionem
1677 1514 1781 1563 Soli
1822 1516 2056 1575 vicinam,
2106 1513 2375 1576 crepusculi
2412 1512 2497 1562 lux
2552 1516 2554 1518 ’

249 1586 395 1650 paulo
435 1593 547 1636 ante
577 1585 704 1635 Solis
745 1592 915 1647 ortum,
955 1589 1238 1649 praesertim
1277 1594 1478 1647 aestate,
1520 1586 1656 1635 coelo
1697 1594 1799 1635 toto
1839 1587 2319 1655 diffusaaspectatur3
2365 1591 2496 1634 totus
2547 1576 2554 1627 ἶ

250 1662 398 1723 igitur
435 1662 518 1708 ae‘r
556 1657 869 1719 illuminatur,
911 1661 1099 1708 etiamsi
1137 1659 1353 1708 nondum
1379 1666 1605 1722 tangatur
1630 1659 1843 1723 undique
1870 1659 2000 1708 Solis
2027 1656 2189 1707 radiis.
2251 1658 2303 1721 4)
2333 1657 2495 1706 Mani·
2547 1663 2550 1669 '

250 1734 375 1782 festa
414 1734 620 1780 cernitur
660 1731 906 1780 distinctio
944 1747 1068 1795 pene
1105 1732 1474 1783 semicircularis
1513 1746 1539 1781 e
1576 1734 1773 1795 regione
1811 1732 1941 1782 Solis
1988 1734 2111 1781 inter
2148 1738 2332 1798 partem
2370 1732 2496 1780 acris
2546 1763 2548 1765 -

248 1806 544 1868 superiorem
572 1803 894 1853 illuminatam
923 1811 970 1853 et
996 1805 1282 1867 inferiorem,
1323 1805 1403 1854 vel
1426 1819 1568 1853 mane
1594 1805 1808 1854 nondum
1831 1805 2166 1865 illuminatam,
2203 1804 2280 1853 vel
2305 1805 2496 1867 vesperi

245 1879 348 1941 jam
386 1877 627 1940 desertam
665 1891 695 1925 a
732 1878 880 1927 radiis
919 1877 1064 1936 Solis,
1105 1878 1238 1940 quod
1277 1878 1547 1941 emphatice
1587 1879 1738 1927 tribus
1776 1879 1935 1928 verbis
1976 1879 2212 1941 expressit
2238 1876 2494 1940 Virgilius:
2547 1899 2550 1909 ¹

250 1953 358 1999 ruit
409 1966 593 2002 oceano
629 1965 748 2000 nox.
822 1950 964 1999 Hanc
1002 1957 1165 2014 autem
1203 1954 1414 2014 speciem
1469 1964 1566 2008 non
1613 1950 1747 2000 valet
1794 1953 2060 2014 exprimere
2109 1951 2382 1999 substantia
2418 1949 2497 1998 lu-

250 2022 360 2072 cida
397 2025 524 2073 circa
562 2022 741 2072 Solem.
821 2019 870 2088 5)
911 2023 1209 2086 Crepuscula
1246 2026 1437 2081 variant
1476 2023 1812 2084 diuturnitate,
1863 2025 2010 2074 etiam
2050 2037 2158 2072 cum
2197 2037 2345 2071 causa
2383 2036 2497 2071 coe·
2542 2043 2547 2089 3

246 2095 383 2146 lestis
419 2110 516 2145 non
555 2097 782 2144 variatur.
858 2096 982 2144 Nam
1021 2098 1069 2143 in
1108 2096 1399 2157 quibusdam
1425 2099 1577 2156 terris,
1618 2102 1672 2144 ut
1696 2095 1756 2146 de
1784 2096 1998 2146 Chilensi
2023 2102 2226 2145 testatur
2249 2094 2503 2158 Josephus·
2551 2091 2554 2094 ⁴

250 2184 279 2217 a
318 2169 481 2230 Costa,
523 2168 809 2231 crepuscula
844 2176 960 2217 sunt
997 2169 1309 2230 brevissima,
1360 2171 1431 2217 sic
1469 2175 1522 2217 ut
1559 2171 1684 2218 intra
1711 2169 2030 2231 quadrantem
2068 2183 2215 2217 unum
2254 2167 2401 2217 horae
2438 2181 2496 2216 ex
2537 2171 2554 2202 Ἴ

196 2255 204 2260 ·
248 2241 488 2304 profunda
526 2248 668 2290 nocte
705 2240 791 2290 fiat
829 2241 932 2290 dies
971 2241 1251 2300 clarissima,
1292 2242 1455 2290 Solem
1483 2243 1641 2304 ipsum
1667 2245 1824 2291 enixa.
1903 2242 2108 2306 Oportet
2132 2243 2278 2304 igitur
2304 2247 2492 2303 praeter
2547 2270 2549 2279 ,

248 2316 557 2364 ascensiones
594 2315 836 2375 rectioreS,
878 2313 938 2362 de
978 2315 1155 2376 quibus
1194 2314 1315 2363 libro
1342 2314 1432 2375 111,
1475 2316 1622 2363 etiam
1660 2319 1820 2363 aerem
1860 2317 1982 2364 inter
2009 2328 2182 2363 causas
2220 2313 2489 2375 admittere,
2540 2307 2546 2358 s

249 2389 333 2450 qui
369 2387 490 2436 locis
529 2386 624 2435 illis
664 2388 850 2450 purior,
891 2386 1177 2451 pellucidior
1214 2389 1471 2450 minusque
1510 2386 1845 2436 illuminabilis
1883 2387 1961 2449 fit,
2008 2401 2153 2450 quam
2191 2401 2340 2450 penes
2378 2400 2482 2435 nos.
2539 2396 2554 2446 ἵ

250 2460 301 2523 6)
341 2460 584 2509 Praebent
621 2459 735 2508 huic
772 2461 841 2508 rei
890 2461 1218 2509 testimonium
1258 2462 1403 2508 etiam
1457 2459 1675 2509 diversae
1727 2468 1891 2523 partes
1932 2462 2061 2509 anni.
2136 2459 2325 2508 Diebus
2366 2461 2492 2508 enim
2551 2455 2554 2467 '

247 2533 461 2582 hibernis
505 2531 790 2594 crepuscula
827 2538 940 2580 sunt
976 2533 1160 2593 brevia,
1202 2534 1317 2595 quia
1356 2531 1543 2581 defectu
1583 2532 1761 2582 caloris
1796 2537 1878 2582 ae‘r
1917 2539 1994 2582 est
2031 2533 2252 2593 humilis,
2293 2533 2494 2581 aestivis
2538 2531 2547 2594 ζ

249 2611 414 2655 contra
461 2611 574 2654 sunt
626 2604 774 2668 longa
826 2611 874 2653 et
922 2607 1198 2667 pernoctia,
1256 2607 1371 2667 quia
1421 2604 1595 2654 caloris
1635 2621 1838 2655 excessu
1893 2609 1975 2655 aer
2025 2610 2099 2655 est
2137 2606 2294 2654 altior.
2369 2604 2494 2654 Nam
2538 2629 2547 2669 ς

247 2680 522 2728 substantia
560 2679 685 2727 circa
723 2677 888 2726 Solem
924 2677 1102 2737 lucida,
1144 2678 1232 2727 etsi
1275 2676 1522 2726 variabilis
1561 2684 1655 2739 est,
1707 2694 1805 2728 non
1844 2679 2074 2728 observat
2119 2684 2279 2727 tamen
2320 2678 2494 2727 circui·
2539 2690 2549 2744 j

249 2761 349 2801 tum
390 2752 562 2800 caloris
602 2757 650 2800 et
686 2750 875 2813 frigoris
914 2744 1234 2811 elementaris,
1274 2751 1380 2813 ipsa
1418 2750 1642 2799 coelestis
1670 2753 1906 2812 existens;
1946 2767 2035 2823 nec
2072 2750 2315 2800 sufficiunt
2354 2749 2488 2799 solae

250 2839 426 2874 causae
465 2825 846 2883 astronomicae,
899 2823 1022 2872 libro
1062 2823 1152 2871 111.
1194 2822 1532 2886 explicandae,
1584 2823 1646 2872 ad
1686 2808 1987 2882 efficiendam
2025 2825 2150 2873 hanc
2189 2825 2491 2873 varietatem.
2543 2835 2554 2886 ‘-

254 2897 302 2958 7)
343 2897 471 2960 Quin
511 2899 658 2946 etiam
698 2895 868 2945 eodem
907 2898 957 2943 in
994 2895 1118 2956 loco,
1159 2895 1331 2944 iisdem
1358 2895 1656 2958 temporibus
1694 2899 1807 2944 anni
1846 2911 1932 2959 pro
1970 2896 2320 2946 mutationibus
2346 2910 2492 2944 aurac

251 2971 498 3021 variantur
536 2968 834 3032 crepuscula.
912 2968 1151 3031 Tempore
1191 2969 1319 3017 enim
1355 2967 1556 3017 hiberno
1594 2974 1707 3031 post
1742 2969 1871 3032 gelu,
1911 2970 2107 3031 quando
2147 2968 2210 3017 ad
2248 2968 2496 3017 stimulum

251 3049 535 3109 aspectuum
573 3042 831 3091 subitanea
869 3040 1102 3090 resolutio
1143 3041 1334 3103 frigoris
1372 3043 1576 3125 ingruit,
1632 3043 1866 3090 maturius
1904 3042 2090 3091 diescit.
2167 3042 2333 3105 Vapor
2371 3042 2497 3089 enim

251 3115 489 3164 ebulliens
530 3130 589 3165 ex
626 3121 782 3175 terra,
823 3116 908 3177 qui
947 3114 1097 3176 frigus
1135 3113 1309 3174 solvit,
1363 3115 1447 3176 qui
1482 3115 1694 3176 parietes
1731 3116 1966 3175 incrustat
2010 3115 2185 3177 pruina
2222 3114 2496 3163 humectat-

252 3202 361 3251 que,
402 3190 484 3249 qui
523 3194 697 3236 ventos
737 3194 784 3235 et
824 3187 1018 3249 pluvias
1056 3188 1236 3249 gignit,
1294 3185 1419 3234 idem
1458 3164 1608 3235 etiaffi
1651 3189 1699 3234 in
1738 3187 1971 3249 majorem
2011 3186 2232 3237 evehitur
2271 3185 2491 3235 altitudi-
2525 3203 2527 3205 ·

254 3276 367 3309 nem
402 3262 452 3308 vi
492 3260 667 3308 caloris
705 3260 796 3308 sub
838 3266 964 3308 terra
1002 3259 1189 3319 adsciti,
1230 3267 1283 3307 ut
1324 3262 1386 3307 et
1408 3262 1643 3308 maturius
1683 3264 1731 3308 et
1767 3259 1936 3308 fortius
1977 3275 2007 3307 a
2046 3259 2159 3307 Sole
2198 3259 2494 3308 illuminetur
2529 3275 2532 3277 ·

252 3334 564 3394 vicissimque
605 3332 857 3381 illuminet.
934 3331 1095 3380 Causa
1135 3347 1250 3380 vero
1291 3332 1544 3391 coelestis,
1596 3346 1683 3381 seu
1720 3333 1923 3380 materia
1969 3333 2096 3381 circa
2134 3331 2298 3380 Solem
2335 3331 2498 3380 lucida
2538 3370 2554 3386 „

252 3420 347 3454 non
389 3411 486 3452 tam
525 3400 668 3452 facile
709 3411 756 3452 et
797 3403 1012 3464 celeriter
1050 3411 1275 3465 mutatur,
1318 3412 1370 3452 ut
1407 3404 1677 3467 postularet
1712 3404 1791 3453 hic
1830 3405 2051 3465 effectuS,
2093 3419 2183 3453 nec
2220 3406 2366 3453 sentit
2403 3406 2495 3451 sti·

253 3479 434 3527 mulum
472 3476 610 3524 illum
647 3481 948 3539 aspectuum,
989 3479 1106 3539 quia
1143 3483 1371 3539 aspectus
1409 3477 1640 3527 formatur
1676 3482 1865 3526 tantum
1903 3479 1950 3524 in
1984 3477 2146 3536 Terra,
2186 3491 2283 3525 non
2323 3476 2494 3526 eodem
2550 3510 2554 3518 η.

254 3551 658 3613 tempore.ctiam
697 3548 828 3611 apud
863 3547 1041 3599 Solem.
2526 3543 2554 3559 ⁴*

397 3624 465 3670 At
497 3635 818 3682 ,νερενοαεεαε
864 3621 1129 3669 radiorum
1168 3624 1225 3668 in
1264 3637 1392 3670 cava
1428 3622 1684 3685 superficie
1732 3625 1862 3670 ae'ris
1913 3637 2018 3672 non
2055 3623 2255 3672 videtur
2303 3623 2493 3677 admis-

254 3695 472 3746 cendus?
544 3695 649 3742 Imo
677 3709 737 3742 ex
763 3697 948 3755 septem
972 3695 1149 3741 muniis
1177 3696 1300 3743 ac'ris
1336 3695 1441 3757 jam
1469 3694 1724 3758 explicatis
1748 3694 2011 3743 secundum
2039 3696 2110 3743 sic
2136 3703 2209 3744 est
2235 3709 2490 3758 compara-

256 3782 372 3829 tum,
413 3773 466 3816 ut
502 3768 605 3816 sine
644 3766 738 3814 hoc
775 3779 1062 3828 repercussu
1100 3773 1313 3828 nequeat
1350 3768 1596 3830 praestari.
1675 3767 1771 3815 Aer
1795 3769 1936 3826 enim,
1960 3782 2086 3837 *cum
2125 3775 2252 3816 certo
2292 3770 2356 3816 sit
2394 3775 2491 3816 tam

254 3840 466 3903 humilis,
520 3839 773 3895 deficiente
826 3838 1099 3891 substantia
1150 3840 1275 3891 circa
1314 3839 1480 3896 Solem
1526 3839 1710 3907 lucida,
1767 3854 1864 3892 nou
1910 3845 2078 3906 posset
2127 3840 2390 3892 illuminari
2443 3841 2534 3906 in..
