2554 4140
907 137 1051 185 Liber
1079 138 1287 196 Quintus.
1348 140 1462 185 Pars
1491 139 1663 185 Altera.
2307 142 2410 190 427

152 288 499 352 multiplicatur
536 288 585 333 in
624 288 786 335 sinum
825 287 1163 351 complementi
1204 289 1532 338 inclinationis
1584 288 1846 338 distantiae
1883 288 2169 352 propositae
2214 300 2414 350 compe-

84 393 90 397 2
154 365 317 427 tentis,
356 368 404 410 et
443 360 739 422 abjiciuntur
777 375 808 408 a
845 362 973 410 facto
1017 365 1045 410 5
1086 369 1375 426 postremae.
1452 362 1549 411 Seu
1592 362 1916 424 logarithmus
1969 362 2230 410 distantiae
2270 359 2415 409 addi-

154 442 232 483 tur
269 433 678 497 antilogaritbmis
717 433 1046 485 inclinationis
1086 437 1404 500 competentis
1445 442 1493 484 et
1531 434 1585 482 fit
1611 434 1932 496 logarithmus
1971 440 2188 484 curiatae
2228 433 2417 482 distan-

102 532 103 537 =
174 511 187 555 i
288 507 369 554 ind
403 523 448 558 x.

154 514 250 557 tae
305 522 400 628 Πόξ
426 581 721 643 plurimum
759 587 997 630 curtatur
1033 580 1318 630 distantia?
1365 579 1506 629 Circa
1531 579 1709 629 limites
1749 587 1797 629 et
1834 580 1944 644 plus
1970 581 2097 629 circa
2136 579 2290 640 illum,
2332 581 2417 643 qui

57 645 59 668 ²
152 653 354 701 vicinior
391 658 465 702 est
502 654 715 716 apheli0.
794 652 860 704 Ut
897 656 939 703 si
968 654 1029 716 V,
1069 654 1114 702 Y
1140 655 1238 702 sint
1275 645 1468 714 limites,
1508 654 1676 716 itaque
1705 653 1758 711 Z,
1801 654 1864 702 W
1891 652 1993 715 poli
2035 653 2238 713 orbitae,
2281 660 2330 701 et
2371 652 2416 702 V

152 727 356 774 vicinior
393 726 590 790 aphelio
630 742 780 791 quam
818 727 878 788 Y,
918 729 1008 777 erit
1045 727 1141 776 HR
1177 726 1370 790 longior
1408 741 1554 789 quam
1593 725 1671 775 FS
1711 733 1758 775 et
1797 726 2084 789 longissima
2121 729 2352 775 omnium.

741 843 829 893 De
868 847 1036 892 motu
1073 841 1365 907 apsidum
1403 847 1463 891 et
1500 841 1818 891 nodorum.

301 930 562 1008 Quomodo
599 943 774 1007 definis
810 952 1006 994 motum
1045 945 1235 1007 apsidis
1288 947 1345 993 in
1379 946 1600 1007 planetis
1644 943 1952 1007 primariis?
2007 945 2092 992 Est
2145 959 2285 993 arcus
2333 960 2416 993 or-

150 1017 281 1065 bitae
320 1018 412 1066 sub
451 1018 587 1079 fixiS,
639 1019 935 1081 interceptus
974 1020 1098 1067 inter
1134 1017 1184 1066 id
1223 1018 1330 1081 ejus
1367 1025 1629 1083 punctum,
1670 1017 1800 1080 quod
1841 1032 1949 1066 cum
1991 1024 2122 1066 certo
2164 1018 2417 1081 eclipticae

29 1097 90 1140 ιβ
149 1083 340 1154 puncto
370 1095 509 1153 (puta
535 1105 643 1138 cum
683 1093 922 1155 principio
949 1091 1129 1140 Arietis
1169 1091 1251 1140 vel
1290 1091 1436 1139 etiam
1478 1106 1586 1139 cum
1625 1093 1781 1155 prima
1819 1089 1963 1139 stella
1991 1088 2189 1156 Arietis)
2228 1107 2416 1155 acqua-

148 1163 256 1211 liter
305 1178 336 1211 a
381 1163 512 1211 nodo
553 1162 791 1214 evehente
840 1164 1017 1226 distat,
1042 1181 1043 1186 ¹
1072 1171 1121 1214 et
1157 1165 1282 1213 inter
1319 1164 1480 1213 locum
1521 1179 1740 1213 summae
1787 1163 1995 1227 apsidis,
2046 1171 2330 1214 numeratus
2369 1166 2415 1212 in

26 1265 59 1307 ι1
153 1238 503 1298 consequentia
539 1238 806 1299 signorum.

303 1309 483 1372 Qualis
521 1317 589 1358 est
626 1312 719 1359 iste
755 1317 922 1382 motus
959 1309 1188 1372 apsidis?
1238 1309 1489 1359 Statuitur>
1517 1310 1794 1374 aequabilis
1842 1307 1887 1376 i)
1924 1316 2121 1374 propter
2158 1312 2417 1374 inexspec-

150 1382 350 1431 tabilem
401 1381 707 1445 tarditatem,
758 1398 857 1447 qua
910 1383 1238 1447 impediuntur
1282 1386 1579 1445 astronomi,
1630 1390 1686 1432 ut
1722 1390 1906 1432 motum
1961 1384 2091 1457 bunc
2128 1400 2214 1448 per
2252 1391 2416 1448 partes

147 1455 365 1517 singulas
403 1458 622 1505 exactius
661 1457 966 1507 considerare
1005 1472 1101 1506 non
1140 1459 1344 1521 possint,
1389 1460 1447 1522 2),
1479 1459 1596 1520 quia
1634 1458 1870 1506 habemus
1910 1457 2187 1521 exemplum
2225 1474 2415 1521 aequa-

58 1535 61 1556 ¹
147 1526 300 1577 litatis
337 1528 386 1576 in
426 1543 555 1587 uno,
606 1530 655 1577 in
695 1544 794 1593 quo
833 1531 995 1579 brevis
1036 1535 1110 1579 est
1147 1529 1333 1594 apsidis
1371 1530 1627 1593 periodus,
1680 1531 1867 1580 scilicet
1914 1533 1964 1579 in
2000 1531 2161 1581 Luna.
2238 1532 2415 1595 Itaque

147 1603 386 1665 principia
423 1602 570 1665 hujus
606 1609 770 1652 motus
809 1604 1030 1668 physica,
1067 1618 1194 1667 quae
1231 1603 1357 1652 libro
1396 1603 1484 1651 IV.
1524 1604 1605 1653 sol.
1650 1605 1769 1654 382.
1811 1604 2154 1668 delibavimus,
2195 1612 2248 1654 ut
2273 1607 2417 1655 meris

58 1673 60 1699 ⁹
148 1676 316 1744 innixa
356 1675 663 1738 conjectum,
705 1676 827 1724 nihil
864 1677 978 1726 huic
1016 1677 1358 1740 aequabilitati
1396 1676 1735 1740 praejudicare
1771 1686 2006 1742 possunt,
2062 1680 2291 1742 quamvis
2328 1694 2415 1744 per

149 1763 207 1797 ea
243 1749 404 1797 m'otus
454 1751 546 1798 iste
585 1748 813 1799 videatur
860 1750 1187 1814 inaequabilis
1234 1750 1357 1800 effici
1397 1764 1559 1813 posse.
1635 1750 1734 1801 Sed
1773 1751 1834 1801 de
1885 1751 1979 1801 hoc
2016 1752 2157 1815 plura
2197 1753 2281 1802 lib.
2321 1753 2412 1802 VI.

26 1839 67 1885 ῃ
146 1834 296 1885 penes
332 1821 558 1884 planetas
596 1822 833 1886 singulos.
872 1845 874 1847 ·

66 1940 67 1945 ,
294 1895 432 1959 Quid
466 1896 851 1959 intelliyendum
889 1901 959 1944 est
993 1910 1086 1959 per
1121 1902 1316 1946 motum
1354 1884 1610 1946 nodorum
1649 1899 1706 1946 in
1735 1900 2020 1960 primariis,
2059 1913 2148 1948 seu
2185 1900 2312 1964 quid
2347 1906 2417 1949 est

59 1966 67 2034 ᾗ
146 1968 268 2017 nodi
304 1969 609 2031 lonyitudo?
664 1969 831 2018 Motus
870 1967 987 2017 nodi
1027 1974 1102 2018 est
1138 1984 1279 2018 arcus
1319 1969 1598 2032 eclipticas,
1649 1977 1932 2021 numeratus
1983 1974 2033 2020 in
2072 1973 2415 2024 antecedentia

59 2097 61 2110 ἦ
147 2042 395 2104 signorum
435 2057 474 2091 a
502 2049 635 2092 certo
674 2042 782 2105 ejus
820 2048 1000 2105 puncto
1039 2039 1178 2111 (puta
1216 2041 1295 2092 vel
1322 2059 1352 2092 a
1389 2045 1626 2107 principio
1657 2045 1853 2106 Arietis,
1895 2045 1975 2095 vel
2015 2062 2045 2096 a
2082 2046 2191 2096 loco
2230 2050 2416 2111 primae

147 2115 318 2165 stellae
359 2111 565 2183 Arietis)
614 2130 771 2179 usque
822 2115 885 2165 ad
924 2115 1085 2165 locum
1136 2115 1251 2164 nodi
1303 2116 1630 2167 ascendentis.
1706 2117 1894 2180 Quodsi
1932 2119 2019 2169 fiat
2054 2123 2328 2171 numeratio
2366 2123 2417 2169 in

59 2247 61 2254 Ι
148 2190 511 2251 consequentia,
551 2196 667 2238 tunc
706 2203 848 2239 arcus
886 2188 966 2238 hic
1005 2191 1152 2241 etiam
1190 2189 1446 2253 longitudo
1484 2190 1600 2240 nodi
1641 2189 1737 2241 dici
1775 2198 1953 2254 potest.

293 2262 470 2325 Qualis
505 2269 576 2322 est
612 2263 691 2312 hic
728 2262 984 2312 nodorum
1023 2262 1224 2312 motus?
1271 2263 1377 2311 Etsi
1414 2264 1704 2315 rationabile
1744 2272 1832 2327 est,
1872 2267 2019 2315 etiam
2059 2267 2210 2331 hujus
2247 2268 2416 2333 puncti

115 2340 329 2383 smotum
368 2337 416 2382 in
454 2350 507 2384 se
545 2337 653 2399 ipso
692 2336 1005 2399 aequabilem
1043 2351 1166 2398 esse,
1206 2335 1400 2386 videtur
1437 2339 1482 2386 ei
1519 2343 1681 2388 tamen
1721 2340 2049 2403 inaequalitas
2088 2343 2251 2392 inesse
2289 2356 2448 2392 non-.

146 2407 280 2457 nulla
318 2423 377 2457 ex
416 2407 671 2470 accidenti,
710 2414 908 2472 propter
945 2409 1246 2459 luxationem
1287 2410 1555 2473 eclipticae,
1598 2412 1657 2461 de
1697 2427 1795 2475 qua
1831 2413 1915 2462 lib.
1959 2415 2071 2463 VII.

60 2484 61 2498 ³
292 2481 432 2546 Quas
465 2482 660 2545 fiyuras
697 2482 987 2531 describunt
1021 2483 1148 2531 nodi
1185 2490 1232 2531 et
1268 2484 1448 2532 limites
1486 2486 1703 2535 motibus
1738 2487 1878 2535 suis?
1915 2488 2043 2537 Nodi
2083 2488 2282 2552 quidem
2319 2490 2413 2539 sub

147 2555 310 2603 circuli
346 2569 525 2618 magno
567 2555 822 2619 eclipticae
861 2554 1107 2617 incedunt,
1143 2555 1325 2606 limites
1363 2571 1483 2607 vero
1524 2559 1725 2619 orbitae,
1765 2561 1814 2606 in
1854 2568 2090 2624 quantum
2131 2577 2297 2611 eorum
2335 2563 2414 2610 in-

60 2647 63 2697 }
146 2627 343 2677 clinatio
382 2643 663 2691 permanere
702 2630 907 2691 ponitur'
937 2629 1281 2690 immutabilis,
1337 2629 1569 2679 incedunt
1608 2633 1655 2679 in
1697 2633 1890 2683 circulis
1927 2635 2179 2698 parallelis
2218 2635 2413 2700 eclipti-

60 2704 63 2763 j
122 2715 249 2771 ocae,
291 2700 374 2751 vel
411 2703 455 2750 ei
494 2701 691 2762 circulo,
731 2706 956 2765 respectu
996 2702 1135 2765 cujus
1174 2702 1425 2752 inclinatio
1464 2711 1538 2753 est
1575 2706 1910 2756 immutabilis.

61 2824 64 2846 ,
314 2785 387 2830 Ad
429 2790 610 2842 captum
644 2786 894 2841 juvandum
931 2791 1085 2843 potest
1123 2799 1278 2832 eorum
1316 2792 1468 2833 motus
1509 2789 1832 2847 imaginatione
1872 2805 1964 2837 non
1999 2792 2157 2850 inepta
2201 2791 2411 2850 polorum

36 2863 63 2910 gg
141 2852 347 2908 proponi,
378 2851 620 2903 dummodo
653 2858 884 2897 teneamus
915 2852 1016 2910 hoc,
1047 2852 1236 2910 physice
1265 2851 1493 2910 loquendo
1525 2853 1643 2910 polis
1674 2855 1799 2900 haud
1831 2869 1945 2912 opus
1967 2869 2080 2902 esse.
2127 2859 2189 2904 Ut
2219 2859 2266 2902 in
2282 2858 2412 2903 sche-

62 2915 63 2928 ¹
141 2921 260 2960 mate
290 2917 494 2973 proximo
518 2916 576 2960 sit
607 2916 753 2962 orbita
772 2918 854 2963 VY
885 2919 1242 2973 (continuatione
1268 2920 1392 2978 plani
1421 2923 1707 2979 transposita
1738 2923 1821 2968 sub
1838 2923 1985 2980 fixas),
2018 2925 2119 2981 ejus
2150 2923 2246 2982 poli
2267 2925 2318 2982 Z,
2349 2926 2410 2971 W

32 3043 36 3047 ι
61 2995 63 3041 ς
143 2987 407 3026 moveantur
436 2982 483 3025 in
512 2982 663 3038 parvis
696 2983 887 3029 circellis
919 2985 1039 3031 circa
1069 2987 1304 3043 eclipticae
1336 2986 1420 3032 ΤΧ
1451 2988 1582 3045 polos
1613 2988 1663 3043 P,
1696 2987 1750 3044 Q.
1811 2989 1866 3033 In
1897 3003 2031 3046 quam
2060 2991 2198 3047 igitur
2227 2990 2412 3050 plagam

62 3075 63 3103 p
142 3046 178 3091 Z
207 3047 351 3105 vergit
380 3060 407 3091 a
436 3047 473 3091 P
506 3047 665 3103 quovis
696 3053 922 3107 tempore,
964 3051 1010 3094 in
1050 3051 1240 3097 eandem
1271 3057 1316 3097 et
1347 3050 1476 3106 limes
1506 3053 1549 3098 V
1577 3059 1732 3109 verget
1769 3055 1827 3099 ab
1860 3055 2096 3112 eclipticae
2133 3062 2265 3114 parte
2297 3059 2335 3103 T
2365 3063 2412 3103 et

140 3110 267 3157 limes
297 3113 336 3167 Y
367 3112 423 3155 ab
456 3111 691 3169 eclipticae
721 3120 852 3169 parte
883 3118 936 3172 X,
968 3121 1014 3160 et
1045 3114 1102 3159 ad
1134 3116 1370 3179 circuitum
1400 3116 1544 3174 ipsius
1574 3118 1611 3162 Z
1641 3117 1689 3162 in
1718 3132 1859 3176 parvo
1892 3121 2092 3172 circello,
2125 3123 2202 3180 qui
2234 3123 2294 3168 sit
2322 3124 2410 3181 ipsi

141 3176 222 3221 ΤΧ
250 3177 520 3234 parallelus,
563 3179 607 3222 in
638 3177 828 3222 eandem
858 3179 1039 3235 plagam
1070 3185 1285 3236 sequetur
1317 3182 1453 3226 etiam
1489 3182 1619 3227 limes
1651 3184 1692 3228 V
1722 3185 1770 3229 in
1799 3186 2021 3243 parallelo
2052 3189 2410 3247 septentrionali,

62 3247 64 3253 ’
141 3248 266 3287 tanto
297 3243 471 3299 majori,
505 3249 675 3300 quanto
707 3244 892 3301 propior
922 3249 994 3290 est
1021 3245 1109 3302 ipsi
1139 3246 1233 3303 TX,
1268 3251 1314 3291 et
1343 3248 1409 3293 sic
1430 3249 1470 3292 Y
1490 3248 1537 3292 in
1566 3248 1786 3304 parallelo
1818 3252 2021 3297 australi.
2083 3254 2272 3313 Semper
2292 3257 2408 3302 enim

143 3311 274 3351 erunt
305 3308 351 3352 in
382 3310 539 3355 eodem
569 3310 738 3354 circulo
769 3322 931 3367 magno
969 3310 1275 3356 inclinationis
1306 3318 1476 3368 puncta
1505 3312 1594 3358 ista
1625 3327 1727 3359 sex:
1766 3316 1862 3373 poli
1901 3318 2076 3364 orbitae
2106 3320 2155 3374 Z,
2188 3322 2270 3380 W,
2312 3324 2409 3381 poli

63 3439 65 3444 Α
143 3371 375 3429 eclipticae
405 3378 451 3430 P,
483 3375 535 3431 Q,
572 3381 620 3420 et
650 3374 815 3419 limites
850 3374 1021 3420 orbitae
1051 3375 1107 3429 V,
1140 3376 1193 3419 Y.

64 3518 65 3522 Ἰ
284 3450 533 3500 Hactenus
585 3454 732 3515 igitur
779 3451 838 3500 de
893 3450 1255 3500 definitionibus
1309 3455 1622 3503 terminorum
1672 3457 1858 3507 orbitae
1907 3459 2211 3523 planetariae
2260 3466 2403 3528 eique

64 3566 66 3584 ξ
142 3522 485 3587 circumscripti
536 3525 703 3574 circuli
753 3525 1032 3584 eccentrici,
1084 3538 1210 3586 quae
1260 3527 1375 3588 quia
1424 3530 1698 3578 communia
1745 3539 1859 3581 sunt
1910 3535 2134 3585 omnibus
2173 3537 2402 3601 planem,

64 3597 66 3653 ξ
141 3593 265 3643 libro
300 3595 395 3645 hoc
435 3597 493 3646 V.
532 3598 887 3660 praemittenda
924 3597 1130 3646 fuerunt.
1211 3595 1434 3648 Ceterum
1474 3616 1615 3651 usum
1651 3602 1824 3653 horum
1862 3607 1910 3654 in
1949 3607 2160 3672 planetis
2197 3611 2401 3676 singulis

142 3666 385 3716 trademus
422 3669 544 3719 libro
584 3671 809 3734 sequenti
850 3669 936 3718 VI.

333 3766 505 3820 FINIS
542 3770 726 3820 LIBRI
765 3770 1012 3835 QUINTI,
1052 3769 1436 3824 THEORICAE
1476 3774 1863 3830 DOCTRINAE
1901 3781 2207 3834 SECUNDI.
