2554 4140
128 105 230 155 756
896 99 1207 146 consideratio
1240 99 1606 146 observationum

155 249 224 289 31.
256 246 325 288 25.
354 246 410 293 Ξ
562 243 686 285 1504.
724 245 792 287 19.
823 244 919 287 Jan.
986 244 1064 284 Per
1094 243 1279 284 armillas
1868 244 2036 285 Excedo
2053 255 2127 295 per
2157 245 2184 285 3
2214 245 2280 285 vel
2313 244 2387 284 de-

1925 304 2026 343 ficio
2056 314 2130 354 per
2162 304 2231 343 10.

154 363 225 405 32.
256 362 327 404 30,
359 382 413 388 -
562 360 688 402 1462.
726 361 794 401 15.
825 359 938 410 Sept.
986 359 1187 400 Adhibita
1231 359 1461 400 latitudine
1505 373 1582 412 pro
1632 363 1852 403 aestimata
1869 361 2036 401 Excedo
2059 361 2125 400 vel
2147 360 2299 400 deficio
2316 373 2389 412 per

152 436 161 443 ·
1045 417 1268 470 distantia,
1334 420 1369 458 si
1421 423 1567 460 exacta
1618 421 1851 460 aestimatio
1928 420 1972 462 5.
2001 419 2082 458 Hic
2113 431 2226 459 error
2255 419 2387 470 scrip-

1041 480 1179 516 rectae
1299 473 1304 476 ’
1927 479 2030 517 toris
2060 479 2105 517 in
2124 474 2360 518 latitudine.

154 537 224 578 33.
284 536 326 576 4.
364 531 396 585 Ω
562 535 687 575 1504.
750 535 788 575 9.
822 533 922 574 Feb.
983 533 1060 572 Per
1090 533 1273 574 armillas
1872 536 2037 576 Excedo
2069 547 2143 586 per
2173 533 2276 590 3¹l2.

154 611 225 652 34.
288 611 328 651 6.
364 629 420 638 --
562 609 692 650 1477.
724 608 795 649 15.
829 607 922 649 Oct.
983 607 1028 646 Si
1058 607 1149 646 fida
1178 607 1375 647 mediatio
1407 609 1520 647 inter
1542 620 1697 648 errores
1727 609 1851 661 radii,
1872 609 2035 647 Deficio
2057 620 2129 659 per
2155 610 2212 649 25
2233 610 2298 647 vel
2321 620 2392 659 per

1041 668 1114 704 aut
1146 665 1183 705 si
1213 664 1328 707 fidus
1359 662 1404 705 in
1437 669 1650 717 contextu,
1681 678 1755 717 per
1786 664 1853 705 la·
1931 669 2000 709 10.
2031 666 2118 706 Hic
2130 669 2256 707 etiam
2268 668 2391 717 paulo

1042 723 1268 763 titudinem
1508 724 1517 733 ⁰
1930 727 2025 764 ante
2057 737 2168 765 error
2198 728 2244 766 in
2265 730 2388 767 msto.

153 783 222 824 35.
257 783 321 823 13.
354 804 408 811 —-
562 783 691 823 1462.
726 782 918 825 16.-Oct.
985 780 1031 821 Si
1069 780 1178 821 fida⁴
1201 783 1439 822 aestimatio
1475 783 1784 832 praeventionis
1815 786 1856 821 et

1042 841 1351 890 postventionis
1384 841 1493 880 fixae
1873 840 2036 880 Deficio
2066 851 2142 891 per
2173 841 2244 884 17.

151 901 220 941 36.
253 899 324 941 17.
357 920 411 927 —-
563 898 690 940 1504.
750 899 795 940 8.
827 898 948 938 Mart.
985 897 1031 938 Si
1062 898 1177 938 fidae
1208 899 1398 940 armillae
1873 899 2040 938 Excedo
2071 910 2145 949 per
2177 900 2246 942 13.

210 1051 505 1110 Meditatio
553 1067 731 1125 super
794 1051 1146 1123 computatis
1202 1050 1710 1108 observationibus
1758 1050 2200 1122 Regiomontani
2248 1057 2308 1110 et

929 1137 1212 1198 Waliheri
1258 1139 1317 1196 in
1362 1138 1561 1196 Marte.

268 1255 404 1305 Loca
432 1260 497 1306 36
539 1261 653 1304 sunt
690 1261 986 1321 computata,
1027 1271 1052 1305 ε
1092 1257 1270 1319 quibus
1306 1246 1381 1306 '14
1408 1255 1741 1320 deprehensae
1776 1262 1892 1304 sunt
1930 1258 2176 1306 continere
2203 1259 2392 1320 vitium,

121 1329 406 1393 graphicum
444 1328 642 1391 quidem
682 1328 807 1378 duae
848 1332 900 1392 (1
933 1335 980 1379 et
1010 1328 1115 1393 25),
1155 1331 1204 1377 in
1241 1343 1443 1378 numero
1483 1329 1670 1378 dierum
1695 1335 1791 1377 tres
1831 1329 1901 1392 (3,
1947 1333 2028 1390 15,
2074 1331 2176 1395 16),
2217 1331 2392 1380 saltem

124 1405 174 1450 in
219 1402 411 1450 diversa
437 1404 773 1451 numeratione
799 1403 1026 1465 principii
1052 1402 1165 1462 diei,
1211 1408 1234 1451 7
1277 1404 1325 1450 in
1351 1402 1477 1451 falsa
1500 1401 1600 1450 fixa
1623 1399 1692 1468 (2,
1735 1406 1782 1462 4,
1823 1406 1871 1462 8,
1914 1407 1996 1463 11,
2041 1404 2122 1464 13,
2163 1409 2246 1465 21,
2288 1409 2393 1468 22),

128 1481 153 1523 1
199 1477 247 1522 in
287 1475 627 1523 aestimatione
665 1475 912 1524 intervalli
951 1471 1094 1542 (33),
1136 1481 1184 1525 et
1221 1489 1307 1540 per
1346 1474 1610 1524 diametros
1636 1474 1808 1523 Lunae
1846 1488 1944 1523 una
1971 1472 2112 1542 (19),
2153 1477 2202 1523 in
2243 1479 2396 1526 aesti-

121 1550 340 1597 matione
389 1553 551 1596 rectae
599 1550 847 1612 praecisae
897 1563 983 1611 per
1021 1547 1144 1597 fixas
1184 1548 1311 1598 duae
1363 1547 1423 1597 de
1460 1548 1719 1611 prioribus.
1798 1547 1870 1595 Ex
1907 1547 1984 1596 his
2036 1550 2396 1599 observationi-

121 1621 214 1670 bus
256 1626 281 1668 7
326 1626 550 1670 constant
588 1620 725 1670 radio
764 1621 927 1670 fallaci
968 1621 1038 1684 (3,
1082 1626 1129 1683 4,
1174 1626 1218 1683 7,
1263 1626 1310 1682 9,
1357 1625 1438 1682 13,
1481 1626 1564 1681 27,
1608 1619 1714 1683 34),
1756 1619 1819 1669 ad
1861 1625 1924 1669 10
1967 1624 2209 1670 concurrit
2245 1624 2397 1672 aesti-

122 1695 272 1742 matio
301 1692 563 1742 distantiae
591 1708 676 1756 per
705 1708 757 1742 se
783 1694 972 1743 lubrica
997 1693 1086 1757 (sc.
1114 1693 1177 1743 ad
1221 1699 1266 1754 1,
1308 1698 1355 1754 8,
1401 1699 1482 1755 14,
1528 1698 1612 1756 15,
1656 1699 1736 1753 17,
1779 1699 1862 1754 21,
1909 1698 1993 1755 22,
2037 1699 2120 1755 26,
2164 1700 2247 1757 29,
2289 1697 2395 1757 35),

125 1772 187 1815 11
231 1771 457 1815 constant
495 1768 834 1816 aestimatione
872 1773 1032 1815 rectae
1071 1781 1158 1829 per
1198 1772 1228 1816 2
1268 1766 1392 1816 fixas
1432 1769 1506 1828 (2,
1562 1770 1608 1827 5,
1663 1770 1712 1826 8,
1768 1771 1848 1828 14,
1905 1771 1985 1828 17,
2042 1771 2126 1832 18,
2184 1773 2268 1834 19,
2310 1773 2394 1829 24,

129 1844 214 1900 29,
256 1844 340 1900 30,
382 1840 500 1899 32),
544 1845 570 1887 7
611 1845 726 1887 sunt
763 1839 962 1889 habitae
1000 1854 1087 1902 per
1125 1839 1340 1888 armillas
1379 1845 1458 1889 sat
1494 1839 1617 1888 fidas
1655 1837 1724 1906 (6,
1768 1844 1851 1899 23,
1906 1843 1989 1899 25,
2043 1844 2126 1901 28,
2182 1846 2265 1902 31,
2309 1846 2393 1902 33,

126 1912 239 1976 36),
303 1926 403 1960 una
441 1926 527 1975 per
565 1920 625 1965 0(
660 1907 730 1978 Q
769 1909 907 1979 (20),
951 1917 980 1961 8
1022 1926 1108 1975 ρει·
1146 1924 1207 1968 0(
1255 1926 1366 1961 cum
1414 1926 1509 1961 una
1547 1912 1646 1962 fixa
1684 1912 1759 1976 (1,
1805 1917 1886 1972 10,
1931 1917 2012 1974 11,
2056 1918 2137 1974 16,
2182 1918 2264 1976 21,
2310 1918 2392 1975 22,

125 1990 208 2047 26,
251 1982 369 2047 35),
415 1989 438 2033 1
482 1998 568 2047 ρει·
607 1993 667 2038 0(
717 1999 826 2033 cum
871 1981 931 2053 Ἦ,
975 1985 1195 2034 solitario
1234 1981 1374 2053 (12).

273 2056 395 2106 Cum
434 2063 598 2106 autem
638 2057 923 2120 plerumque
962 2072 1171 2122 parvum
1196 2059 1260 2108 sit
1299 2059 1557 2107 discrimen
1596 2059 1721 2108 inter
1746 2057 2143 2107 observationem
2182 2063 2231 2106 et
2257 2072 2393 2107 com-

121 2131 450 2193 putationem,
502 2137 671 2192 posset
720 2130 771 2178 id
808 2131 955 2193 plane
996 2133 1240 2180 contemni
1277 2133 1326 2179 in
1366 2132 1456 2191 iis,
1513 2145 1641 2193 quae
1690 2145 1777 2194 per
1813 2130 2004 2179 radium
2044 2144 2271 2194 quaeque
2309 2145 2395 2195 per

123 2204 515 2252 aestimationem
554 2203 636 2252 vel
672 2209 833 2252 rectae
872 2204 951 2253 vel
992 2204 1253 2252 distantiae
1303 2206 1550 2265 etiamque
1588 2218 1715 2266 quae
1754 2217 1839 2266 per
1878 2203 2092 2252 armillas
2130 2210 2244 2252 sunt
2280 2218 2394 2267 ρει·-

122 2283 278 2325 actae.
344 2274 506 2336 Solae,
537 2289 663 2338 quae
689 2290 774 2338 per
792 2287 853 2332 0²
886 2276 1114 2340 planetae
1139 2290 1248 2325 cum
1275 2276 1418 2325 Luna
1443 2282 1528 2324 aut
1548 2290 1658 2325 cum
1676 2276 1880 2325 fixarum
1907 2291 2004 2326 una
2035 2282 2147 2325 sunt
2174 2276 2392 2339 habitae,

122 2347 234 2411 pl'us
283 2347 510 2397 videntur
573 2350 747 2398 mereri
796 2348 909 2397 fidei
959 2351 1006 2396 in
1053 2349 1303 2411 arguendo
1357 2349 1632 2398 discrimine
1687 2348 1863 2398 calculi
1919 2355 1966 2398 et
2020 2350 2393 2399 observationis.

123 2421 247 2470 Illae
295 2422 442 2484 igitur
494 2427 608 2469 sunt
653 2421 795 2470 nobis
836 2421 1218 2472 considerandae
1257 2421 1496 2485 amplius,
1550 2421 1796 2485 adjunctis
1837 2427 2076 2471 rectarum
2130 2422 2392 2485 aliquibus,

125 2508 252 2556 quae
290 2495 339 2541 in
377 2493 684 2542 latitudinem
729 2495 912 2543 abeunt
949 2501 998 2543 et
1035 2495 1120 2544 ubi
1158 2494 1359 2557 planeta
1396 2509 1568 2558 parum
1617 2494 1774 2544 abfuit
1812 2510 1843 2544 a
1870 2494 2076 2544 fixarum
2101 2510 2212 2544 una.
2287 2495 2394 2557 Igi-

126 2573 204 2615 tur
242 2568 292 2614 in
336 2571 417 2615 17.
462 2570 543 2616 18.
587 2571 668 2628 19,
713 2567 798 2615 ubi
840 2568 1129 2617 observatus
1168 2574 1241 2616 est
1282 2574 1320 2624 (ς
1372 2568 1435 2617 ad
1475 2582 1656 2617 cornua
1694 2573 1742 2616 et
1780 2567 1950 2616 oculos
2001 2566 2046 2628 ὅ
2097 2583 2184 2631 ρει·
2220 2574 2392 2629 rectas,

127 2639 310 2689 excedo
349 2653 433 2703 per
475 2644 521 2700 9,
564 2644 610 2701 4,
655 2641 714 2698 6,
773 2646 809 2696 <s
867 2642 914 2687 in
968 2642 1235 2690 eccentrico
1288 2647 1392 2689 erat
1442 2642 1489 2687 in
1527 2639 1623 2689 fine
1667 2640 1725 2701 Υ
1771 2648 1819 2690 et
1861 2642 1999 2690 initio
2051 2640 2126 2701 ὅ.
2203 2641 2301 2690 Sed
2340 2642 2390 2688 in

127 2717 212 2762 21.
255 2717 339 2761 22.
380 2710 579 2777 planeta
628 2711 834 2761 diversis
881 2715 1021 2762 annis
1074 2713 1248 2762 eodem
1294 2715 1343 2760 in
1383 2713 1492 2762 loeo
1539 2715 1795 2762 eccentrici
1847 2720 2008 2773 stans,
2065 2716 2114 2761 in
2152 2715 2391 2777 principio

124 2799 191 2836 sc.
234 2786 328 2845 Π,
377 2785 512 2833 visus
551 2791 626 2833 est
672 2800 781 2833 cum
821 2785 992 2835 eadem
1031 2785 1173 2836 stella
1221 2788 1270 2833 in
1310 2792 1480 2836 ventre
1521 2787 1616 2847 Π,
1669 2792 1718 2835 et
1755 2792 1919 2836 tamen
1970 2801 2067 2835 una
2106 2789 2214 2836 vice
2251 2801 2391 2836 asse-

126 2871 270 2920 quor,
327 2856 483 2906 altera
538 2858 721 2906 excedo
770 2874 855 2922 per
897 2865 981 2908 24.
1059 2859 1170 2907 Ηοε
1218 2859 1442 2922 regulare
1490 2859 1612 2906 nihil
1667 2861 1809 2923 sapit.
1886 2858 2018 2907 Anni
2056 2859 2191 2909 suere
2234 2864 2388 2921 1488,

131 2932 286 2990 1503,
327 2929 456 2978 idem
495 2933 675 2979 mensis
700 2930 1018 2994 Septembris.
1091 2933 1268 2980 Fixam
1304 2938 1511 2995 utroque
1538 2938 1756 2994 tempore
1796 2931 2122 2981 diversimode
2161 2933 2390 2996 scriptam

124 3001 335 3051 latitudo
374 3002 551 3065 prodit,
592 3017 833 3066 quaenam
871 3005 1030 3055 suerit.
1108 3004 1373 3053 Confirmat
1398 3003 1640 3054 calculum
1666 3011 1713 3053 et
1743 3010 1826 3066 26,
1868 3019 1994 3068 quae
2034 3004 2156 3053 vidit
2198 3012 2235 3062 ἆ
2281 3019 2390 3053 cum

124 3075 374 3137 Praesepe
413 3078 574 3124 vicina
623 3076 795 3125 eodem
835 3087 1001 3126 mense
1041 3077 1369 3140 Septembris,
1420 3077 1507 3126 sed
1554 3092 1599 3125 a.
1644 3082 1810 3138 1490,
1861 3093 1971 3127 cum
2023 3085 2151 3126 esset
2200 3079 2390 3126 ratione

128 3149 386 3196 eccentrici
424 3150 472 3196 in
513 3148 607 3198 fine
649 3150 741 3209 Π,
793 3150 923 3212 quod
965 3164 1215 3212 assequor.
1293 3150 1368 3199 Ex
1406 3149 1614 3199 adverso
1666 3149 1947 3199 confirmare
1987 3149 2177 3199 videtur
2217 3165 2390 3198 exces-

127 3234 236 3269 sum
276 3219 452 3268 calculi
492 3223 540 3267 in
584 3226 629 3269 1.
670 3223 799 3270 idem
839 3223 1052 3280 Asellus,
1094 3238 1201 3272 cum
1242 3237 1340 3285 quo
1379 3226 1515 3272 visus
1556 3228 1630 3271 est
1666 3223 1865 3286 planeta
1907 3228 2045 3272 1474
2070 3222 2264 3283 Marti0,
2303 3223 2390 3271 ubi

128 3291 343 3340 calculus
383 3293 572 3342 excedit
609 3309 696 3356 per
735 3300 818 3345 37.
899 3296 963 3344 At
1001 3296 1302 3345 confirmatio
1340 3296 1462 3344 haec
1501 3301 1575 3344 est
1612 3295 1762 3344 nulla.
1840 3295 1965 3345 Nam
2003 3308 2098 3343 non
2135 3295 2391 3345 excederet

127 3363 343 3413 calculus
393 3379 517 3426 pene
557 3366 732 3431 duplo,
787 3375 1023 3430 quantum
1073 3371 1299 3432 nuspiam
1337 3369 1477 3429 alibi,
1532 3374 1579 3416 et
1618 3375 1868 3432 praeterea
1915 3369 2042 3417 alius
2079 3369 2259 3416 mensis
2300 3374 2388 3429 est,

130 3436 256 3485 alius
296 3439 551 3486 eccentrici
589 3438 756 3502 locuS,
794 3440 905 3489 finis
948 3448 1018 3504 εξ,
1069 3443 1196 3490 circa
1234 3456 1378 3504 quem
1416 3441 1578 3490 locum
1631 3441 1848 3490 calculus
1889 3441 2280 3501 observationes,
2334 3446 2389 3490 ut

126 3508 263 3558 vides
302 3510 352 3556 in
392 3513 490 3570 35,
532 3515 623 3572 36,
666 3515 835 3574 2-5,
884 3513 1171 3577 plerumque
1213 3515 1516 3577 assequitur,
1568 3520 1654 3563 aut
1692 3516 1838 3563 etiam
1877 3512 2040 3562 deficit
2092 3513 2299 3562 multum
2337 3515 2388 3561 in

125 3583 446 3643 contrarium,
495 3583 537 3630 si
575 3583 761 3632 nullum
802 3585 1032 3635 admittas
1080 3589 1130 3634 in
1169 3588 1514 3637 observatione
1553 3588 1727 3635 vitium
1767 3599 1874 3634 esse
1911 3585 2118 3647 factum,
2165 3586 2216 3634 id
2255 3585 2388 3648 quod

126 3655 189 3702 ab
230 3656 361 3702 omni
398 3653 570 3717 regula
608 3656 850 3706 abhorret.
926 3659 1077 3708 Recte
1115 3674 1230 3721 ergo
1282 3659 1451 3708 videor
1487 3661 1749 3722 agnovisse
1799 3659 1848 3704 in
1891 3662 1936 3706 1.
1977 3658 2203 3720 sphalma
2238 3664 2388 3722 typo-

125 3727 424 3789 graphicum,
465 3740 562 3789 quo
600 3728 820 3778 stabilito
860 3745 1099 3795 assequor
1137 3733 1468 3783 observatum.
1544 3731 1721 3780 Adhuc
1757 3731 1906 3792 igitur
1943 3744 2171 3780 excessus
2209 3733 2258 3779 in
2299 3735 2383 3780 22.

125 3804 224 3847 stat
262 3799 418 3861 solus,
470 3803 640 3850 contra
678 3814 823 3863 quem
861 3808 1102 3852 testantur
1141 3810 1239 3867 20,
1282 3809 1382 3867 21,
1424 3809 1520 3866 23,
1569 3805 1695 3852 circa
1733 3802 1845 3852 loca
1882 3805 2138 3854 eccentrici
2179 3806 2386 3854 circum-
