2554 4140
226 121 328 170 386
1054 112 1290 171 Epitomes
1321 112 1636 159 Astronomiae

224 266 338 313 ista
371 277 545 323 causa,
596 266 649 310 ut
696 261 832 311 libris
870 261 958 310 VI.
998 268 1048 311 et
1085 261 1198 310 VII.
1247 265 1297 309 in
1345 261 1670 326 explicatione
1721 260 1939 311 theoriae
1977 261 2107 311 Solis
2157 268 2205 311 et
2240 261 2474 326 sphaerae

225 332 430 388 octavae
470 333 726 383 dicendum
764 335 882 383 erit:
929 336 1047 383 certi
1085 340 1245 382 tamen
1285 334 1406 381 nihil
1444 339 1607 399 potest
1644 333 1803 383 afferri
1842 334 1901 383 de
1938 335 2190 396 omnibus,
2231 335 2348 396 quia
2386 335 2475 383 etsi

225 408 454 458 credibile
493 407 718 468 diximus,
758 409 905 456 etiam
943 407 1157 469 reliquos
1194 408 1451 470 primarios
1488 407 1726 455 turbinati
1764 409 1890 457 circa
1920 420 2036 456 suos
2063 422 2179 456 axes
2206 419 2475 470 corporum,

227 482 402 549 plagae
441 487 630 541 tamen,
670 481 718 527 in
758 493 882 542 quas
923 485 1128 541 vergunt
1166 490 1255 528 seu
1293 479 1540 528 declinant
1576 478 1624 527 hi
1665 494 1806 541 axes,
1845 480 1991 529 nobis
2029 486 2142 529 sunt
2178 480 2482 543 incognitae:

215 568 374 616 ⁴quate
413 555 461 600 in
500 552 606 601 sola
643 551 838 601 Tellure
877 552 1113 602 habemus
1153 552 1443 616 exemplum.
1519 552 1582 601 Et
1620 552 1776 614 Luna,
1815 551 2148 626 secundarius,
2186 565 2284 601 non
2323 552 2478 601 turbi-

225 632 382 686 natur,
423 641 532 675 cum
571 631 732 674 tamen
774 625 998 675 conficiat
1033 637 1149 673 suas
1186 624 1487 674 latitudines

266 745 269 749 .
375 698 642 762 Quomodo
670 700 932 760 praestari
955 699 1059 747 hoc
1095 703 1267 759 potest,
1313 703 1373 746 ut
1409 699 1588 746 limites
1625 712 1934 747 excursuum
1970 698 2208 747 recedant
2243 700 2301 745 in
2336 703 2482 745 ante·-

226 771 490 820 cedentia?
528 771 648 820 Pars
689 771 858 833 aliqua
897 770 1042 832 hujus
1082 772 1397 834 apparentiae
1435 770 1520 819 lib.
1548 770 1662 819 VII.
1705 771 2018 820 excusabitur
2055 778 2108 819 ut
2142 769 2482 830 accidentaria,

228 858 327 893 non
363 850 420 892 ut
456 844 662 909 physica
702 843 779 892 vel
815 843 977 891 realis.
1044 841 1188 904 Quod
1227 853 1343 893 vero
1382 843 1442 893 de
1477 843 1571 892 hoc
1609 850 1744 892 motu
1781 842 2029 892 residuum
2067 851 2115 892 et
2150 843 2281 892 reale
2305 847 2393 903 cst,
2434 842 2483 890 id

210 923 498 982 praestatur
548 924 671 965 nutu
716 916 944 964 fibrarum
995 915 1270 964 latitudinis
1319 916 1624 966 succedaneo
1663 918 1713 963 in
1753 916 2114 978 antecedentia,
2166 922 2222 965 ut
2258 919 2485 965 maneant

228 989 423 1053 quidem
475 991 524 1037 in
575 989 722 1052 plano
772 1003 868 1036 uno
909 993 957 1036 et
995 987 1168 1037 eodem
1204 990 1254 1036 in
1292 995 1398 1038 toto
1435 1004 1525 1038 suo
1564 991 1770 1038 circuitu
1808 990 2143 1049 exactissime,
2194 991 2330 1052 ipsae
2369 1000 2485 1037 vero
2536 1040 2539 1044 ,

225 1077 370 1127 super
422 1062 635 1125 corporis
689 1062 765 1109 sui
811 1060 1006 1123 globosi
1053 1068 1218 1111 centro
1272 1061 1339 1127 (h.
1381 1076 1423 1113 e
1464 1063 1641 1125 globus
1678 1060 1804 1128 ipse)
1846 1061 2055 1112 latenter
2092 1060 2360 1112 secundum
2396 1061 2485 1110 has

227 1136 373 1185 fibras
415 1135 703 1184 inclinentur
740 1139 1018 1203 retrorsum.

377 1208 573 1271 Quibus
621 1221 682 1256 ex
727 1209 894 1255 causis
942 1210 1110 1257 oritur
1154 1207 1276 1256 haec
1320 1207 1621 1257 reclinatio?
1677 1207 1930 1258 Hactenus
1981 1207 2177 1272 quidem
2230 1219 2484 1257 causarum

228 1281 569 1345 plerarumque
621 1278 883 1329 allatarum
935 1278 1137 1340 evidens
1199 1286 1303 1329 erat
1349 1279 1750 1341 verisimilitudo,
1813 1283 1863 1329 in
1928 1281 2021 1332 hoc
2070 1280 2243 1330 ultimo
2293 1281 2486 1343 agmine

225 1368 380 1402 rerum
418 1355 869 1403 astronomicarum
924 1367 1070 1416 aegre
1122 1353 1389 1402 succedunt
1437 1368 1616 1403 causae
1666 1354 1958 1418 laboratque
2009 1368 2118 1404 cum
2167 1366 2327 1414 mens,
2383 1358 2486 1400 tum

226 1428 436 1475 maxime
476 1425 598 1475 fides
636 1439 824 1487 eorum,
880 1439 1008 1488 quae
1047 1427 1157 1488 quis
1196 1428 1496 1476 comminisci
1532 1428 1702 1491 possit.
1777 1427 2013 1476 Dicamus
2050 1432 2213 1476 tamen
2246 1431 2487 1490 quantum

227 1501 446 1549 invenire
484 1512 762 1561 possumus.
837 1498 1094 1547 Fibrarum
1120 1499 1393 1548 latitudinis
1431 1505 1655 1548 naturam
1680 1503 1943 1551 consistere
1982 1498 2191 1549 diximus
2217 1500 2266 1546 in
2303 1499 2489 1562 aptitu·
2545 1547 2547 1550 Α

202 1572 339 1631 ,dine
379 1571 442 1621 ad
479 1577 664 1620 motum
702 1586 940 1634 prorsum,
980 1573 1029 1619 in
1056 1571 1254 1635 plagam
1294 1571 1571 1622 directionis
1609 1585 1729 1622 suae
1766 1571 2053 1637 parallelae3
2094 1572 2302 1622 diximus
2327 1572 2488 1633 etiam,

223 1642 442 1710 ,dumex
480 1644 616 1705 loc0,
657 1647 742 1707 qui
778 1644 1026 1708 planetam
1064 1645 1213 1716 habet
1251 1646 1343 1695 sub
1382 1645 1622 1709 ecliptica,
1662 1658 1729 1695 sc.
1770 1650 1877 1705 (Εἰς.
1910 1649 2003 1705 715)
2044 1661 2101 1696 ex
2141 1645 2195 1707 C,
2234 1645 2291 1706 Ε,
2330 1650 2490 1694 naus·
2539 1680 2542 1683 ι

223 1718 442 1767 feruntur
483 1719 532 1765 in
570 1717 733 1766 locum
773 1717 1317 1784 excursuslongissimi
1358 1720 1406 1766 in
1446 1719 1646 1769 boream
1685 1717 1764 1769 vel
1801 1725 2034 1779 austrum,
2075 1721 2124 1766 in
2151 1718 2198 1767 D
2237 1723 2286 1767 et
2318 1717 2374 1778 F,
2406 1717 2536 1776 ‘in-Q

224 1792 369 1840 terim
430 1790 541 1839 illas
593 1804 789 1840 manere
835 1790 1099 1854 parallelas
1145 1805 1301 1854 eaque
1339 1794 1526 1842 ratione
1564 1792 1694 1854 fieri,
1747 1798 1800 1841 ut
1838 1791 2084 1841 cum.illic
2120 1793 2170 1839 in
2209 1790 2264 1851 C,
2302 1790 2343 1838 E
2381 1791 2491 1839 tane

228 1869 398 1926 gerent
442 1857 673 1924 orbitam,
730 1863 809 1931 hic
852 1864 958 1926 jam
997 1866 1046 1911 in
1085 1864 1158 1925 D,
1212 1865 1251 1913 F
1302 1868 1349 1912 in
1387 1865 1679 1928 profundum
1727 1878 1898 1915 versus
1935 1865 2100 1915 Solem
2138 1864 2491 1933 demergantur,

231 1951 462 1999 quorsum
505 1943 668 1986 motus
707 1936 790 1986 ille
829 1951 928 1985 non
967 1936 1206 1998 tenditur,
1245 1938 1308 1986 ad
1346 1952 1491 2001 quem
1529 1937 1790 1988 inclinatae
1830 1948 1968 1988 sunt:
2023 1939 2141 2001 quin
2177 1937 2342 2001 potius
2378 1942 2492 1985 tune

230 2010 407 2058 flumen
448 2012 707 2059 motorium
746 2024 805 2059 ex
845 2009 976 2071 Sole,
1019 2016 1070 2058 ut
1105 2012 1176 2059 sic
1216 2009 1398 2073 dicam,
1447 2012 1494 2058 in
1534 2016 1837 2061 transversas
1875 2011 1964 2060 AB
2004 2009 2196 2075 angulis
2233 2010 2377 2060 rectis
2415 2008 2492 2058 in-

231 2085 400 2143 currit,
459 2082 664 2132 celerius
703 2083 901 2132 inferius
950 2085 1037 2148 (s'c.
1076 2082 1207 2146 apud
1248 2083 1290 2131 Α
1331 2085 1377 2130 in
1416 2085 1513 2132 situ
1551 2085 1591 2132 F
1631 2091 1680 2134 et
1716 2083 1847 2148 apud
1884 2084 1928 2133 Β
1967 2086 2015 2132 in
2062 2086 2160 2132 situ
2197 2079 2291 2149 D),
2345 2092 2490 2144 quam

231 2156 455 2218 superius
494 2163 543 2205 et
581 2157 807 2205 exterius.
885 2154 939 2204 Si
978 2153 1093 2218 ergo
1132 2163 1245 2205 sunt
1282 2155 1546 2207 inclinatae
1585 2156 1648 2206 ad
1686 2163 1884 2219 motum,
1926 2156 2045 2220 quid
2077 2158 2270 2216 mirum,
2305 2156 2348 2202 si
2374 2154 2493 2204 haec
2529 2179 2534 2199 ς

227 2227 511 2288 inclinatiO,
563 2233 700 2290 parte
754 2221 966 2277 inferiori
1002 2227 1198 2291 plagam
1237 2236 1398 2278 motus
1437 2236 1698 2295 appetens,
1748 2230 1946 2295 deroget
1983 2229 2201 2279 nonnihil
2242 2226 2526 2291 paralleli·-

229 2303 334 2362 tati,
375 2299 522 2363 idque
560 2302 608 2348 in
646 2306 854 2364 utroque
891 2301 1061 2350 limite.
1141 2301 1218 2350 Ita
1253 2307 1485 2366 sequetur
1523 2310 1823 2352 retrocessus
1861 2304 2098 2364 limitum,
2142 2302 2323 2366 quippe
2360 2295 2525 2349 nulla‘

231 2376 467 2422 existente
518 2375 929 2442 compensatione.
1004 2374 1130 2423 Nam
1182 2374 1312 2438 apud
1367 2375 1403 2423 F
1455 2374 1765 2439 protrudetur
1803 2376 1848 2424 A
1898 2377 2030 2426 viam
2067 2375 2223 2435 EAG,
2277 2371 2408 2437 apud
2446 2371 2492 2422 D

232 2445 540 2511 protrudetur
595 2446 636 2494 Β
695 2449 825 2496 viam
882 2446 1084 2497 eandem
1145 2447 1294 2496 CBE:
1353 2450 1422 2497 ita
1479 2450 1705 2512 utrinque
1755 2449 1797 2497 B
1847 2449 2159 2499 inclinabitur
2209 2449 2258 2495 in
2308 2452 2492 2510 papyro

234 2519 475 2569 deorsum.
2269 2541 2274 2546 ·

378 2587 566 2654 Quodsi
604 2590 728 2640 haec
767 2606 918 2646 causa
954 2605 1051 2650 non
1091 2590 1388 2654 admittitur,
1441 2607 1556 2657 ergo
1600 2595 1763 2643 anima
1800 2595 1976 2643 motrix
2016 2597 2312 2654 arcessatur,
2368 2573 2493 2655 qua'e

234 2664 460 2714 nucleum
498 2659 738 2713 internum
776 2667 826 2712 in
866 2670 1052 2714 crustra
1090 2667 1315 2715 exteriori
1353 2668 1456 2715 suis
1494 2667 1686 2731 legibus
1724 2673 1964 2735 torqueat,
2011 2665 2105 2715 hoc
2143 2664 2344 2716 consilio
2386 2664 2507 2730 opi-'

232 2739 386 2799 ficiS,
419 2744 474 2787 ut
511 2739 771 2787 innexione
809 2743 980 2788 mutua
1019 2739 1285 2788 orbitarum
1323 2741 1466 2788 unius
1506 2754 1566 2789 ex
1605 2740 1704 2789 alia
1748 2740 2015 2803 crebraque
2053 2753 2218 2788 earum
2255 2735 2492 2801 multipli-
2531 2765 2535 2770 ·

230 2812 424 2860 catione
472 2817 521 2860 et
573 2810 951 2862 condensatione
1003 2826 1232 2862 successu
1277 2812 1552 2867 seculorum
1591 2812 1814 2862 soliditas
1853 2812 2021 2877 aliqua
2059 2810 2344 2864 orbicularis
2382 2819 2492 2875 per-

232 2889 474 2935 mearetur
517 2898 548 2932 a
571 2883 798 2952 planeta.
1291 2910 1294 2913 ·
2484 2902 2486 2908 ’

235 3008 239 3011 ,
385 2956 558 3020 Quare
593 2957 793 3006 tardior
829 2963 899 3005 est
933 2959 1220 3007 retrocessio
1257 2959 1496 3021 limitum,
1537 2974 1695 3022 quam
1731 2946 2010 3022 proyressio
2049 2957 2321 3020 apsidum?
2391 2954 2496 3007 Etsi

233 3043 308 3077 res
350 3031 457 3092 ipsa
494 3030 622 3078 circa
644 3028 940 3079 Mercurium
980 3032 1028 3078 in
1069 3030 1219 3079 dubio
1259 3038 1332 3080 est
1371 3034 1617 3096 etiamque
1656 3034 1784 3081 circa
1819 3030 2002 3080 Jovem
2026 3029 2275 3090 nonnihil,
2315 3030 2514 3099 sequa&

234 3115 338 3148 mur
375 3108 537 3150 tamen
574 3102 988 3166 probabilitatem,
1030 3108 1227 3168 propter
1264 3105 1541 3169 exemplum
1567 3105 1738 3153 Lunae
1777 3103 1994 3164 evidens,
2035 3102 2351 3166 dicamusque
2377 3104 2492 3151 cau·-

234 3187 337 3221 sam
387 3174 539 3239 hanc,
590 3177 706 3238 quia
743 3178 921 3238 ,magni
951 3182 1136 3245 *motus
1189 3178 1467 3227 sensibilior
1511 3179 1788 3228 necessario
1838 3177 1893 3225 fit
1939 3176 2154 3237 turbela,
2206 3178 2249 3224 si
2292 3189 2391 3238 qua
2424 3171 2493 3234 flu

234 3260 380 3307 quam
426 3249 585 3309 parvi,
636 3249 699 3297 ab
752 3248 924 3298 eadem
962 3255 1197 3299 extranea
1234 3264 1399 3300 causa.
1476 3251 1592 3301 Jam
1631 3251 1947 3314 transpositio
1985 3248 2210 3313 apsidum
2250 3248 2399 3297 oritur
2434 3251 2491 3306 cn
2552 3277 2554 3287 .

234 3323 368 3365 motu
417 3333 616 3382 magno,
672 3323 756 3384 qui
795 3327 870 3371 est
907 3321 1159 3378 inclinatio
1199 3329 1247 3371 et
1284 3324 1540 3374 reclinatio
1578 3324 1808 3373 fibrarum
1846 3324 1896 3370 iu
1934 3321 2158 3385 quolibet
2194 3317 2490 3370 semicirculo

233 3396 395 3449 tanta,
449 3397 632 3452 quanta
671 3400 746 3442 est
784 3396 1015 3457 aequatio
1056 3397 1248 3459 optica,
1296 3396 1532 3460 fieretque
1570 3397 1730 3459 major
1767 3401 1817 3445 et
1854 3397 2048 3444 omnino
2086 3393 2279 3455 totalis,
2318 3395 2360 3443 si
2395 3403 2490 3441 non
2552 3459 2554 3464 Δ

234 3464 596 3526 praeveniretur
641 3467 1052 3517 circumductione
1091 3468 1227 3532 globi
1268 3469 1539 3532 planetarii.
1616 3470 1684 3517 At
1720 3469 2036 3532 transpositio
2075 3466 2283 3516 limitum
2320 3466 2375 3515 fit
2409 3468 2518 3528 pet·-

234 3540 421 3588 motum
470 3549 671 3596 parvum
723 3538 954 3589 excursus
1006 3539 1070 3588 ad
1114 3540 1270 3590 latera
1321 3557 1589 3606 paucorum
1640 3540 1881 3604 graduum
1919 3546 1966 3589 et
2005 3542 2091 3603 qui
2128 3554 2218 3589 suo
2256 3539 2351 3602 hoc
2385 3549 2490 3599 mc·
2546 3544 2554 3577 Ξ

235 3604 349 3656 dulo
393 3620 490 3655 non
528 3614 602 3655 est
639 3609 818 3671 major,
867 3618 922 3659 ut
967 3614 1188 3662 incusare
1227 3614 1351 3662 nihil
1390 3617 1571 3679 possit,
1626 3627 1724 3677 quo
1762 3610 2071 3677 impediatur.
2149 3611 2310 3674 Quare
2347 3607 2500 3679 iidem·
2544 3617 2551 3630 ¹

176 3684 179 3687 '
233 3680 363 3729 Solis
401 3678 552 3739 radii,
599 3686 786 3730 motum
825 3688 1082 3747 utrumque
1122 3687 1429 3750 impellentes
1467 3688 1660 3751 legibus
1692 3686 1798 3748 jam
1836 3686 2121 3750 explicatis,
2171 3684 2487 3734 evidentiores
2542 3690 2550 3727 2

233 3753 333 3800 illic
377 3751 560 3802 habent
607 3752 804 3802 effectus
857 3768 1004 3815 quam
1054 3757 1147 3807 hic
1227 3759 1455 3821 Accedit,
1511 3758 1645 3823 quod
1690 3757 1814 3807 illic
1836 3759 2011 3821 majori
2064 3772 2174 3808 cum
2222 3757 2488 3806 discrimine
2545 3789 2547 3793 .

227 3831 385 3936 agunt
428 3822 553 3876 radii
603 3824 735 3875 Solis
785 3839 932 3918 quam
980 3828 1085 3890 hic,
1135 3834 1308 3882 ceteris
1358 3834 1572 3898 paribus.
1649 3830 1758 3881 Illic
1805 3833 1936 3882 enim
1983 3830 2229 3929 radiorum
2262 3827 2391 3928 Solis
2427 3823 2487 3878 sd
