2554 4140
1097 109 1340 156 Praefatio.
1440 136 1451 141 a
2226 112 2326 160 673

77 277 186 312 meo
226 266 431 322 conatu,
481 258 821 320 difficillimas3
871 259 994 308 haec
1031 261 1232 322 inquam
1271 265 1320 309 et
1358 259 1538 308 similia
1574 271 1661 322 pro
1699 273 1777 308 me
1825 259 2064 308 rationem
2102 258 2333 320 temporis

77 335 463 398 intelligentibus
501 331 704 382 reddent
741 331 1217 381 sufficientissimam.

220 409 450 456 Fortasse
505 420 619 454 vero
669 405 792 454 haec
838 421 869 453 a
918 420 995 454 me
1046 409 1424 456 commemorata
1472 418 1607 453 mora
1654 406 1701 450 in
1754 403 2059 453 naturalibus
2113 408 2335 452 motuum

77 482 238 529 causis
266 478 491 529 eruendis
517 479 765 541 aliquibus
792 493 1114 541 superyacua,
1154 480 1444 541 importuna,
1486 480 1602 539 quin
1642 484 1690 525 et
1728 479 1861 524 irrita
1887 474 2145 526 videbitur.
2211 475 2336 538 Qui-

78 555 168 602 bus
208 552 588 616 cogitationibus
629 566 719 614 ego
754 551 1044 613 jamdudum
1083 558 1132 600 et
1166 553 1216 598 in
1257 550 1615 598 introductione
1656 549 1719 596 ad
1762 549 2109 611 Ephemer-idas
2149 553 2334 610 (Vol.11‚

81 643 122 682 p.
158 632 242 672 109
274 630 366 685 ss.),
407 639 504 687 quo
544 625 654 672 loco
693 625 964 687 respondeo
1004 623 1187 672 Davidi
1225 624 1480 683 Fabrici0‚
1531 629 1579 671 et
1616 623 1665 668 in
1703 622 1955 684 Epitomes
1996 619 2336 672 Astronomiae

77 697 160 746 fol.
203 698 249 745 5.
292 700 426 757 (120.)
466 699 624 761 capite
664 696 723 746 de
763 699 930 764 causis)
961 696 1324 760 hypothesium,
1366 703 1413 744 et
1451 695 1534 743 fol.
1579 697 1698 743 334.
1741 698 1875 753 (270.)
1916 702 1963 744 et
2002 697 2052 742 in
2097 695 2207 746 libri
2244 696 2336 746 IV.

78 770 407 834 praefatione,
463 776 512 819 et
559 769 641 818 fol.
686 772 805 819 622.
850 776 982 830 (392.)
1031 769 1444 819 considerationes
1495 768 1617 816 alias
1667 767 1870 816 idoneas
1923 771 2144 832 opposui.
2233 770 2340 817 Etsi

82 842 302 891 sufficere
352 842 473 890 mihi
525 842 604 892 vel
655 843 763 892 sola
799 846 895 892 ista
933 843 1150 892 defensio
1204 844 1386 906 potuit,
1442 841 1601 904 quod,
1656 855 1780 902 quae
1821 841 1990 904 Tyeho
2029 842 2251 891 Braheus
2291 845 2339 889 in

78 916 268 964 theoria
306 914 475 965 Lunae
526 917 867 965 constituenda
917 918 1125 979 primum
1165 918 1386 980 concepit
1434 915 1594 962 animo
1648 914 2355 984 publicequepronunciavit,

68 988 241 1036 ‘videri
283 1002 463 1037 causas
502 996 735 1038 motuum
774 1004 870 1037 esse
904 989 1153 1053 physicas,
1194 989 1323 1051 quod
1371 987 1567 1050 quidem
1595 987 1736 1035 aliter
1777 988 1820 1035 ei
1858 987 2010 1035 videri
2038 1002 2134 1035 non
2163 995 2339 1050 potest,

84 1063 167 1123 qui
205 1060 507 1110 soliditatem
547 1062 735 1110 orbium
773 1062 955 1124 rejicit,
996 1061 1119 1110 haec
1158 1076 1266 1124 eg0,
1305 1063 1518 1123 inquam,
1560 1062 1605 1107 in
1634 1060 1843 1122 planetis
1873 1061 2097 1108 omnibus
2130 1062 2199 1109 ita
2237 1075 2344 1109 sese

68 1134 264 1183 >habere
304 1140 483 1183 conatu
521 1149 617 1183 non
657 1134 837 1183 infelici
871 1140 924 1183 et
963 1133 1293 1183 demonstravi
1331 1140 1379 1182 et
1406 1133 1468 1182 ad
1494 1133 1708 1182 calculos
1732 1147 1963 1183 revocare
1989 1133 2148 1195 docui,
2190 1148 2344 1196 eaque

79 1210 270 1257 ratione
314 1210 459 1270 primi
495 1207 920 1270 Rudolphinarum
969 1208 1205 1267 auctoris,
1247 1207 1473 1269 Magistri
1523 1209 1644 1268 mei,
1700 1208 2065 1270 suppositiones
2114 1212 2162 1255 et
2201 1207 2347 1256 effata

81 1295 169 1344 pro
212 1282 399 1343 ingenii
436 1282 533 1330 mei
572 1286 718 1343 captu
758 1287 806 1329 et
842 1282 1030 1329 asserui
1070 1285 1118 1329 et
1156 1281 1402 1331 roboravi.

226 1352 326 1403 Sed
353 1360 491 1403 erunt
529 1355 690 1415 etiam,
732 1355 830 1416 qui,
870 1354 946 1402 his
971 1353 1268 1417 posthabitis
1309 1351 1738 1414 admonitionibus,
1786 1355 2079 1402 auctoritate
2119 1367 2195 1402 me
2233 1366 2347 1416 pre-

82 1433 217 1475 mant
254 1426 376 1489 ejuS,
417 1441 561 1490 quem
598 1442 746 1490 supra
783 1427 986 1476 laudavi
1022 1427 1284 1476 Reinholdi
1323 1427 1591 1489 astronomi
1631 1433 1678 1474 et
1716 1426 2023 1489 philosophi,
2065 1430 2154 1489 qui
2197 1425 2347 1476 Com-

86 1503 339 1560 mentario
376 1515 469 1549 suo
505 1502 562 1548 in
602 1501 983 1549 Peurbachium
1019 1515 1126 1550 non
1152 1501 1300 1550 duxit
1335 1499 1686 1548 insarciendas
1710 1499 2075 1563 disputationes
2099 1500 2345 1563 physicas,

82 1579 136 1621 ut
174 1572 258 1620 alii
296 1574 526 1635 fecerunt,
565 1576 867 1637 quaeritque,
909 1574 1035 1637 quid
1069 1575 1326 1634 insulsius,
1369 1588 1525 1635 quam
1564 1575 1775 1621 inventa
1812 1576 2115 1636 yeometriea
2153 1575 2349 1635 conjec-

83 1649 215 1695 turis
252 1649 513 1710 exayitare
551 1653 596 1695 et
615 1648 921 1709 perturbare
943 1647 1310 1710 physicorum?
1371 1646 1553 1694 Ve'rum
1582 1648 1802 1709 quisquis
1847 1647 1932 1696 illa
1957 1649 2106 1710 leges,
2146 1661 2350 1710 scopum

85 1718 233 1768 velim
272 1722 521 1783 respicia8‚
561 1721 624 1768 ad
664 1735 808 1783 quem
834 1719 1138 1770 Reinholdus
1176 1720 1262 1769 illa
1298 1719 1488 1769 referat.
1562 1719 1672 1768 Non
1711 1720 1881 1783 litigat·
1904 1736 2019 1772 cum
2046 1719 2348 1781 Ptolemae0‚

84 1807 183 1842 non
223 1807 334 1842 cum
358 1793 637 1854 Aristotele,
676 1808 774 1842 non
816 1808 981 1843 secum
1019 1795 1142 1856 ipso,
1184 1794 1268 1856 qui
1304 1793 1604 1856 praefatione
1643 1800 1888 1855 postrema
1926 1796 1974 1841 in
2006 1795 2219 1843 theorias
2257 1794 2351 1842 hac

87 1867 241 1914 utitur
281 1868 525 1916 oratione:
579 1866 854 1930 Fortassis,
914 1869 1096 1930 inquit,
1153 1867 1274 1915 haec
1319 1872 1504 1928 septem
1551 1865 1722 1914 lueida
1759 1882 1995 1930 corpora,
2053 1869 2207 1916 etiam
2245 1870 2352 1915 sine

83 1939 378 1999 hujusmodi
425 1939 628 1988 orbibus
639 1977 654 2001 ,
707 1955 831 2003 quos
877 1955 963 1988 ars
1007 1954 1095 1988 seu
1144 1942 1318 2002 potius
1369 1939 1680 1998 imbecillitas
1724 1941 2001 1989 intellectus
2046 1943 2208 1990 nostri
2257 1940 2353 1989 sibi

89 2011 377 2062 condonari
408 2016 551 2076 petit,
592 2013 838 2062 divinitus
875 2029 986 2062 eam
1027 2015 1132 2062 vim
1170 2016 1377 2061 insitam
1417 2012 1616 2072 habent,
1662 2019 1720 2061 ut
1757 2014 1906 2061 aliud
1940 2016 1996 2062 in
2033 2015 2140 2063 alia
2179 2005 2351 2062 varie-

86 2091 188 2134 tate
236 2092 283 2134 et
319 2087 701 2149 irreyularitate
737 2094 972 2136 motuum
1009 2101 1158 2134 suam
1199 2092 1452 2136 conservet
1497 2087 1651 2148 leyem
1702 2101 1763 2134 ac
1800 2094 2103 2149 perpetuam
2143 2087 2352 2136 harmo—

85 2161 260 2221 niam,
314 2160 458 2209 nobis
497 2166 668 2208 tamen
705 2163 812 2208 sine
849 2161 925 2208 nis
963 2166 1034 2209 tot
1071 2160 1297 2221 orbibus,
1349 2159 1523 2207 saltem
1574 2160 1955 2209 rationabiliter
1992 2176 2134 2222 eam,
2189 2166 2248 2208 ut
2285 2162 2354 2208 sic

87 2232 282 2293 dicam,
336 2233 664 2282 harmoniam
712 2235 1111 2296 irreyularitatis
1159 2235 1335 2282 animo
1389 2234 1648 2294 complecti
1694 2248 1755 2281 ac
1802 2234 2069 2296 eoqitando
2121 2235 2355 2297 persequi

85 2305 383 2369 perdifficile
428 2307 603 2371 fuerit.
681 2305 872 2368 Quibus
925 2306 1008 2355 ille
1057 2307 1219 2356 verbis
1268 2319 1364 2354 non
1411 2305 1626 2369 repellit,
1682 2306 1766 2355 sed
1815 2307 1962 2354 tacite
2009 2308 2187 2356 invitat
2226 2321 2351 2367 eum,

89 2379 173 2440 qui
221 2385 443 2428 motuum
496 2380 677 2429 formas
726 2386 774 2428 et
826 2383 1148 2429 instrumenta
1198 2378 1442 2428 naturalia
1501 2380 1723 2441 viresque
1773 2381 2061 2442 magneticis
2118 2385 2352 2443 cognatas

92 2451 218 2500 tales
256 2452 410 2514 affert,
451 2467 579 2516 quae
618 2453 715 2501 sint
750 2467 849 2502 non
888 2459 1077 2501 tantum
1116 2451 1505 2501 rationabiliores
1543 2452 1641 2500 illis
1676 2457 1749 2500 tot
1787 2459 1985 2516 tamque
2026 2455 2178 2502 vastis
2219 2454 2353 2502 orbi-

92 2524 202 2581 buS‚
241 2524 328 2574 sed
367 2528 514 2576 etiam
552 2524 935 2588 irregularitates
975 2531 1266 2588 apparentes
1305 2530 1526 2573 motuum
1565 2524 1768 2574 offerant
1806 2528 1968 2574 animo
2009 2532 2056 2575 et
2095 2526 2353 2589 complexu

89 2596 256 2646 faciles
295 2604 343 2647 et
380 2598 443 2648 ad
484 2597 725 2648 calculum
763 2597 1028 2662 regendum
1067 2597 1148 2647 vel
1187 2599 1304 2661 ipsis
1344 2598 1545 2646 orbibus
1583 2597 1729 2660 longe
1769 2598 2109 2666 expeditiores».
2188 2599 2353 2662 Atque

89 2669 139 2718 id
177 2685 269 2735 ego
309 2674 512 2733 tentavi,
552 2674 700 2721 etiam
738 2671 1011 2721 Ptolemaei
1048 2673 1202 2735 ipsius
1242 2686 1441 2719 suasum
1479 2676 1677 2720 secutus
1715 2671 1793 2737 (ne
1835 2673 1943 2734 quis
1982 2677 2134 2735 putet,
2177 2678 2354 2720 aucto-

91 2757 191 2792 rem
229 2745 347 2793 mihi
389 2761 448 2795 ex
486 2743 947 2810 antiquisdeesse),
988 2747 1073 2808 qui
1113 2746 1424 2794 comminisci
1455 2744 1598 2808 jubet
1635 2738 1920 2808 hypotheses
1958 2751 2212 2808 quantum
2244 2745 2356 2809 fieri

84 2823 247 2878 potest
290 2819 684 2882 simplicissimas
722 2824 768 2867 et
800 2819 1248 2881 probabilissimas.

235 2890 381 2953 Quod
431 2893 579 2955 igitur
614 2890 919 2940 Reinholdus
972 2892 1031 2941 de
1077 2891 1391 2955 physicarum
1431 2889 1814 2953 disputationum
1863 2892 2124 2939 omissione
2172 2905 2224 2939 se
2265 2905 2355 2939 ex-

92 2962 249 3021 cusat,
285 2964 335 3013 id
375 2979 608 3028 quorsum
644 2966 900 3027 pertineat,
941 2964 1084 3015 facile
1124 2970 1200 3014 est
1237 2966 1282 3013 ei
1314 2959 1558 3028 judicare,
1602 2966 1683 3026 qui
1726 2964 2100 3014 Cremonensem
2139 2970 2354 3013 ceteros-

94 3051 189 3100 que
217 3045 632 3087 commentatores
684 3037 924 3101 sphaerae
962 3038 1153 3102 legerit.
1230 3038 1470 3087 Fecerunt
1508 3038 1539 3083 ii
1580 3043 1803 3086 auctores
1843 3052 2070 3099 magnam
2117 3036 2354 3101 physicae

90 3111 556 3176 metaphysicaeque
599 3117 787 3173 partem
839 3112 980 3161 orbes
1030 3112 1093 3160 ab
1132 3113 1422 3160 astronomis
1472 3109 1797 3168 introductOS‚
1852 3109 2049 3174 perinde
2099 3124 2157 3159 ac
2196 3111 2237 3158 si
2276 3124 2353 3159 res

91 3190 220 3232 esset
258 3185 676 3249 exploratissima,
723 3183 1041 3247 plurimisque
1075 3175 1374 3248 arssgumentis
1426 3185 1473 3231 in
1523 3185 1776 3247 opiniones
1824 3183 1947 3232 inter
1984 3198 2036 3232 se
2076 3187 2352 3246 pugnantes

93 3258 379 3319 conquisitis
437 3257 652 3320 undique
705 3256 855 3306 chaos
907 3257 1079 3306 inutile
1119 3263 1168 3306 et
1204 3257 1445 3306 infinitum
1483 3256 1743 3305 effecerunt
1791 3257 2132 3318 quaestionum
2169 3256 2355 3305 ridicu-

0 3390 1 3394 *
92 3328 276 3393 larum;
315 3331 451 3380 nulla
489 3331 609 3394 ipsis
649 3343 765 3378 cura
802 3329 914 3390 fuit,
964 3329 1319 3394 disputationes
1357 3331 1477 3379 istas
1515 3328 1578 3377 ad
1616 3330 1981 3378 instructionem
2019 3334 2105 3379 aut
2142 3329 2356 3378 facilita-

92 3408 190 3452 tem
229 3403 404 3454 calculi
444 3403 678 3467 dirigere,
731 3407 817 3451 aut
868 3405 1065 3452 omnino
1111 3417 1197 3466 per
1235 3417 1318 3452 eas
1364 3401 1592 3467 expedire
1642 3403 1858 3459 rationes
1897 3416 2084 3462 eorum,
2140 3418 2266 3466 quae
2305 3404 2356 3449 in

96 3476 337 3527 sideribus
376 3482 637 3542 apparent,
694 3482 746 3524 ut
785 3489 910 3538 quae
947 3478 1160 3525 rationes
1197 3490 1282 3538 per
1320 3490 1371 3525 se
1409 3475 1633 3535 stabant,
1686 3476 1831 3524 etiam
1869 3476 2087 3525 rescissis
2133 3476 2356 3539 disputa-

94 3550 309 3599 tionibus
347 3550 446 3600 illis
483 3549 750 3609 inutilibus,
791 3550 983 3597 etiamsi
1022 3547 1081 3597 de
1118 3548 1340 3597 realitate
1380 3548 1567 3596 orbium
1606 3548 1654 3594 in
1686 3550 1966 3598 universum
2006 3548 2197 3598 dubitet
2235 3548 2356 3596 arti-

96 3621 203 3686 fex;
269 3623 400 3687 quod
450 3622 511 3673 de
558 3621 835 3672 Reinholdo
885 3621 990 3684 jam
1038 3620 1183 3670 modo
1238 3636 1296 3670 ex
1342 3621 1538 3684 propria
1588 3620 1740 3684 ipsius
1788 3622 2090 3674 confessione
2143 3620 2359 3670 constitit

99 3695 300 3760 ipseque
340 3696 655 3747 Ptolemaeus
695 3694 753 3744 de
792 3709 844 3744 se
882 3696 1065 3757 passim
1117 3696 1164 3742 in
1204 3691 1363 3758 Opere
1403 3692 1585 3756 Magno
1630 3692 1840 3744 reddidit
1879 3696 2354 3745 contestatissimum.

96 3766 207 3818 Hoc
243 3771 468 3819 nimirum
520 3776 596 3819 est
631 3767 905 3818 Reinholdo
943 3770 1152 3816 inventa
1190 3770 1518 3829 yeometrica,
1573 3782 1703 3830 quae
1746 3782 1865 3818 suas
1903 3768 2357 3818 demonstrationes

97 3841 302 3906 habent,
353 3845 614 3905 exayitare
651 3848 699 3890 et
733 3842 1037 3891 conturbare
1068 3842 1358 3904 praestiqiis
1395 3842 1821 3901 conjecturarum.
1900 3839 2157 3903 Quomodo
2210 3840 2357 3888 etiam

185 3941 340 3983 Kepleri
363 3941 500 3984 Opera.
537 3940 603 3976 v1.
1914 3928 1981 3976 43
