2554 4140
267 126 367 176 180
1091 118 1326 177 Epitomes
1358 119 1675 167 Astronomiae

263 271 350 321 sed
388 269 451 319 ad
488 269 588 329 illa,
630 283 773 332 quae,
811 269 903 317 nisi
942 275 1244 331 moveantur,
1285 268 1475 319 desidia
1511 275 1703 333 torpent
1742 275 1790 319 et
1814 277 2197 335 corrumpuntur,
2237 269 2507 334 cujusmodi

260 350 372 394 sunt
409 345 457 392 in
494 343 612 406 ipsis
651 341 812 391 Terris
849 355 1007 404 aquae
1047 348 1095 404 et
1131 346 1214 392 aer
1251 356 1551 405 corporaque
1589 342 1745 392 multa
1781 344 1828 391 in
1854 343 1932 393 his
1972 345 2223 395 elementis
2261 344 2505 408 degentia.

261 407 370 466 Hoc
407 421 691 478 argumento
729 425 846 464 usus
882 421 958 464 est
997 413 1254 478 Origanus.
1289 411 1352 478 ¹⁷)

418 500 540 552 VII.
586 501 733 566 Quod
767 501 916 551 habes
951 508 1311 564 armamentum
1348 507 1515 550 motae
1560 502 1771 552 Telluris
1806 503 1872 552 ab
1908 504 2084 567 effectu
2119 509 2285 553 motus
2319 502 2510 566 ipsius?

259 576 570 639 Experientia
605 575 803 624 nautica
839 573 1192 638 deprehensum
1231 580 1319 632 est,
1365 574 1609 624 difficilius
1634 582 1682 624 et
1716 575 1926 638 longiori
1961 578 2191 640 temporis
2230 578 2389 639 spatio
2415 590 2507 624 na·
2547 601 2554 605 -

264 650 419 711 vigari
459 662 695 698 oceanum
733 647 1016 696 Africanum
1054 648 1103 694 in
1142 648 1378 696 orientem
1416 662 1561 709 quam
1609 649 1661 695 in
1698 649 2023 710 occidentem,
2074 655 2332 712 propterea
2380 647 2511 715 quod

260 725 303 771 is
339 727 477 771 motu
514 723 712 785 perenni
749 727 859 769 ruat
896 722 943 767 in
984 733 1226 780 occasum,
1265 734 1364 783 qua
1402 719 1550 769 nullis
1587 721 1833 770 fraenatur
1868 721 2116 785 repagulis
2152 721 2364 770 litorum.
2429 719 2511 770 Sic

261 797 310 843 in
358 794 528 844 insulis
566 794 902 842 Aromatiferis
954 807 1014 841 ex
1059 806 1242 841 oceano
1293 806 1383 841 eoo
1422 794 1470 840 in
1512 807 1748 842 oceanum
1784 794 2006 843 Indicum
2056 795 2216 843 fluxus
2255 807 2361 844 esse
2397 806 2510 857 per-

263 868 455 918 hibetur
491 874 768 931 perpetuuS,
809 866 984 927 quavis
1021 867 1203 927 sagitta
1232 865 1448 927 celerior,
1489 868 1607 928 quia
1623 868 1847 916 nimirum
1886 868 2001 915 foris
2028 868 2264 917 incumbit
2301 873 2351 916 et
2374 872 2513 929 urget
2545 927 2548 933 Ι

262 943 498 990 immensa
533 940 686 989 moles
723 953 959 1001 aquarum
996 938 1059 986 ab
1099 940 1282 987 oriente
1319 938 1383 987 ad
1420 938 1515 988 hoc
1552 946 1744 1002 septum
1782 939 2049 989 insularum
2086 939 2422 1000 accumalata3
2461 939 2510 986 in

262 1014 463 1063 australi
516 1026 720 1071 oceano,
774 1010 906 1074 quod
952 1011 1102 1059 habet
1151 1011 1295 1060 litora
1333 1012 1587 1062 Americae
1638 1027 1806 1062 versus
1847 1013 2103 1074 orientem,
2152 1012 2311 1063 fluxus
2349 1018 2398 1061 et
2433 1025 2511 1060 re·

261 1088 422 1136 fluxus
460 1089 605 1134 maris
643 1099 766 1148 pene
803 1084 966 1132 nullus
1005 1090 1106 1144 est,
1156 1087 1273 1146 quia
1307 1086 1494 1148 rapitur
1531 1099 1742 1135 oceanus
1778 1086 1841 1134 ab
1880 1085 1976 1134 illis
2020 1085 2245 1135 litoribus
2282 1085 2511 1134 continno

265 1174 434 1210 versus
475 1173 724 1218 occasum,
778 1171 874 1205 non
916 1156 1164 1206 offendens
1204 1156 1466 1206 intra'duo
1503 1159 1658 1207 millia
1695 1158 1973 1207 milliarium
2012 1156 2413 1208 Germanicorum
2449 1156 2513 1206 ad

263 1233 416 1282 ullum
457 1245 622 1281 cursus
671 1231 748 1279 sui
795 1229 1115 1278 obstaculum.
1191 1229 1330 1279 Idem
1378 1238 1540 1279 motus
1591 1233 1640 1278 in
1679 1231 1979 1281 occidentem
2025 1234 2230 1280 sentitur
2266 1232 2413 1280 etiam
2451 1229 2513 1279 ad

262 1305 407 1354 litora
446 1304 714 1363 Americae‚
754 1299 1072 1366 septentrioni
1111 1303 1342 1364 obversa,
1383 1305 1630 1367 ferturque
1668 1303 1827 1352 fluxus
1865 1303 2003 1354 velut
2042 1304 2291 1355 offendens
2328 1304 2392 1353 ad
2430 1301 2514 1352 ills

263 1377 558 1442 ductumque
611 1376 803 1425 illorum
857 1383 1053 1425 secutus
1103 1377 1151 1423 in
1207 1378 1587 1439 septentrionem
1637 1377 1946 1427 circumflecti
1998 1377 2207 1441 indeque
2258 1376 2412 1427 veluti
2463 1377 2512 1424 in

263 1452 508 1511 orientem,
549 1449 635 1499 sed
669 1450 773 1512 jam
812 1455 948 1498 extra
980 1449 1236 1512 tropicum,
1272 1450 1475 1500 resilire.

403 1537 510 1587 Etsi
561 1550 679 1585 vero
731 1550 881 1586 causa
929 1535 1077 1598 hujus
1114 1543 1274 1584 motus
1314 1537 1573 1587 manifesta
1612 1543 1708 1598 est,
1761 1537 1932 1588 eadem
1981 1538 2236 1598 nimirum,
2286 1551 2413 1602 quae
2466 1542 2513 1588 et

260 1612 419 1662 fluxus
463 1609 774 1672 refluxusque
822 1610 1079 1672 reciproci,
1138 1609 1277 1658 Luna
1330 1609 1527 1659 trahens
1565 1609 1745 1672 undas,
1799 1611 1990 1674 quoties
2030 1625 2178 1676 supra
2213 1609 2513 1661 horizontem

262 1691 360 1746 est,
412 1698 583 1733 versus
620 1681 944 1743 occidentem,
1000 1694 1230 1745 quorsum
1267 1681 1340 1730 illi
1380 1696 1548 1732 cursus
1587 1697 1694 1733 esse
1733 1691 1982 1747 censetur3
2033 1685 2171 1748 ipsae
2218 1690 2381 1734 tamen
2420 1685 2513 1732 cir-

262 1759 582 1807 cumstantiae
616 1755 720 1819 jam
758 1761 1067 1804 enumeratae
1107 1754 1335 1804 videntur
1383 1755 1649 1819 adjungere
1686 1755 1857 1806 Lunae
1902 1758 2050 1806 etiam
2096 1759 2319 1807 inertiam
2367 1762 2514 1806 natus-

262 1830 416 1881 ralem
456 1843 693 1893 aquarum
731 1828 795 1877 ad
833 1834 1034 1891 motum,
1072 1831 1401 1878 restitantium
1436 1832 1486 1877 in
1527 1829 1804 1890 occidente,
1844 1844 1953 1879 cum
1990 1829 2143 1881 Terra
2179 1844 2234 1882 se
2272 1827 2514 1928 subducat

192 1914 196 1920 ⁸
259 1920 310 1953 ln
353 1905 602 1954 orientem.

404 1993 564 2055 Atqui
606 1990 772 2038 multa
816 1989 1033 2050 obstant,
1087 2003 1188 2053 quo
1225 1991 1397 2038 minus
1434 1989 1651 2052 credam,
1703 1989 1952 2042 Tellurem
1988 1993 2167 2054 rotari,
2206 1996 2252 2040 et
2284 1992 2512 2056 primum

263 2065 463 2130 quidem
501 2066 668 2113 visus.-
705 2077 829 2111 nam
856 2064 899 2110 si
921 2067 1127 2124 montes,
1169 2065 1259 2125 qui
1281 2069 1402 2112 sunt
1439 2062 1510 2112 ad
1531 2077 1778 2119 occasum,
1817 2062 2096 2113 ascendunt
2124 2079 2295 2114 versus
2330 2064 2510 2127 stellas,

261 2138 513 2188 videbitur
548 2137 638 2185 hoc
671 2138 852 2201 potius,
893 2149 1051 2198 quam
1087 2134 1219 2184 illud
1249 2135 1474 2200 falsum,
1511 2137 1675 2187 stellas
1711 2135 2014 2198 descendere,
2053 2137 2143 2187 hoc
2178 2143 2247 2187 est
2281 2136 2511 2189 occidere.

261 2211 485 2260 Minime.
527 2223 760 2260 ascensus
791 2209 920 2258 enim
957 2222 987 2256 a
1025 2209 1135 2257 visu
1173 2210 1458 2259 aestimatur
1495 2224 1555 2259 ex
1593 2209 1864 2259 desertione
1902 2209 2048 2276 plani,
2090 2210 2139 2260 in
2177 2224 2275 2275 quo
2312 2203 2511 2274 stamus,

262 2292 311 2334 et
349 2301 408 2334 ex
445 2282 918 2348 appropinquatione
954 2281 1023 2330 rei
1061 2280 1124 2330 ad
1163 2282 1407 2344 verticem,
1448 2285 1494 2330 in
1536 2297 1680 2347 quem
1704 2282 1913 2332 hominis
1951 2288 2138 2333 statura
2162 2292 2377 2334 surrecta
2416 2289 2512 2351 estj

256 2357 361 2422 jam
399 2371 516 2407 vero
553 2362 744 2405 montes
782 2356 876 2418 ipsi
912 2358 1040 2414 sunt,
1081 2355 1167 2418 qui
1203 2354 1416 2405 formant
1452 2356 1594 2406 nobis
1633 2355 1877 2407 visibilem
1902 2354 2170 2420 planitiem,
2208 2371 2298 2409 nec
2331 2356 2516 2424 hppro-

263 2433 508 2517 pinquant
545 2430 731 2490 vertici,
773 2429 889 2492 quia
927 2433 1164 2491 quantum
1201 2434 1390 2479 montes
1426 2427 1710 2493 procedunt,
1754 2435 1940 2480 tantum
1976 2430 2195 2495 procedit
2232 2445 2331 2482 una
2369 2437 2418 2481 et
2453 2425 2530 2505 ¹¹·‘j

260 2519 378 2566 nea,
431 2505 481 2552 in
532 2517 679 2567 quam
726 2507 912 2550 statura
948 2502 1217 2563 spectantis
1257 2507 1418 2551 erecta
1456 2508 1529 2552 est
1567 2508 1615 2553 et
1652 2504 1700 2550 in
1741 2517 1801 2553 ea
1836 2499 1968 2554 linea
2016 2508 2209 2566 vertex,
2262 2510 2410 2569 atque
2445 2498 2516 2559 sic

260 2591 450 2641 semper
487 2583 656 2627 vertex
689 2573 958 2638 aequaliter
992 2573 1131 2623 abest
1157 2573 1219 2624 ab
1258 2575 1644 2626 extremitatibus
1668 2575 1777 2637 soli,
1818 2575 1866 2623 in
1892 2575 2024 2640 quod
2050 2582 2296 2642 spectator
2320 2573 2517 2640 insistit,

259 2649 311 2698 id
350 2657 423 2700 est
458 2665 488 2698 a
526 2648 774 2698 montibus
814 2647 1061 2696 extremis.
1110 2661 1206 2696 non
1244 2654 1451 2711 possunt
1487 2649 1636 2714 igitur
1673 2648 1827 2699 videri
1863 2654 2054 2700 montes
2093 2649 2385 2714 ascendere,
2424 2645 2512 2725 8111

262 2725 511 2774 verissime
548 2722 699 2772 Terra
734 2726 839 2770 tota
875 2726 1074 2782 rotetur.

407 2812 530 2862 Esto
578 2816 638 2859 ut
684 2814 873 2858 montes
910 2818 1015 2857 non
1057 2805 1326 2876 videantur
1362 2807 1646 2870 ascendere,
1703 2815 1930 2859 attamen
1969 2810 2276 2860 videbuntur
2321 2809 2516 2896 simplior
2553 2817 2554 2821 ’

261 2889 379 2935 citer
415 2891 462 2934 et
497 2887 555 2933 in
589 2898 768 2946 yenere
803 2883 1010 2943 moveri,
1050 2881 1217 2931 stellae
1252 2895 1370 2930 vero
1401 2884 1662 2947 quiescere,
1699 2897 1830 2944 quae
1867 2886 2139 2946 quiescunt.
2214 2883 2324 2934 Non
2349 2883 2515 2948 sequi·
2549 2907 2554 2953 ἦ

260 2964 352 3019 tur,
391 2956 524 3021 quod
561 2956 779 3022 plurimis
817 2950 1050 3018 exemplis
1086 2960 1236 3018 patet.
1313 2952 1548 3015 Virgilius
1584 2953 1831 3018 graphice,
1873 2961 1926 3004 ut
1961 2955 2122 3007 solent
2156 2959 2363 3021 poetae,
2402 2970 2515 3019 sen-2³
2547 2979 2554 3010 e

260 3045 367 3081 sum
410 3030 658 3081 oculorum
709 3029 958 3092 exprimit,
1017 3042 1127 3078 cum
1174 3028 1332 3076 canit:
1393 3027 1733 3077 Provehimur
1774 3035 1930 3092 portu
1973 3035 2233 3094 terraeque
2275 3029 2515 3094 urbesque
2546 3014 2554 3098 J

259 3103 517 3167 recedunt,
558 3105 650 3154 etsi
685 3102 780 3153 hoc
806 3106 942 3151 motu
966 3115 1062 3151 non
1088 3100 1232 3150 urbes
1267 3116 1301 3150 a
1336 3113 1478 3162 nave,
1518 3099 1604 3150 sed
1640 3101 1782 3150 navis
1819 3102 1883 3151 ab
1922 3102 2123 3152 urbibus
2160 3101 2356 3153 recedit.

410 3189 505 3251 Qui
541 3189 755 3240 secundo
794 3189 992 3238 flumine
1029 3190 1258 3251 navigat,
1310 3189 1354 3236 is
1389 3200 1489 3237 non
1526 3193 1674 3236 antea
1722 3186 2000 3236 admonitus
2036 3188 2182 3238 litora
2217 3190 2408 3239 vicina
2404 3201 2514 3252 puy

264 3263 389 3314 tabit
423 3265 609 3312 moveri
646 3265 694 3310 in
734 3261 1021 3323 adversum,
1076 3267 1126 3311 et
1162 3263 1204 3310 si
1240 3263 1383 3309 navis
1421 3266 1612 3324 praeter
1647 3261 1862 3324 stipitem
1899 3260 2136 3323 vehatur,
2175 3276 2323 3324 quem
2357 3261 2512 3312 fluxu·

263 3335 404 3385 alluit
438 3349 663 3398 mersum,
703 3342 924 3386 vectores
950 3297 1305 3395 ex’clamabunt,
1345 3333 1440 3383 sibi
1465 3333 1642 3384 lutram
1679 3333 1877 3383 obviam
1902 3333 2178 3384 ascendere.
2255 3333 2350 3397 Qui
2375 3345 2511 3384 cum

265 3409 458 3465 vehitur
495 3411 621 3458 inter
657 3423 800 3472 sepes
837 3422 1074 3471 prorsum,
1109 3407 1296 3471 jurabit
1331 3422 1474 3470 sepes
1512 3409 1736 3469 utrinque
1761 3407 1810 3454 in
1848 3421 1902 3456 se
1926 3407 2182 3469 incurrere,
2221 3409 2305 3470 qui
2335 3410 2510 3458 retroni

213 3530 215 3533 ,
265 3496 387 3543 sum,
421 3481 606 3545 jurabit
642 3496 785 3544 sepes
823 3482 1018 3544 fugere:
1059 3495 1204 3544 quem
1229 3481 1456 3530 affectum
1496 3479 1624 3529 oculi
1649 3480 1928 3564 concipiunt
1965 3486 2013 3529 et
2043 3482 2332 3545 impressum
2367 3480 2511 3531 altis·

265 3557 500 3614 retinent,
551 3555 698 3602 etiam
750 3568 860 3602 cum
909 3552 1056 3602 homo
1094 3554 1442 3617 interquiescit.
1517 3553 1582 3602 Et
1617 3553 1701 3615 qui
1737 3561 1997 3601 retrorsum
2035 3554 2270 3618 abripitur
2305 3567 2446 3603 curru
2476 3560 2544 3621 aq

263 3629 383 3676 turri
431 3626 599 3690 aliqua
643 3627 846 3689 insignis
893 3625 1162 3675 altitudinis
1209 3641 1296 3690 per
1342 3628 1474 3675 viam
1523 3640 1555 3674 a
1592 3625 1710 3673 turri
1749 3624 2008 3687 directam,
2058 3628 2099 3675 is
2144 3628 2334 3675 ruinam
2370 3624 2528 3707 turdi

265 3701 414 3764 capiti
460 3712 549 3749 suo
595 3700 896 3762 ingruentem
948 3706 1254 3762 expavescet.
1345 3698 1428 3748 Sic
1471 3698 1652 3748 nubem
1701 3695 2028 3748 dehiscentem
2078 3698 2177 3748 late
2221 3683 2540 3763 explicatam

264 3774 574 3836 conspicatus
598 3778 778 3820 motam
803 3771 978 3820 leniter
1002 3786 1034 3819 a
1057 3771 1256 3821 meridie
1281 3773 1329 3819 in
1355 3771 1744 3836 septentrionem,
1776 3770 1962 3833 jurabit
1986 3771 2169 3834 stellas,
2207 3773 2403 3835 quaein
2423 3769 2508 3820 fi·-

264 3860 401 3896 suras
421 3844 638 3896 incidunt
658 3858 814 3908 exque
835 3845 894 3893 iis
914 3844 1135 3906 emicant,
1162 3846 1347 3894 moveri
1367 3851 1504 3894 motu
1521 3845 1761 3894 contrario
1781 3858 1814 3893 a
1828 3845 2157 3908 septentrione
2177 3847 2226 3894 in
2244 3842 2504 3896 meridiem·-
