2554 4140
798 144 938 191 Liber
965 142 1179 203 Quartus,
1240 142 1355 189 Pars
1386 141 1608 189 Secunda.
1796 139 1798 141 ’
2230 146 2334 196 337

72 312 170 358 unp
209 293 438 355 secundo,
477 292 609 356 quod
646 293 744 342 fere
785 300 966 357 aequat
1002 294 1199 357 pulsnm
1236 293 1462 354 hominis,
1502 293 1776 342 transibunt
1807 293 1906 341 145
1936 292 2161 342 diametri
2187 290 2333 354 Solis»,

73 369 320 433 quaelibet
369 381 464 414 non
518 367 674 414 minor
731 369 791 414 13
833 367 1049 416 millibus
1099 367 1434 415 milliariorum
1474 363 1900 415 Germanicorum:
1957 368 2123 430 itaque
2173 367 2333 428 spatio

71 444 324 505 temporis,
376 453 473 503 qno
527 438 677 488 semel
728 439 960 489 dilatatur
992 442 1282 503 iterumque
1331 437 1630 489 contrahitur
1669 441 1846 488 arteria
1883 439 2029 503 pulsu
2068 440 2335 503 geminam,

73 516 258 563 circiter
308 513 589 576 septuagies
639 514 896 575 quinquies
951 521 1156 563 centena
1203 513 1359 562 millia
1395 510 1676 560 milliarium
1717 512 1884 561 circuli
1920 512 2119 562 maximi
2158 511 2335 560 volve-

70 595 247 648 rentur,
279 593 337 636 et
361 586 616 647 SaturnuS,
659 586 731 634 bis
768 586 947 635 millies
986 587 1256 650 angustiori
1299 585 1471 647 orbita,
1512 584 1674 634 adhuc
1711 585 1808 635 fere
1846 600 1932 650 per
1972 586 2113 634 4000
2152 583 2337 634 millia-

69 662 143 721 ria
176 658 436 721 trajiceret.
1319 666 1327 675 ·

213 732 437 781 Alterum
486 736 830 794 argumentum
875 730 1080 801 destruit
1128 746 1321 781 omnem
1368 732 1565 780 omnino
1603 735 1790 780 motum
1827 730 2066 795 sphaerae
2105 729 2334 779 fixarum:

73 807 254 869 quippe
304 819 403 854 non
456 810 688 868 apparet,
741 806 819 854 cui
857 805 1009 865 bon0,
1062 819 1172 853 cum
1212 810 1348 854 extra
1386 805 1509 853 nihil
1547 806 1634 866 sit,
1684 803 1814 852 unde
1852 809 1938 852 aut
1978 817 2208 866 quorsum
2249 802 2337 851 illa

71 877 309 928 translata
346 880 492 926 situm
533 883 580 926 et
618 880 931 940 apparentias
971 880 1127 926 variet
1166 879 1483 941 obtineatque
1518 892 1606 941 per
1644 879 1881 940 quietem,
1941 876 2173 939 quicquid
2211 890 2340 923 nan-

71 953 187 1000 cisei
226 957 396 1014 posset
432 957 567 999 motu
608 965 918 1014 quocunque.
992 950 1118 999 Nam
1168 965 1228 1000 ex
1267 951 1413 1014 hujus
1453 953 1616 1015 quiete
1656 949 1992 1013 intelliguntur
2029 955 2191 998 motus
2232 963 2338 996 om-

70 1026 206 1073 nium
244 1038 526 1088 corporum,
570 1030 619 1073 et
654 1025 749 1072 nisi
788 1024 874 1073 illa
910 1023 1075 1072 locum
1114 1023 1395 1089 praeberet,
1437 1023 1570 1088 quod
1606 1025 1875 1074 rectissime
1913 1028 2133 1088 praestat
2171 1024 2339 1085 quies-

71 1097 241 1158 cend0,
282 1099 468 1147 moveri
506 1097 629 1145 nihil
665 1103 847 1160 posset.

218 1171 484 1235 Quomodo
530 1185 578 1218 se
627 1170 774 1219 habet
812 1172 1084 1232 proportio
1113 1169 1494 1232 periodicorum
1533 1175 1846 1233 temporum,
1900 1184 2030 1232 quae
2068 1169 2340 1231 assiynasti

67 1244 350 1304 mobilibus,
390 1244 462 1292 ad
495 1245 876 1306 proportionem
914 1245 1025 1305 jam
1059 1246 1399 1305 praemissam
1437 1241 1656 1305 orbium,
1696 1245 1753 1291 in
1793 1242 1976 1306 quibus
2012 1243 2104 1291 illa
2140 1241 2337 1290 vehun-

69 1317 194 1366 tur?
228 1317 339 1367 Non
379 1322 454 1367 est
491 1315 715 1379 aequalis
752 1312 1005 1380 proportio
1043 1317 1659 1382 temporumproportioni
1700 1317 1904 1376 orbium,
1945 1315 2032 1365 sed
2070 1315 2227 1378 maj0r
2263 1329 2339 1375 ea,

70 1397 119 1440 et
156 1390 356 1453 quidem
408 1392 459 1438 in
509 1391 753 1453 primariis
794 1391 1005 1454 planetis
1043 1391 1262 1454 praecise
1299 1388 1626 1452 sesquialtera
1663 1389 1814 1439 illius.
1889 1388 2001 1438 Hoc
2041 1395 2146 1451 est,
2196 1390 2237 1436 si
2278 1386 2338 1436 de

66 1466 209 1514 annis
248 1463 448 1513 Saturni
487 1465 584 1524 30,
631 1461 781 1512 Jovis
826 1466 918 1525 12,
972 1465 1206 1514 sumseris
1243 1462 1434 1512 radices
1474 1463 1671 1512 cubicas
1710 1477 1894 1526 easque
1931 1462 2339 1525 multiplicaveris

0 1540 1 1574 ἓ
35 1559 38 1561 Α
69 1536 328 1600 quadrate‚
369 1539 418 1584 in
457 1536 710 1600 quadratis
748 1536 824 1585 his
861 1538 1075 1593 numeris
1114 1538 1259 1586 inerit
1296 1537 1511 1600 genuina
1549 1539 1800 1601 proportio
1840 1537 2030 1586 orbium
2053 1535 2252 1586 Saturni
2291 1539 2339 1582 et

66 1609 235 1662 Jovis.
305 1611 389 1660 Sic
440 1612 589 1659 etiam
627 1616 724 1671 est,
779 1611 958 1659 sinon
995 1611 1245 1675 proximos
1284 1611 1410 1660 inter
1447 1624 1500 1659 se
1541 1610 1683 1661 orbes
1725 1605 2106 1674 comparaveris
2183 1607 2338 1657 Verbi

67 1698 218 1733 causa
255 1682 494 1733 Saturnus
544 1683 695 1732 habet
732 1697 888 1733 annos
929 1684 1024 1745 30,
1079 1683 1230 1739 Terra
1282 1698 1465 1733 annum
1513 1697 1677 1737 unum.
1750 1683 2127 1733 Radix.cubica
2167 1681 2227 1730 de
2268 1681 2337 1729 30

68 1764 142 1807 cst
199 1758 228 1805 3
281 1772 391 1807 cum
447 1759 510 1806 11
564 1758 842 1806 centesimis
898 1758 1109 1819 circiter,
1169 1763 1221 1807 at
1267 1756 1406 1806 radix
1455 1757 1628 1807 cubica
1680 1757 1739 1807 de
1797 1760 1820 1806 1
1875 1763 1948 1806 est
2001 1760 2060 1820 1;
2118 1755 2339 1804 radicum

66 1828 240 1879 harum
291 1829 532 1894 quadrata
590 1836 703 1878 sunt
753 1831 782 1879 9
834 1844 943 1879 cum
985 1831 1086 1879 672
1129 1828 1402 1879 millesimis
1440 1835 1490 1878 et
1531 1833 1574 1880 1.
1667 1828 2034 1895 Ergo—Saturni
2083 1829 2214 1879 orbis
2267 1832 2340 1878 est

69 1902 135 1967 ad
173 1903 338 1952 orbem
366 1903 546 1954 Terrae
583 1909 639 1951 ut
679 1904 818 1952 9672
850 1902 914 1953 ad
946 1904 1113 1966 1000,
1155 1910 1203 1954 et
1242 1905 1516 1953 accuratior
1552 1903 1716 1968 prodit
1753 1918 1998 1973 numerus,
2038 1904 2081 1952 si
2118 1908 2339 1965 tempora

7 2014 9 2022 .
70 1979 357 2026 assumseris
396 1978 714 2027 accuratiora.

220 2050 360 2115 Quid
393 2050 511 2111 hinc
548 2050 842 2113 colliyitur?
882 2049 993 2098 Non
1032 2048 1252 2100 feruntur
1288 2049 1518 2112 planetae
1559 2065 1728 2100 omnes
1769 2049 1941 2100 eadem
1981 2049 2250 2108 celeritate,
2285 2052 2340 2095 ut

7 2140 11 2168 ε
55 2123 227 2172 ‘voluit
265 2124 585 2183 Aristoteles,
642 2122 765 2172 alias
803 2129 1024 2187 tempora
1063 2129 1227 2172 essent
1265 2130 1320 2171 ut
1360 2123 1502 2172 orbes
1542 2137 1808 2187 eorumque
1850 2123 2098 2184 diametri,
2149 2120 2238 2170 sed
2285 2126 2340 2169 ut

10 2203 11 2206 ’
71 2198 279 2261 quisque
316 2200 538 2262 superior
576 2202 651 2246 est
689 2202 736 2247 et
775 2212 805 2246 a
830 2196 945 2246 Sole
984 2197 1230 2257 remotior,
1268 2197 1339 2245 ita
1375 2198 1545 2246 minus
1579 2199 1793 2262 spatium
1831 2197 1881 2245 in
1920 2211 2019 2246 una
2056 2196 2180 2245 hora
2218 2207 2338 2243 con-

11 2281 13 2330 ,
70 2268 172 2318 ficit
208 2277 344 2319 motu
381 2270 560 2331 medio,
601 2269 839 2319 Saturnus
881 2269 1079 2333 quidem
1118 2268 1408 2335 (secundum
1448 2270 1834 2334 magnitudinem
1873 2270 2112 2335 sphaerae
2140 2267 2271 2318 Solis
2311 2283 2340 2315 a

12 2366 13 2385 1
71 2343 321 2392 veteribus
359 2340 613 2409 creditam)
654 2345 760 2392 240
798 2343 1031 2392 milliaria
1071 2341 1379 2406 Germanica,
1421 2343 1618 2408 Jupiter
1658 2347 1777 2407 320,
1821 2344 1957 2394 Mars
1999 2345 2118 2405 600,
2158 2340 2339 2391 Terrae

70 2421 290 2465 centrum
332 2417 453 2476 740,
493 2416 670 2481 Venus
707 2416 825 2479 800,
864 2415 1135 2466 Mercurius
1179 2418 1334 2466 1200.
1399 2417 1503 2467 Etsi
1542 2417 1811 2468 secundum
1850 2417 2165 2467 intervallum
2193 2414 2338 2477 Solis,

69 2503 100 2537 a
152 2503 229 2539 me
278 2490 328 2537 in
378 2490 713 2553 superioribus
767 2490 1176 2553 demonstratum,
1230 2488 1796 2541 numerus’milliarium
1848 2492 2034 2556 ubique
2086 2488 2339 2555 triplican—

70 2559 161 2611 dns
198 2564 303 2612 erit.

614 2665 680 2714 IL
736 2665 837 2714 De'
864 2665 1076 2721 causis
1112 2670 1319 2715 m-otus
1357 2664 1778 2729 planetarum.

0 2831 2 2850 ¹
213 2781 314 2831 Die
359 2785 660 2831 sententiam
707 2789 933 2832 veterum
985 2789 1427 2845 astronomorum,
1482 2785 1735 2848 quomodo
1781 2787 2064 2834 existiment
2093 2785 2334 2847 planetas

72 2858 280 2904 moveri.
357 2854 690 2904 Vetustissimi
740 2855 973 2905 Eudoxus
1021 2862 1069 2907 et
1117 2856 1352 2921 Calippus
1400 2871 1583 2921 eosque
1631 2863 1826 2907 secutus
1875 2854 2188 2907 Ptolemaeus
2234 2871 2333 2906 non

74 2924 203 2977 ultra
240 2927 447 2978 circulos
485 2936 602 2978 sunt
637 2931 904 2992 progressi,
959 2929 1137 2993 quibus
1176 2931 1248 2978 illi
1288 2929 1618 2980 demonstrare
1655 2930 1994 2995 phaenomena
2033 2936 2147 2980 sunt
2183 2930 2331 2993 soliti,

73 3002 229 3050 securi
266 3001 515 3065 quomodo
568 3007 700 3051 astra
749 3001 953 3051 circulos
991 3001 1082 3052 hos
1121 3003 1449 3054 absolverent.
1525 3003 1609 3053 Sic
1648 3005 1774 3053 enim
1812 3004 1981 3053 scribit
1999 3010 2003 3020 ·’
2017 3003 2333 3055 Ptolemaeus

16 3069 20 3136 ’ξ
73 3065 198 3124 libro
234 3073 386 3124 XIII.
424 3077 589 3138 magni
629 3076 806 3139 operis,
847 3089 951 3139 cap.
987 3075 1055 3125 11:

17 3138 21 3174 ³
95 3154 113 3217 f
242 3157 386 3204 Nemo
424 3171 531 3202 vero
572 3157 778 3203 difficiles
819 3163 1003 3203 censeat
1039 3157 1121 3203 has
1162 3172 1275 3216 quas
1324 3158 1622 3216 supponimus
1674 3158 1945 3206 circulorum
1987 3161 2333 3221 implicationes,

0 3233 22 3295 >3
75 3230 317 3283 propterea
348 3226 468 3282 quod
500 3226 623 3270 videt
654 3238 792 3282 penes
815 3237 895 3270 nos
927 3225 1132 3270 homines
1153 3226 1418 3282 perplexam
1449 3226 1687 3271 admodum
1709 3239 1809 3272 esse
1837 3226 2016 3272 illarum
2038 3227 2334 3274 imitationem

20 3300 23 3335 ι
72 3291 358 3338 musi-iam.
417 3293 521 3338 Non
554 3291 670 3336 enim
712 3302 905 3347 aequum
945 3294 1036 3347 est,
1083 3290 1282 3335 humana
1326 3297 1486 3336 nostra
1523 3291 1622 3336 Diis
1667 3291 1992 3340 immortalibus
2037 3296 2335 3353 aequiparare

21 3359 27 3432 ι
74 3364 311 3414 rerumque
341 3360 599 3405 sublimium
630 3358 764 3402 fidem
796 3358 852 3401 ab
885 3356 1104 3413 exemplis
1135 3363 1293 3414 petere
1324 3371 1473 3404 rerum
1506 3357 1919 3408 dissimillimarum.

0 3416 25 3471 Γ,
242 3424 359 3471 Nam
396 3426 507 3483 quid
545 3426 617 3472 cui
649 3425 790 3481 magis
830 3423 1069 3479 dissimile,
1112 3414 1245 3480 quam
1278 3437 1352 3481 ea,
1392 3437 1511 3481 quae
1554 3437 1733 3482 semper
1773 3428 1930 3473 eodem
1973 3429 2107 3474 modo
2149 3429 2334 3486 habent,

0 3499 27 3523 2³
74 3485 156 3546 iis,
199 3502 317 3547 quae
352 3505 583 3549 nunquam
629 3491 716 3537 sibi
762 3496 993 3546 constant,
1040 3496 1085 3534 et
1115 3503 1193 3545 ea,
1238 3504 1356 3547 quae
1401 3489 1693 3547 undiquaque
1732 3492 1788 3538 ab
1831 3494 2058 3549 omnibus,
2099 3495 2173 3554 iis,
2222 3509 2338 3552 quae

25 3554 29 3611 ';
79 3563 136 3599 1ιο
162 3565 191 3598 a
230 3568 280 3600 se
310 3557 422 3614 ipsis
452 3557 633 3615 quidem
665 3556 873 3615 impediri
905 3556 1131 3612 possunt?
1178 3555 1294 3611 Quin
1334 3555 1488 3612 potius
1523 3556 1569 3601 id
1607 3571 1772 3619 operae
1814 3560 2031 3618 dandum,
2064 3567 2134 3612 ut,
2171 3562 2208 3607 si
2239 3561 2338 3607 fieri

77 3618 242 3677 possit,
272 3621 631 3680 simplicissimae
664 3623 1001 3681 suppositiones
1033 3627 1245 3678 aptentur
1287 3622 1564 3668 motionibus
1595 3623 1891 3683 coelestibus,
1932 3626 2001 3670 sin
2041 3627 2189 3671 minus
2228 3641 2334 3672 vero

0 3686 32 3755 '¹
79 3689 358 3743 successerit,
389 3696 437 3736 at
467 3691 625 3748 quales
646 3691 836 3748 possint.
897 3690 984 3733 Per
1013 3689 1173 3733 harum
1205 3688 1323 3733 enim
1354 3691 1722 3747 consequentiam
1752 3692 2071 3751 hypothesium
2103 3694 2141 3737 si
2171 3693 2335 3737 solum-

0 3741 31 3787 i*
76 3748 206 3796 modo
235 3759 525 3810 praestentur
556 3756 728 3812 omnia,
776 3769 892 3813 quae
924 3762 1148 3813 apparent
1177 3754 1222 3799 in
1255 3754 1406 3811 coelo,
1447 3755 1503 3801 dc
1535 3762 1687 3803 cetero
1719 3759 1871 3804 mirari
1911 3771 2198 3816 nequaquam
2229 3773 2335 3803 con·

2 3794 37 3886 :f
79 3815 220 3874 venit,
257 3818 585 3876 implicationes
624 3820 886 3879 hujusmodi
929 3834 1065 3878 posse
1104 3820 1379 3866 motionibus
1410 3820 1502 3867 illis
1535 3836 1774 3881 corporum
1806 3825 2070 3870 coelestium
2109 3822 2334 3868 accidere:

30 3887 33 3942 ᾗ
78 3882 242 3942 quippe
270 3899 410 3944 penes
441 3900 558 3945 quae
585 3894 749 3935 natura
779 3887 904 3935 nulla
934 3894 1017 3946 cst,
1050 3901 1166 3945 quae
1197 3893 1369 3935 motum
1398 3886 1627 3945 impediat,
1657 3890 1738 3936 sed
1765 3903 1882 3946 quae
1913 3896 2021 3946 apta
2042 3893 2149 3935 nata
2180 3893 2250 3934 est
2279 3887 2335 3932 ad

161 3971 319 4014 xeplerl
341 3973 478 4016 Opera,
515 3975 580 4011 V1.
1920 3970 1987 4014 22
