<?xml version="1.0" encoding="UTF-8"?>
<!DOCTYPE html PUBLIC "-//W3C//DTD XHTML 1.0 Transitional//EN"
    "http://www.w3.org/TR/xhtml1/DTD/xhtml1-transitional.dtd">
<html xmlns="http://www.w3.org/1999/xhtml" xml:lang="en" lang="en">
 <head>
  <title>
</title>
<meta http-equiv="Content-Type" content="text/html;charset=utf-8" />
  <meta name='ocr-system' content='tesseract 3.04.00' />
  <meta name='ocr-capabilities' content='ocr_page ocr_carea ocr_par ocr_line ocrx_word'/>
</head>
<body>
  <div class='ocr_page' id='page_1' title='image "./operaomniaedidit06kepluoft_0103.png"; bbox 0 0 2560 4100; ppageno 0'>
   <div class='ocr_carea' id='block_1_1' title="bbox 6 0 108 4100">
    <p class='ocr_par' dir='ltr' id='par_1_1' title="bbox 6 0 108 4100">
     <span class='ocr_line' id='line_1_1' title="bbox 6 0 108 4100; baseline 0 0"><span class='ocrx_word' id='word_1_1' title='bbox 6 0 108 4100; x_wconf 95' lang='lat' dir='ltr'> </span> 
     </span>
    </p>
   </div>
   <div class='ocr_carea' id='block_1_2' title="bbox 632 106 2458 173">
    <p class='ocr_par' dir='ltr' id='par_1_2' title="bbox 632 106 2458 173">
     <span class='ocr_line' id='line_1_2' title="bbox 632 106 2458 173; baseline 0.002 -12"><span class='ocrx_word' id='word_1_2' title='bbox 632 117 701 161; x_wconf 90' lang='lat' dir='ltr'>De</span> <span class='ocrx_word' id='word_1_3' title='bbox 733 116 852 162; x_wconf 86' lang='lat' dir='ltr'>Anni</span> <span class='ocrx_word' id='word_1_4' title='bbox 884 106 1147 173; x_wconf 81' lang='lat' dir='ltr'>Quantitate</span> <span class='ocrx_word' id='word_1_5' title='bbox 1176 119 1223 161; x_wconf 87' lang='lat' dir='ltr'>et</span> <span class='ocrx_word' id='word_1_6' title='bbox 1250 115 1655 172; x_wconf 84' lang='lat' dir='ltr'>Aequinoctiorum</span> <span class='ocrx_word' id='word_1_7' title='bbox 1686 118 2022 164; x_wconf 88' lang='lat' dir='ltr'>Praecessione.</span> <span class='ocrx_word' id='word_1_8' title='bbox 2392 123 2458 172; x_wconf 83' lang='lat'>89</span> 
     </span>
    </p>
   </div>
   <div class='ocr_carea' id='block_1_3' title="bbox 183 264 2459 3704">
    <p class='ocr_par' dir='ltr' id='par_1_3' title="bbox 207 264 2458 401">
     <span class='ocr_line' id='line_1_3' title="bbox 207 264 2458 330; baseline 0.001 -16"><span class='ocrx_word' id='word_1_9' title='bbox 207 266 352 314; x_wconf 92' lang='lat' dir='ltr'><strong>XIII.</strong></span> <span class='ocrx_word' id='word_1_10' title='bbox 395 264 499 313; x_wconf 88' lang='lat' dir='ltr'>Cal.</span> <span class='ocrx_word' id='word_1_11' title='bbox 540 277 628 313; x_wconf 89' lang='lat' dir='ltr'>seu</span> <span class='ocrx_word' id='word_1_12' title='bbox 668 265 752 313; x_wconf 83' lang='lat'>20.</span> <span class='ocrx_word' id='word_1_13' title='bbox 792 265 916 314; x_wconf 87' lang='lat' dir='ltr'>Julii</span> <span class='ocrx_word' id='word_1_14' title='bbox 963 265 1197 328; x_wconf 84' lang='lat' dir='ltr'><strong>adscribi,</strong></span> <span class='ocrx_word' id='word_1_15' title='bbox 1254 268 1347 315; x_wconf 89' lang='lat' dir='ltr'>nisi</span> <span class='ocrx_word' id='word_1_16' title='bbox 1397 267 1499 315; x_wconf 90' lang='lat' dir='ltr'>dies</span> <span class='ocrx_word' id='word_1_17' title='bbox 1553 272 1746 316; x_wconf 87' lang='lat' dir='ltr'>exemta</span> <span class='ocrx_word' id='word_1_18' title='bbox 1797 274 1933 317; x_wconf 89' lang='lat' dir='ltr'>extra</span> <span class='ocrx_word' id='word_1_19' title='bbox 1988 268 2202 317; x_wconf 86' lang='lat' dir='ltr'>ordinem</span> <span class='ocrx_word' id='word_1_20' title='bbox 2257 267 2458 330; x_wconf 84' lang='lat' dir='ltr'>diesque</span> 
     </span>
     <span class='ocr_line' id='line_1_4' title="bbox 208 338 1075 401; baseline 0.002 -14"><span class='ocrx_word' id='word_1_21' title='bbox 208 341 319 388; x_wconf 88' lang='lat' dir='ltr'>anni</span> <span class='ocrx_word' id='word_1_22' title='bbox 358 338 568 386; x_wconf 84' lang='lat' dir='ltr'>Romani</span> <span class='ocrx_word' id='word_1_23' title='bbox 609 339 872 401; x_wconf 87' lang='lat' dir='ltr'>anticipati</span> <span class='ocrx_word' id='word_1_24' title='bbox 899 345 1075 389; x_wconf 83' lang='lat' dir='ltr'><strong>essent.</strong></span> 
     </span>
    </p>

    <p class='ocr_par' dir='ltr' id='par_1_4' title="bbox 200 410 2459 914">
     <span class='ocr_line' id='line_1_5' title="bbox 350 410 2458 477; baseline 0.001 -18"><span class='ocrx_word' id='word_1_25' title='bbox 350 410 470 474; x_wconf 88' lang='lat' dir='ltr'>Quis</span> <span class='ocrx_word' id='word_1_26' title='bbox 509 411 697 458; x_wconf 89' lang='lat' dir='ltr'>dubitet</span> <span class='ocrx_word' id='word_1_27' title='bbox 735 414 851 474; x_wconf 89' lang='lat' dir='ltr'>quin</span> <span class='ocrx_word' id='word_1_28' title='bbox 890 412 1230 474; x_wconf 82' lang='lat' dir='ltr'>PtolemaeuS,</span> <span class='ocrx_word' id='word_1_29' title='bbox 1271 427 1382 461; x_wconf 76' lang='lat' dir='ltr'>cunr</span> <span class='ocrx_word' id='word_1_30' title='bbox 1418 427 1513 460; x_wconf 90' lang='lat' dir='ltr'>non</span> <span class='ocrx_word' id='word_1_31' title='bbox 1555 411 1827 462; x_wconf 86' lang='lat' dir='ltr'>attenderet</span> <span class='ocrx_word' id='word_1_32' title='bbox 1865 413 1939 473; x_wconf 91' lang='lat' dir='ltr'>id,</span> <span class='ocrx_word' id='word_1_33' title='bbox 1991 413 2123 477; x_wconf 92' lang='lat' dir='ltr'>quod</span> <span class='ocrx_word' id='word_1_34' title='bbox 2164 410 2458 462; x_wconf 84' lang='lat' dir='ltr'>Censorinus</span> 
     </span>
     <span class='ocr_line' id='line_1_6' title="bbox 205 483 2457 544; baseline 0.001 -12"><span class='ocrx_word' id='word_1_35' title='bbox 205 483 434 544; x_wconf 82' lang='lat' dir='ltr'>attendit,</span> <span class='ocrx_word' id='word_1_36' title='bbox 493 485 818 533; x_wconf 88' lang='lat' dir='ltr'>exemtionem</span> <span class='ocrx_word' id='word_1_37' title='bbox 866 499 972 535; x_wconf 88' lang='lat' dir='ltr'>esse</span> <span class='ocrx_word' id='word_1_38' title='bbox 1024 486 1203 535; x_wconf 85' lang='lat' dir='ltr'>factam</span> <span class='ocrx_word' id='word_1_39' title='bbox 1254 491 1389 535; x_wconf 86' lang='lat' dir='ltr'>extra</span> <span class='ocrx_word' id='word_1_40' title='bbox 1442 485 1684 544; x_wconf 80' lang='lat' dir='ltr'>ordinem,</span> <span class='ocrx_word' id='word_1_41' title='bbox 1742 489 1982 534; x_wconf 86' lang='lat' dir='ltr'>censuerit</span> <span class='ocrx_word' id='word_1_42' title='bbox 2038 502 2146 536; x_wconf 92' lang='lat' dir='ltr'>cum</span> <span class='ocrx_word' id='word_1_43' title='bbox 2187 486 2309 534; x_wconf 92' lang='lat' dir='ltr'>XII.</span> <span class='ocrx_word' id='word_1_44' title='bbox 2352 487 2457 536; x_wconf 86' lang='lat' dir='ltr'>Cal.</span> 
     </span>
     <span class='ocr_line' id='line_1_7' title="bbox 206 556 2458 623; baseline 0.002 -19"><span class='ocrx_word' id='word_1_45' title='bbox 206 558 441 619; x_wconf 85' lang='lat' dir='ltr'>Augusti,</span> <span class='ocrx_word' id='word_1_46' title='bbox 495 559 577 619; x_wconf 91' lang='lat' dir='ltr'>qui</span> <span class='ocrx_word' id='word_1_47' title='bbox 617 556 721 605; x_wconf 88' lang='lat' dir='ltr'>dies</span> <span class='ocrx_word' id='word_1_48' title='bbox 760 566 875 607; x_wconf 89' lang='lat' dir='ltr'>tunc</span> <span class='ocrx_word' id='word_1_49' title='bbox 911 558 1100 607; x_wconf 89' lang='lat' dir='ltr'>Romae</span> <span class='ocrx_word' id='word_1_50' title='bbox 1139 560 1403 623; x_wconf 81' lang='lat' dir='ltr'>agebatur,</span> <span class='ocrx_word' id='word_1_51' title='bbox 1457 559 1617 607; x_wconf 89' lang='lat' dir='ltr'>adhuc</span> <span class='ocrx_word' id='word_1_52' title='bbox 1657 558 1914 608; x_wconf 86' lang='lat' dir='ltr'>cohaerere</span> <span class='ocrx_word' id='word_1_53' title='bbox 1967 566 2021 607; x_wconf 93' lang='lat' dir='ltr'>ut</span> <span class='ocrx_word' id='word_1_54' title='bbox 2057 567 2204 609; x_wconf 85' lang='lat' dir='ltr'>antea</span> <span class='ocrx_word' id='word_1_55' title='bbox 2243 560 2369 609; x_wconf 83' lang='lat' dir='ltr'>diem</span> <span class='ocrx_word' id='word_1_56' title='bbox 2410 563 2458 619; x_wconf 81' lang='grc'>2.</span> 
     </span>
     <span class='ocr_line' id='line_1_8' title="bbox 203 630 2455 696; baseline 0.001 -18"><span class='ocrx_word' id='word_1_57' title='bbox 203 630 395 692; x_wconf 84' lang='lat' dir='ltr'>Thoth,</span> <span class='ocrx_word' id='word_1_58' title='bbox 448 632 532 693; x_wconf 91' lang='lat' dir='ltr'>qui</span> <span class='ocrx_word' id='word_1_59' title='bbox 575 636 737 678; x_wconf 90' lang='lat' dir='ltr'>tamen</span> <span class='ocrx_word' id='word_1_60' title='bbox 786 638 891 680; x_wconf 88' lang='lat' dir='ltr'>erat</span> <span class='ocrx_word' id='word_1_61' title='bbox 937 631 1130 681; x_wconf 88' lang='lat' dir='ltr'>demum</span> <span class='ocrx_word' id='word_1_62' title='bbox 1184 635 1229 680; x_wconf 92' lang='lat'>1.</span> <span class='ocrx_word' id='word_1_63' title='bbox 1269 632 1430 680; x_wconf 86' lang='lat' dir='ltr'>Thoth</span> <span class='ocrx_word' id='word_1_64' title='bbox 1482 631 1787 695; x_wconf 85' lang='lat' dir='ltr'>debebatque</span> <span class='ocrx_word' id='word_1_65' title='bbox 1842 647 1901 679; x_wconf 86' lang='lat' dir='ltr'>ex</span> <span class='ocrx_word' id='word_1_66' title='bbox 1954 633 2182 696; x_wconf 86' lang='lat' dir='ltr'>analogia</span> <span class='ocrx_word' id='word_1_67' title='bbox 2219 644 2455 682; x_wconf 88' lang='lat' dir='ltr'>annorum</span> 
     </span>
     <span class='ocr_line' id='line_1_9' title="bbox 200 704 2459 770; baseline 0.002 -19"><span class='ocrx_word' id='word_1_68' title='bbox 200 710 437 766; x_wconf 86' lang='lat' dir='ltr'>perpetua</span> <span class='ocrx_word' id='word_1_69' title='bbox 489 705 758 766; x_wconf 85' lang='lat' dir='ltr'>nuncupari</span> <span class='ocrx_word' id='word_1_70' title='bbox 805 704 954 752; x_wconf 92' lang='lat' dir='ltr'><strong>XIII.</strong></span> <span class='ocrx_word' id='word_1_71' title='bbox 1005 704 1107 753; x_wconf 89' lang='lat' dir='ltr'>Cal.</span> <span class='ocrx_word' id='word_1_72' title='bbox 1161 720 1249 754; x_wconf 88' lang='lat' dir='ltr'>seu</span> <span class='ocrx_word' id='word_1_73' title='bbox 1298 709 1383 756; x_wconf 80' lang='lat'>20.</span> <span class='ocrx_word' id='word_1_74' title='bbox 1433 704 1573 754; x_wconf 86' lang='lat' dir='ltr'>Julii.</span> <span class='ocrx_word' id='word_1_75' title='bbox 1648 705 1758 754; x_wconf 90' lang='lat' dir='ltr'>Hac</span> <span class='ocrx_word' id='word_1_76' title='bbox 1813 719 1929 753; x_wconf 91' lang='lat' dir='ltr'>vero</span> <span class='ocrx_word' id='word_1_77' title='bbox 1980 708 2166 754; x_wconf 89' lang='lat' dir='ltr'>ratione</span> <span class='ocrx_word' id='word_1_78' title='bbox 2214 708 2459 770; x_wconf 89' lang='lat' dir='ltr'>superflua</span> 
     </span>
     <span class='ocr_line' id='line_1_10' title="bbox 202 777 2456 843; baseline 0.003 -20"><span class='ocrx_word' id='word_1_79' title='bbox 202 777 304 825; x_wconf 88' lang='lat' dir='ltr'>dies</span> <span class='ocrx_word' id='word_1_80' title='bbox 350 791 462 825; x_wconf 63' lang='lat' dir='ltr'>&gt;sese</span> <span class='ocrx_word' id='word_1_81' title='bbox 514 777 783 825; x_wconf 84' lang='lat' dir='ltr'>insinuavit</span> <span class='ocrx_word' id='word_1_82' title='bbox 829 779 878 825; x_wconf 91' lang='lat' dir='ltr'>in</span> <span class='ocrx_word' id='word_1_83' title='bbox 931 778 1037 840; x_wconf 88' lang='lat' dir='ltr'>ejus</span> <span class='ocrx_word' id='word_1_84' title='bbox 1090 778 1354 840; x_wconf 88' lang='lat' dir='ltr'>calculum,</span> <span class='ocrx_word' id='word_1_85' title='bbox 1412 780 1538 828; x_wconf 89' lang='lat' dir='ltr'>inter</span> <span class='ocrx_word' id='word_1_86' title='bbox 1574 778 1911 842; x_wconf 87' lang='lat' dir='ltr'>Hipparchum</span> <span class='ocrx_word' id='word_1_87' title='bbox 1959 786 2007 828; x_wconf 93' lang='lat' dir='ltr'>et</span> <span class='ocrx_word' id='word_1_88' title='bbox 2053 794 2191 829; x_wconf 85' lang='lat' dir='ltr'>suam</span> <span class='ocrx_word' id='word_1_89' title='bbox 2230 786 2456 843; x_wconf 86' lang='lat' dir='ltr'>aetatem,</span> 
     </span>
     <span class='ocr_line' id='line_1_11' title="bbox 202 849 1794 914; baseline 0.001 -17"><span class='ocrx_word' id='word_1_90' title='bbox 202 849 522 913; x_wconf 86' lang='lat' dir='ltr'>proditusque</span> <span class='ocrx_word' id='word_1_91' title='bbox 562 865 718 898; x_wconf 88' lang='lat' dir='ltr'>annus</span> <span class='ocrx_word' id='word_1_92' title='bbox 758 851 952 914; x_wconf 86' lang='lat' dir='ltr'>longior</span> <span class='ocrx_word' id='word_1_93' title='bbox 983 852 1124 914; x_wconf 80' lang='lat' dir='ltr'>J&#39;usto</span> <span class='ocrx_word' id='word_1_94' title='bbox 1160 860 1207 901; x_wconf 92' lang='lat' dir='ltr'>et</span> <span class='ocrx_word' id='word_1_95' title='bbox 1246 852 1375 900; x_wconf 87' lang='lat' dir='ltr'>Solis</span> <span class='ocrx_word' id='word_1_96' title='bbox 1413 858 1574 901; x_wconf 89' lang='lat' dir='ltr'>motus</span> <span class='ocrx_word' id='word_1_97' title='bbox 1612 852 1794 901; x_wconf 75' lang='lat' dir='ltr'>tarduS.</span> 
     </span>
    </p>

    <p class='ocr_par' dir='ltr' id='par_1_5' title="bbox 192 913 2459 1498">
     <span class='ocr_line' id='line_1_12' title="bbox 346 913 2453 990; baseline 0.002 -20"><span class='ocrx_word' id='word_1_98' title='bbox 346 913 672 984; x_wconf 70' lang='lat' dir='ltr'>PtolemaeuS,</span> <span class='ocrx_word' id='word_1_99' title='bbox 711 930 767 971; x_wconf 90' lang='lat' dir='ltr'>ut</span> <span class='ocrx_word' id='word_1_100' title='bbox 805 929 1044 972; x_wconf 84' lang='lat' dir='ltr'>testantur</span> <span class='ocrx_word' id='word_1_101' title='bbox 1082 925 1187 987; x_wconf 89' lang='lat' dir='ltr'>ejus</span> <span class='ocrx_word' id='word_1_102' title='bbox 1227 926 1620 986; x_wconf 78' lang='lat' dir='ltr'>observationeS,</span> <span class='ocrx_word' id='word_1_103' title='bbox 1670 926 1941 990; x_wconf 86' lang='lat' dir='ltr'>supervixit</span> <span class='ocrx_word' id='word_1_104' title='bbox 1978 939 2133 988; x_wconf 90' lang='lat' dir='ltr'>usque</span> <span class='ocrx_word' id='word_1_105' title='bbox 2172 925 2234 973; x_wconf 91' lang='lat' dir='ltr'>ad</span> <span class='ocrx_word' id='word_1_106' title='bbox 2273 941 2453 975; x_wconf 90' lang='lat' dir='ltr'>annum</span> 
     </span>
     <span class='ocr_line' id='line_1_13' title="bbox 202 996 2455 1061; baseline 0.002 -17"><span class='ocrx_word' id='word_1_107' title='bbox 202 996 378 1044; x_wconf 88' lang='lat' dir='ltr'>Christi</span> <span class='ocrx_word' id='word_1_108' title='bbox 424 998 541 1044; x_wconf 87' lang='grc'><strong>140.</strong></span> <span class='ocrx_word' id='word_1_109' title='bbox 621 997 836 1044; x_wconf 90' lang='lat' dir='ltr'>Dubium</span> <span class='ocrx_word' id='word_1_110' title='bbox 875 999 1052 1059; x_wconf 88' lang='lat' dir='ltr'>igitur,</span> <span class='ocrx_word' id='word_1_111' title='bbox 1093 1014 1208 1059; x_wconf 85' lang='lat' dir='ltr'>num</span> <span class='ocrx_word' id='word_1_112' title='bbox 1247 1000 1310 1047; x_wconf 90' lang='lat' dir='ltr'>sit</span> <span class='ocrx_word' id='word_1_113' title='bbox 1347 998 1660 1048; x_wconf 84' lang='lat' dir='ltr'>Ptolemaeus</span> <span class='ocrx_word' id='word_1_114' title='bbox 1698 999 1809 1058; x_wconf 91' lang='lat' dir='ltr'>ille,</span> <span class='ocrx_word' id='word_1_115' title='bbox 1856 998 1915 1046; x_wconf 90' lang='lat' dir='ltr'>de</span> <span class='ocrx_word' id='word_1_116' title='bbox 1955 1013 2053 1061; x_wconf 92' lang='lat' dir='ltr'>quo</span> <span class='ocrx_word' id='word_1_117' title='bbox 2093 998 2295 1047; x_wconf 79' lang='lat' dir='ltr'>Tacitus</span> <span class='ocrx_word' id='word_1_118' title='bbox 2335 1002 2455 1048; x_wconf 87' lang='lat' dir='ltr'>ista:</span> 
     </span>
     <span class='ocr_line' id='line_1_14' title="bbox 202 1069 2457 1135; baseline 0.002 -19"><span class='ocrx_word' id='word_1_119' title='bbox 202 1069 418 1130; x_wconf 88' lang='lat' dir='ltr'>„Multos</span> <span class='ocrx_word' id='word_1_120' title='bbox 457 1069 692 1133; x_wconf 89' lang='lat' dir='ltr'>Poppaea</span> <span class='ocrx_word' id='word_1_121' title='bbox 745 1070 1118 1120; x_wconf 89' lang='lat' dir='ltr'>mathematicos</span> <span class='ocrx_word' id='word_1_122' title='bbox 1166 1072 1431 1133; x_wconf 86' lang='lat' dir='ltr'>habuerat,</span> <span class='ocrx_word' id='word_1_123' title='bbox 1487 1088 1513 1121; x_wconf 94' lang='lat' dir='ltr'>e</span> <span class='ocrx_word' id='word_1_124' title='bbox 1564 1074 1740 1135; x_wconf 87' lang='lat' dir='ltr'>quibus</span> <span class='ocrx_word' id='word_1_125' title='bbox 1780 1072 2125 1133; x_wconf 79' lang='lat' dir='ltr'>PtolemaeuS,</span> <span class='ocrx_word' id='word_1_126' title='bbox 2178 1071 2361 1121; x_wconf 87' lang='lat' dir='ltr'>Othoni</span> <span class='ocrx_word' id='word_1_127' title='bbox 2409 1076 2457 1120; x_wconf 91' lang='lat' dir='ltr'>in</span> 
     </span>
     <span class='ocr_line' id='line_1_15' title="bbox 198 1142 2459 1207; baseline 0.002 -16"><span class='ocrx_word' id='word_1_128' title='bbox 198 1143 441 1207; x_wconf 87' lang='lat' dir='ltr'>Hispania</span> <span class='ocrx_word' id='word_1_129' title='bbox 482 1157 674 1203; x_wconf 79' lang='lat' dir='ltr'>comeS,</span> <span class='ocrx_word' id='word_1_130' title='bbox 730 1142 888 1192; x_wconf 92' lang='lat' dir='ltr'>eidem</span> <span class='ocrx_word' id='word_1_131' title='bbox 937 1144 1028 1192; x_wconf 90' lang='lat' dir='ltr'>sub</span> <span class='ocrx_word' id='word_1_132' title='bbox 1069 1143 1231 1194; x_wconf 85' lang='lat' dir='ltr'>Galba</span> <span class='ocrx_word' id='word_1_133' title='bbox 1285 1145 1480 1193; x_wconf 89' lang='lat' dir='ltr'>sceleris</span> <span class='ocrx_word' id='word_1_134' title='bbox 1520 1147 1799 1207; x_wconf 86' lang='lat' dir='ltr'>instinctor,</span> <span class='ocrx_word' id='word_1_135' title='bbox 1854 1145 1970 1193; x_wconf 92' lang='lat' dir='ltr'>dum</span> <span class='ocrx_word' id='word_1_136' title='bbox 2013 1160 2169 1194; x_wconf 91' lang='lat' dir='ltr'>novos</span> <span class='ocrx_word' id='word_1_137' title='bbox 2208 1152 2371 1195; x_wconf 89' lang='lat' dir='ltr'>motus</span> <span class='ocrx_word' id='word_1_138' title='bbox 2410 1154 2459 1196; x_wconf 90' lang='lat' dir='ltr'>et</span> 
     </span>
     <span class='ocr_line' id='line_1_16' title="bbox 192 1212 2458 1269; baseline 0.001 -4"><span class='ocrx_word' id='word_1_139' title='bbox 192 1217 383 1265; x_wconf 69' lang='lat' dir='ltr'>&#39;clarum</span> <span class='ocrx_word' id='word_1_140' title='bbox 424 1212 609 1264; x_wconf 87' lang='lat' dir='ltr'>Othoni</span> <span class='ocrx_word' id='word_1_141' title='bbox 647 1231 827 1264; x_wconf 84' lang='lat' dir='ltr'>annum</span> <span class='ocrx_word' id='word_1_142' title='bbox 867 1218 1211 1267; x_wconf 89' lang='lat' dir='ltr'>observatione</span> <span class='ocrx_word' id='word_1_143' title='bbox 1249 1218 1459 1267; x_wconf 89' lang='lat' dir='ltr'>siderum</span> <span class='ocrx_word' id='word_1_144' title='bbox 1499 1219 1757 1268; x_wconf 84' lang='lat' dir='ltr'>affirmat.“</span> <span class='ocrx_word' id='word_1_145' title='bbox 1837 1218 2009 1267; x_wconf 89' lang='lat' dir='ltr'>Annus</span> <span class='ocrx_word' id='word_1_146' title='bbox 2048 1221 2088 1267; x_wconf 91' lang='lat' dir='ltr'>is</span> <span class='ocrx_word' id='word_1_147' title='bbox 2134 1226 2239 1268; x_wconf 83' lang='lat' dir='ltr'>erat</span> <span class='ocrx_word' id='word_1_148' title='bbox 2277 1219 2458 1269; x_wconf 88' lang='lat' dir='ltr'>Christi</span> 
     </span>
     <span class='ocr_line' id='line_1_17' title="bbox 201 1289 2455 1356; baseline 0.002 -19"><span class='ocrx_word' id='word_1_149' title='bbox 201 1292 284 1340; x_wconf 82' lang='lat'>69.</span> <span class='ocrx_word' id='word_1_150' title='bbox 365 1290 541 1352; x_wconf 89' lang='lat' dir='ltr'>Itaque</span> <span class='ocrx_word' id='word_1_151' title='bbox 580 1291 622 1337; x_wconf 88' lang='lat' dir='ltr'>si</span> <span class='ocrx_word' id='word_1_152' title='bbox 660 1289 753 1355; x_wconf 86' lang='lat' dir='ltr'>hac</span> <span class='ocrx_word' id='word_1_153' title='bbox 791 1292 1086 1353; x_wconf 86' lang='lat' dir='ltr'>astrologiae</span> <span class='ocrx_word' id='word_1_154' title='bbox 1126 1293 1329 1340; x_wconf 88' lang='lat' dir='ltr'>scientia</span> <span class='ocrx_word' id='word_1_155' title='bbox 1367 1295 1662 1341; x_wconf 88' lang='lat' dir='ltr'>tricesimum</span> <span class='ocrx_word' id='word_1_156' title='bbox 1703 1292 1876 1341; x_wconf 87' lang='lat' dir='ltr'>saltem</span> <span class='ocrx_word' id='word_1_157' title='bbox 1903 1307 2084 1341; x_wconf 89' lang='lat' dir='ltr'>annum</span> <span class='ocrx_word' id='word_1_158' title='bbox 2123 1295 2301 1342; x_wconf 86' lang='lat' dir='ltr'>aetatis</span> <span class='ocrx_word' id='word_1_159' title='bbox 2341 1296 2455 1356; x_wconf 84' lang='lat' dir='ltr'>egit,</span> 
     </span>
     <span class='ocr_line' id='line_1_18' title="bbox 197 1364 2456 1430; baseline 0.002 -19"><span class='ocrx_word' id='word_1_160' title='bbox 197 1368 386 1426; x_wconf 85' lang='lat' dir='ltr'>oportet</span> <span class='ocrx_word' id='word_1_161' title='bbox 436 1365 712 1411; x_wconf 89' lang='lat' dir='ltr'>centenario</span> <span class='ocrx_word' id='word_1_162' title='bbox 759 1364 918 1426; x_wconf 84' lang='lat' dir='ltr'>major</span> <span class='ocrx_word' id='word_1_163' title='bbox 967 1366 1212 1428; x_wconf 88' lang='lat' dir='ltr'>scripserit</span> <span class='ocrx_word' id='word_1_164' title='bbox 1259 1380 1399 1414; x_wconf 88' lang='lat' dir='ltr'>suam</span> <span class='ocrx_word' id='word_1_165' title='bbox 1438 1366 1666 1430; x_wconf 86' lang='lat' dir='ltr'>Megalen</span> <span class='ocrx_word' id='word_1_166' title='bbox 1707 1366 1973 1429; x_wconf 87' lang='lat' dir='ltr'>Syntaxin,</span> <span class='ocrx_word' id='word_1_167' title='bbox 2030 1366 2274 1430; x_wconf 85' lang='lat' dir='ltr'>siquidem</span> <span class='ocrx_word' id='word_1_168' title='bbox 2326 1367 2456 1416; x_wconf 89' lang='lat' dir='ltr'>idem</span> 
     </span>
     <span class='ocr_line' id='line_1_19' title="bbox 195 1435 943 1498; baseline 0.003 -14"><span class='ocrx_word' id='word_1_169' title='bbox 195 1437 280 1486; x_wconf 87' lang='lat' dir='ltr'>ille</span> <span class='ocrx_word' id='word_1_170' title='bbox 318 1437 435 1495; x_wconf 83' lang='lat' dir='ltr'>suit,</span> <span class='ocrx_word' id='word_1_171' title='bbox 477 1437 562 1498; x_wconf 89' lang='lat' dir='ltr'>qui</span> <span class='ocrx_word' id='word_1_172' title='bbox 600 1438 691 1486; x_wconf 89' lang='lat' dir='ltr'>sub</span> <span class='ocrx_word' id='word_1_173' title='bbox 731 1435 943 1487; x_wconf 87' lang='lat' dir='ltr'>Othone.</span> 
     </span>
    </p>

    <p class='ocr_par' dir='ltr' id='par_1_6' title="bbox 190 1509 2456 2147">
     <span class='ocr_line' id='line_1_20' title="bbox 341 1509 2456 1578; baseline 0.003 -22"><span class='ocrx_word' id='word_1_174' title='bbox 341 1509 694 1558; x_wconf 87' lang='lat' dir='ltr'>Confirmamur</span> <span class='ocrx_word' id='word_1_175' title='bbox 746 1515 908 1560; x_wconf 89' lang='lat' dir='ltr'>tamen</span> <span class='ocrx_word' id='word_1_176' title='bbox 961 1514 1109 1561; x_wconf 89' lang='lat' dir='ltr'>ctiam</span> <span class='ocrx_word' id='word_1_177' title='bbox 1159 1512 1264 1575; x_wconf 88' lang='lat' dir='ltr'>ejus</span> <span class='ocrx_word' id='word_1_178' title='bbox 1316 1526 1448 1560; x_wconf 88' lang='lat' dir='ltr'>more</span> <span class='ocrx_word' id='word_1_179' title='bbox 1497 1517 1765 1578; x_wconf 89' lang='lat' dir='ltr'>perpetuo,</span> <span class='ocrx_word' id='word_1_180' title='bbox 1829 1512 2116 1561; x_wconf 86' lang='lat' dir='ltr'>numerandi</span> <span class='ocrx_word' id='word_1_181' title='bbox 2166 1528 2252 1576; x_wconf 89' lang='lat' dir='ltr'>per</span> <span class='ocrx_word' id='word_1_182' title='bbox 2299 1528 2456 1563; x_wconf 88' lang='lat' dir='ltr'>annos</span> 
     </span>
     <span class='ocr_line' id='line_1_21' title="bbox 197 1582 2455 1648; baseline 0.002 -17"><span class='ocrx_word' id='word_1_183' title='bbox 197 1583 553 1646; x_wconf 88' lang='lat' dir='ltr'>Imperatorum</span> <span class='ocrx_word' id='word_1_184' title='bbox 591 1582 948 1646; x_wconf 87' lang='lat' dir='ltr'>Romanorum,</span> <span class='ocrx_word' id='word_1_185' title='bbox 1000 1585 1132 1648; x_wconf 91' lang='lat' dir='ltr'>quod</span> <span class='ocrx_word' id='word_1_186' title='bbox 1186 1584 1354 1648; x_wconf 89' lang='lat' dir='ltr'>procul</span> <span class='ocrx_word' id='word_1_187' title='bbox 1406 1584 1555 1633; x_wconf 92' lang='lat' dir='ltr'>dubio</span> <span class='ocrx_word' id='word_1_188' title='bbox 1608 1587 1755 1635; x_wconf 89' lang='lat' dir='ltr'>etiam</span> <span class='ocrx_word' id='word_1_189' title='bbox 1797 1586 2071 1635; x_wconf 89' lang='lat' dir='ltr'>Romanum</span> <span class='ocrx_word' id='word_1_190' title='bbox 2112 1586 2455 1637; x_wconf 87' lang='lat' dir='ltr'>Calendarium</span> 
     </span>
     <span class='ocr_line' id='line_1_22' title="bbox 198 1657 2452 1722; baseline 0.002 -18"><span class='ocrx_word' id='word_1_191' title='bbox 198 1657 548 1716; x_wconf 87' lang='lat' dir='ltr'>observaverit,</span> <span class='ocrx_word' id='word_1_192' title='bbox 589 1659 696 1712; x_wconf 85' lang='lat' dir='ltr'>sive</span> <span class='ocrx_word' id='word_1_193' title='bbox 735 1657 924 1708; x_wconf 90' lang='lat' dir='ltr'>Romae</span> <span class='ocrx_word' id='word_1_194' title='bbox 963 1659 1228 1722; x_wconf 88' lang='lat' dir='ltr'>aliquando</span> <span class='ocrx_word' id='word_1_195' title='bbox 1279 1659 1421 1708; x_wconf 88' lang='lat' dir='ltr'>suerit</span> <span class='ocrx_word' id='word_1_196' title='bbox 1468 1659 1575 1707; x_wconf 88' lang='lat' dir='ltr'>sive</span> <span class='ocrx_word' id='word_1_197' title='bbox 1613 1674 1729 1708; x_wconf 87' lang='lat' dir='ltr'>non.</span> <span class='ocrx_word' id='word_1_198' title='bbox 1806 1660 1869 1707; x_wconf 85' lang='lat' dir='ltr'>Et</span> <span class='ocrx_word' id='word_1_199' title='bbox 1919 1667 1974 1709; x_wconf 92' lang='lat' dir='ltr'>ut</span> <span class='ocrx_word' id='word_1_200' title='bbox 2016 1662 2172 1709; x_wconf 87' lang='lat' dir='ltr'>omnis</span> <span class='ocrx_word' id='word_1_201' title='bbox 2212 1659 2452 1710; x_wconf 87' lang='lat' dir='ltr'>dubitatio</span> 
     </span>
     <span class='ocr_line' id='line_1_23' title="bbox 194 1729 2454 1801; baseline 0.002 -23"><span class='ocrx_word' id='word_1_202' title='bbox 194 1729 414 1787; x_wconf 88' lang='lat' dir='ltr'>tollatur,</span> <span class='ocrx_word' id='word_1_203' title='bbox 462 1731 664 1792; x_wconf 88' lang='lat' dir='ltr'>periisse</span> <span class='ocrx_word' id='word_1_204' title='bbox 719 1730 812 1780; x_wconf 91' lang='lat' dir='ltr'>hoc</span> <span class='ocrx_word' id='word_1_205' title='bbox 851 1746 980 1801; x_wconf 63' lang='lat' dir='ltr'>armo</span> <span class='ocrx_word' id='word_1_206' title='bbox 1019 1732 1304 1781; x_wconf 84' lang='lat' dir='ltr'>Ptolemaeo</span> <span class='ocrx_word' id='word_1_207' title='bbox 1351 1747 1498 1780; x_wconf 91' lang='lat' dir='ltr'>unam</span> <span class='ocrx_word' id='word_1_208' title='bbox 1539 1731 1667 1781; x_wconf 89' lang='lat' dir='ltr'>diem</span> <span class='ocrx_word' id='word_1_209' title='bbox 1714 1747 1739 1781; x_wconf 93' lang='lat' dir='ltr'>e</span> <span class='ocrx_word' id='word_1_210' title='bbox 1794 1748 2019 1794; x_wconf 81' lang='lat' dir='ltr'>numem,</span> <span class='ocrx_word' id='word_1_211' title='bbox 2073 1735 2282 1784; x_wconf 83' lang='lat' dir='ltr'>observa</span> <span class='ocrx_word' id='word_1_212' title='bbox 2321 1735 2454 1798; x_wconf 89' lang='lat' dir='ltr'>quod</span> 
     </span>
     <span class='ocr_line' id='line_1_24' title="bbox 196 1802 2453 1869; baseline 0.002 -17"><span class='ocrx_word' id='word_1_213' title='bbox 196 1803 371 1852; x_wconf 85' lang='lat' dir='ltr'>exinde</span> <span class='ocrx_word' id='word_1_214' title='bbox 407 1802 591 1851; x_wconf 83' lang='lat' dir='ltr'>nullam</span> <span class='ocrx_word' id='word_1_215' title='bbox 631 1805 841 1869; x_wconf 87' lang='lat' dir='ltr'>amplius</span> <span class='ocrx_word' id='word_1_216' title='bbox 880 1805 1050 1854; x_wconf 88' lang='lat' dir='ltr'>Lunae</span> <span class='ocrx_word' id='word_1_217' title='bbox 1089 1813 1433 1856; x_wconf 88' lang='lat' dir='ltr'>commemoret</span> <span class='ocrx_word' id='word_1_218' title='bbox 1472 1806 1880 1855; x_wconf 88' lang='lat' dir='ltr'>observationem.</span> <span class='ocrx_word' id='word_1_219' title='bbox 1957 1806 2093 1869; x_wconf 84' lang='lat' dir='ltr'>Quas</span> <span class='ocrx_word' id='word_1_220' title='bbox 2122 1822 2238 1856; x_wconf 87' lang='lat' dir='ltr'>vero</span> <span class='ocrx_word' id='word_1_221' title='bbox 2279 1809 2453 1857; x_wconf 86' lang='lat' dir='ltr'>exinde</span> 
     </span>
     <span class='ocr_line' id='line_1_25' title="bbox 192 1869 2453 1945; baseline 0.004 -22"><span class='ocrx_word' id='word_1_222' title='bbox 192 1876 337 1925; x_wconf 83' lang='lat' dir='ltr'>refert</span> <span class='ocrx_word' id='word_1_223' title='bbox 376 1869 743 1927; x_wconf 77' lang='lat' dir='ltr'>observationes</span> <span class='ocrx_word' id='word_1_224' title='bbox 783 1878 989 1928; x_wconf 90' lang='lat' dir='ltr'>Veneris</span> <span class='ocrx_word' id='word_1_225' title='bbox 1030 1886 1078 1928; x_wconf 91' lang='lat' dir='ltr'>et</span> <span class='ocrx_word' id='word_1_226' title='bbox 1116 1879 1359 1941; x_wconf 87' lang='lat' dir='ltr'>Mercurii,</span> <span class='ocrx_word' id='word_1_227' title='bbox 1400 1894 1488 1928; x_wconf 89' lang='lat' dir='ltr'>eae</span> <span class='ocrx_word' id='word_1_228' title='bbox 1527 1879 1588 1928; x_wconf 89' lang='lat' dir='ltr'>ad</span> <span class='ocrx_word' id='word_1_229' title='bbox 1630 1880 1734 1930; x_wconf 90' lang='lat' dir='ltr'>dies</span> <span class='ocrx_word' id='word_1_230' title='bbox 1774 1882 1886 1929; x_wconf 87' lang='lat' dir='ltr'>anni</span> <span class='ocrx_word' id='word_1_231' title='bbox 1923 1881 2155 1945; x_wconf 88' lang='lat' dir='ltr'>Aegyptii</span> <span class='ocrx_word' id='word_1_232' title='bbox 2194 1888 2453 1945; x_wconf 88' lang='lat' dir='ltr'>sequentes</span> 
     </span>
     <span class='ocr_line' id='line_1_26' title="bbox 192 1945 2453 2018; baseline 0.003 -21"><span class='ocrx_word' id='word_1_233' title='bbox 192 1951 393 2013; x_wconf 89' lang='lat' dir='ltr'>propius</span> <span class='ocrx_word' id='word_1_234' title='bbox 449 1945 686 2013; x_wconf 75' lang='lat' dir='ltr'>quadrare</span> <span class='ocrx_word' id='word_1_235' title='bbox 746 1951 1196 2016; x_wconf 81' lang='lat' dir='ltr'>deprehenduntur;</span> <span class='ocrx_word' id='word_1_236' title='bbox 1250 1959 1304 2001; x_wconf 92' lang='lat' dir='ltr'>ut</span> <span class='ocrx_word' id='word_1_237' title='bbox 1359 1953 1524 2002; x_wconf 82' lang='lat' dir='ltr'>videre</span> <span class='ocrx_word' id='word_1_238' title='bbox 1574 1955 1665 2002; x_wconf 89' lang='lat' dir='ltr'>crit</span> <span class='ocrx_word' id='word_1_239' title='bbox 1718 1956 1766 2000; x_wconf 90' lang='lat' dir='ltr'>in</span> <span class='ocrx_word' id='word_1_240' title='bbox 1808 1957 2004 2018; x_wconf 86' lang='lat' dir='ltr'>exegesi</span> <span class='ocrx_word' id='word_1_241' title='bbox 2053 1956 2453 2004; x_wconf 87' lang='lat' dir='ltr'>observationum</span> 
     </span>
     <span class='ocr_line' id='line_1_27' title="bbox 192 2025 2449 2092; baseline 0.002 -20"><span class='ocrx_word' id='word_1_242' title='bbox 192 2025 526 2087; x_wconf 85' lang='lat' dir='ltr'>antiquarum,</span> <span class='ocrx_word' id='word_1_243' title='bbox 574 2039 662 2087; x_wconf 89' lang='lat' dir='ltr'>per</span> <span class='ocrx_word' id='word_1_244' title='bbox 699 2039 823 2087; x_wconf 89' lang='lat' dir='ltr'>quas</span> <span class='ocrx_word' id='word_1_245' title='bbox 862 2026 1034 2075; x_wconf 89' lang='lat' dir='ltr'>horum</span> <span class='ocrx_word' id='word_1_246' title='bbox 1085 2027 1290 2076; x_wconf 89' lang='lat' dir='ltr'>duorum</span> <span class='ocrx_word' id='word_1_247' title='bbox 1327 2027 1636 2090; x_wconf 88' lang='lat' dir='ltr'>planetarum</span> <span class='ocrx_word' id='word_1_248' title='bbox 1676 2027 1888 2091; x_wconf 88' lang='lat' dir='ltr'>epochas</span> <span class='ocrx_word' id='word_1_249' title='bbox 1927 2030 2156 2092; x_wconf 85' lang='lat' dir='ltr'>antiquas</span> <span class='ocrx_word' id='word_1_250' title='bbox 2207 2029 2287 2078; x_wconf 90' lang='lat' dir='ltr'>vel</span> <span class='ocrx_word' id='word_1_251' title='bbox 2328 2043 2449 2078; x_wconf 89' lang='lat' dir='ltr'>con-</span> 
     </span>
     <span class='ocr_line' id='line_1_28' title="bbox 190 2097 1951 2147; baseline 0.002 -2"><span class='ocrx_word' id='word_1_252' title='bbox 190 2099 327 2145; x_wconf 90' lang='lat' dir='ltr'>stitui</span> <span class='ocrx_word' id='word_1_253' title='bbox 363 2097 446 2145; x_wconf 91' lang='lat' dir='ltr'>vel</span> <span class='ocrx_word' id='word_1_254' title='bbox 484 2098 774 2147; x_wconf 87' lang='lat' dir='ltr'>examinavi.</span> <span class='ocrx_word' id='word_1_255' title='bbox 1946 2107 1951 2111; x_wconf 80' lang='grc'><em>’</em></span> 
     </span>
    </p>

    <p class='ocr_par' dir='ltr' id='par_1_7' title="bbox 183 2166 2454 3704">
     <span class='ocr_line' id='line_1_29' title="bbox 337 2166 2451 2236; baseline 0.003 -18"><span class='ocrx_word' id='word_1_256' title='bbox 337 2169 482 2232; x_wconf 82' lang='lat' dir='ltr'>Quod</span> <span class='ocrx_word' id='word_1_257' title='bbox 519 2170 606 2219; x_wconf 83' lang='lat' dir='ltr'>Sol</span> <span class='ocrx_word' id='word_1_258' title='bbox 645 2178 863 2235; x_wconf 88' lang='lat' dir='ltr'>tempore</span> <span class='ocrx_word' id='word_1_259' title='bbox 901 2171 1173 2222; x_wconf 89' lang='lat' dir='ltr'>Ptolemaei</span> <span class='ocrx_word' id='word_1_260' title='bbox 1225 2166 1323 2222; x_wconf 75' lang='lat' dir='ltr'>n&#39;on</span> <span class='ocrx_word' id='word_1_261' title='bbox 1361 2174 1496 2222; x_wconf 86' lang='lat' dir='ltr'>solus</span> <span class='ocrx_word' id='word_1_262' title='bbox 1536 2175 1626 2223; x_wconf 90' lang='lat' dir='ltr'>iter</span> <span class='ocrx_word' id='word_1_263' title='bbox 1665 2189 1807 2223; x_wconf 90' lang='lat' dir='ltr'>suum</span> <span class='ocrx_word' id='word_1_264' title='bbox 1852 2177 1914 2224; x_wconf 89' lang='lat' dir='ltr'>sit</span> <span class='ocrx_word' id='word_1_265' title='bbox 1951 2181 2194 2236; x_wconf 90' lang='lat' dir='ltr'>moratus,</span> <span class='ocrx_word' id='word_1_266' title='bbox 2245 2181 2301 2223; x_wconf 92' lang='lat' dir='ltr'>ut</span> <span class='ocrx_word' id='word_1_267' title='bbox 2338 2182 2451 2225; x_wconf 89' lang='lat' dir='ltr'>ante</span> 
     </span>
     <span class='ocr_line' id='line_1_30' title="bbox 195 2244 2451 2313; baseline 0.002 -22"><span class='ocrx_word' id='word_1_268' title='bbox 195 2244 298 2292; x_wconf 85' lang='lat'>150</span> <span class='ocrx_word' id='word_1_269' title='bbox 338 2258 492 2293; x_wconf 88' lang='lat' dir='ltr'>annos</span> <span class='ocrx_word' id='word_1_270' title='bbox 538 2244 717 2294; x_wconf 90' lang='lat' dir='ltr'>abhinc</span> <span class='ocrx_word' id='word_1_271' title='bbox 764 2252 890 2294; x_wconf 91' lang='lat' dir='ltr'>retro</span> <span class='ocrx_word' id='word_1_272' title='bbox 940 2246 1053 2295; x_wconf 85' lang='lat' dir='ltr'>fecit</span> <span class='ocrx_word' id='word_1_273' title='bbox 1093 2247 1358 2306; x_wconf 61' lang='lat' dir='ltr'>Saturum,</span> <span class='ocrx_word' id='word_1_274' title='bbox 1419 2249 1490 2296; x_wconf 90' lang='lat' dir='ltr'>sic</span> <span class='ocrx_word' id='word_1_275' title='bbox 1529 2253 1582 2295; x_wconf 88' lang='lat' dir='ltr'>ut</span> <span class='ocrx_word' id='word_1_276' title='bbox 1620 2250 1884 2298; x_wconf 90' lang='lat' dir='ltr'>constituto</span> <span class='ocrx_word' id='word_1_277' title='bbox 1929 2249 2033 2311; x_wconf 89' lang='lat' dir='ltr'>jam</span> <span class='ocrx_word' id='word_1_278' title='bbox 2083 2250 2274 2298; x_wconf 86' lang='lat' dir='ltr'>zodiaci</span> <span class='ocrx_word' id='word_1_279' title='bbox 2312 2251 2451 2313; x_wconf 89' lang='lat' dir='ltr'>prin-</span> 
     </span>
     <span class='ocr_line' id='line_1_31' title="bbox 189 2316 2453 2387; baseline 0.003 -22"><span class='ocrx_word' id='word_1_280' title='bbox 189 2318 316 2380; x_wconf 88' lang='lat' dir='ltr'>cipio</span> <span class='ocrx_word' id='word_1_281' title='bbox 356 2316 442 2366; x_wconf 90' lang='lat' dir='ltr'>Sol</span> <span class='ocrx_word' id='word_1_282' title='bbox 478 2317 679 2380; x_wconf 84' lang='lat' dir='ltr'>tardius,</span> <span class='ocrx_word' id='word_1_283' title='bbox 722 2321 868 2368; x_wconf 89' lang='lat' dir='ltr'>ceteri</span> <span class='ocrx_word' id='word_1_284' title='bbox 904 2319 1135 2382; x_wconf 83' lang='lat' dir='ltr'>legitimis</span> <span class='ocrx_word' id='word_1_285' title='bbox 1173 2321 1445 2370; x_wconf 88' lang='lat' dir='ltr'>incessibus</span> <span class='ocrx_word' id='word_1_286' title='bbox 1485 2321 1547 2369; x_wconf 87' lang='lat' dir='ltr'>ad</span> <span class='ocrx_word' id='word_1_287' title='bbox 1591 2321 1712 2370; x_wconf 91' lang='lat' dir='ltr'>illud</span> <span class='ocrx_word' id='word_1_288' title='bbox 1752 2324 1987 2383; x_wconf 89' lang='lat' dir='ltr'>venerint,</span> <span class='ocrx_word' id='word_1_289' title='bbox 2028 2323 2114 2372; x_wconf 90' lang='lat' dir='ltr'>sed</span> <span class='ocrx_word' id='word_1_290' title='bbox 2153 2322 2286 2387; x_wconf 91' lang='lat' dir='ltr'>quod</span> <span class='ocrx_word' id='word_1_291' title='bbox 2325 2323 2453 2372; x_wconf 90' lang='lat' dir='ltr'>duo-</span> 
     </span>
     <span class='ocr_line' id='line_1_32' title="bbox 190 2391 2453 2457; baseline 0.003 -19"><span class='ocrx_word' id='word_1_292' title='bbox 190 2403 296 2439; x_wconf 87' lang='lat' dir='ltr'>rum</span> <span class='ocrx_word' id='word_1_293' title='bbox 336 2391 542 2440; x_wconf 89' lang='lat' dir='ltr'>alterum</span> <span class='ocrx_word' id='word_1_294' title='bbox 582 2406 782 2441; x_wconf 88' lang='lat' dir='ltr'>necesse</span> <span class='ocrx_word' id='word_1_295' title='bbox 823 2394 886 2440; x_wconf 89' lang='lat' dir='ltr'>sit</span> <span class='ocrx_word' id='word_1_296' title='bbox 923 2394 1178 2452; x_wconf 87' lang='lat' dir='ltr'>accidisse,</span> <span class='ocrx_word' id='word_1_297' title='bbox 1220 2401 1272 2442; x_wconf 92' lang='lat' dir='ltr'>ut</span> <span class='ocrx_word' id='word_1_298' title='bbox 1311 2400 1398 2443; x_wconf 89' lang='lat' dir='ltr'>aut</span> <span class='ocrx_word' id='word_1_299' title='bbox 1434 2394 1664 2457; x_wconf 87' lang='lat' dir='ltr'>planetae</span> <span class='ocrx_word' id='word_1_300' title='bbox 1705 2410 1872 2445; x_wconf 89' lang='lat' dir='ltr'>omnes</span> <span class='ocrx_word' id='word_1_301' title='bbox 1916 2412 2016 2445; x_wconf 89' lang='lat' dir='ltr'>una</span> <span class='ocrx_word' id='word_1_302' title='bbox 2053 2411 2162 2445; x_wconf 89' lang='lat' dir='ltr'>cum</span> <span class='ocrx_word' id='word_1_303' title='bbox 2201 2397 2316 2446; x_wconf 85' lang='lat' dir='ltr'>Sole</span> <span class='ocrx_word' id='word_1_304' title='bbox 2356 2399 2453 2445; x_wconf 89' lang='lat' dir='ltr'>sint</span> 
     </span>
     <span class='ocr_line' id='line_1_33' title="bbox 189 2465 2452 2535; baseline 0.004 -24"><span class='ocrx_word' id='word_1_305' title='bbox 189 2465 366 2514; x_wconf 88' lang='lat' dir='ltr'>itinera</span> <span class='ocrx_word' id='word_1_306' title='bbox 403 2479 495 2513; x_wconf 87' lang='lat' dir='ltr'>sua</span> <span class='ocrx_word' id='word_1_307' title='bbox 531 2467 731 2528; x_wconf 90' lang='lat' dir='ltr'>morati,</span> <span class='ocrx_word' id='word_1_308' title='bbox 786 2465 934 2529; x_wconf 91' lang='lat' dir='ltr'>idque</span> <span class='ocrx_word' id='word_1_309' title='bbox 971 2481 1067 2516; x_wconf 91' lang='lat' dir='ltr'>non</span> <span class='ocrx_word' id='word_1_310' title='bbox 1107 2468 1460 2531; x_wconf 80' lang='lat' dir='ltr'>proportionali</span> <span class='ocrx_word' id='word_1_311' title='bbox 1511 2467 1711 2518; x_wconf 89' lang='lat' dir='ltr'>modulo</span> <span class='ocrx_word' id='word_1_312' title='bbox 1750 2471 1852 2518; x_wconf 91' lang='lat' dir='ltr'>suis</span> <span class='ocrx_word' id='word_1_313' title='bbox 1889 2469 2126 2535; x_wconf 85' lang='lat' dir='ltr'>periodis,</span> <span class='ocrx_word' id='word_1_314' title='bbox 2176 2470 2262 2519; x_wconf 85' lang='lat' dir='ltr'>sed</span> <span class='ocrx_word' id='word_1_315' title='bbox 2307 2470 2452 2534; x_wconf 90' lang='lat' dir='ltr'>plane</span> 
     </span>
     <span class='ocr_line' id='line_1_34' title="bbox 190 2537 2454 2606; baseline 0.003 -20"><span class='ocrx_word' id='word_1_316' title='bbox 190 2537 391 2599; x_wconf 89' lang='lat' dir='ltr'>eodem,</span> <span class='ocrx_word' id='word_1_317' title='bbox 445 2543 531 2587; x_wconf 88' lang='lat' dir='ltr'>aut</span> <span class='ocrx_word' id='word_1_318' title='bbox 571 2538 700 2587; x_wconf 86' lang='lat' dir='ltr'>Solis</span> <span class='ocrx_word' id='word_1_319' title='bbox 739 2540 935 2602; x_wconf 89' lang='lat' dir='ltr'>quidem</span> <span class='ocrx_word' id='word_1_320' title='bbox 976 2547 1024 2589; x_wconf 91' lang='lat' dir='ltr'>et</span> <span class='ocrx_word' id='word_1_321' title='bbox 1060 2541 1366 2604; x_wconf 85' lang='lat' dir='ltr'>planetarum</span> <span class='ocrx_word' id='word_1_322' title='bbox 1405 2547 1567 2590; x_wconf 91' lang='lat' dir='ltr'>motus</span> <span class='ocrx_word' id='word_1_323' title='bbox 1613 2545 1879 2592; x_wconf 86' lang='lat' dir='ltr'>manserint</span> <span class='ocrx_word' id='word_1_324' title='bbox 1929 2543 2200 2606; x_wconf 80' lang='lat' dir='ltr'>regulares„</span> <span class='ocrx_word' id='word_1_325' title='bbox 2255 2545 2303 2591; x_wconf 89' lang='lat' dir='ltr'>in</span> <span class='ocrx_word' id='word_1_326' title='bbox 2343 2559 2454 2593; x_wconf 90' lang='lat' dir='ltr'>sec-</span> 
     </span>
     <span class='ocr_line' id='line_1_35' title="bbox 190 2613 2452 2684; baseline 0.003 -24"><span class='ocrx_word' id='word_1_327' title='bbox 190 2613 323 2660; x_wconf 88' lang='lat' dir='ltr'>tione</span> <span class='ocrx_word' id='word_1_328' title='bbox 362 2625 480 2660; x_wconf 90' lang='lat' dir='ltr'>vero</span> <span class='ocrx_word' id='word_1_329' title='bbox 521 2615 801 2675; x_wconf 89' lang='lat' dir='ltr'>aequatoris</span> <span class='ocrx_word' id='word_1_330' title='bbox 842 2628 952 2662; x_wconf 90' lang='lat' dir='ltr'>cum</span> <span class='ocrx_word' id='word_1_331' title='bbox 993 2614 1216 2678; x_wconf 89' lang='lat' dir='ltr'>ecliptica</span> <span class='ocrx_word' id='word_1_332' title='bbox 1256 2614 1490 2664; x_wconf 87' lang='lat' dir='ltr'>acciderit</span> <span class='ocrx_word' id='word_1_333' title='bbox 1528 2616 1715 2679; x_wconf 86' lang='lat' dir='ltr'>aliquid</span> <span class='ocrx_word' id='word_1_334' title='bbox 1754 2624 1890 2666; x_wconf 89' lang='lat' dir='ltr'>extra</span> <span class='ocrx_word' id='word_1_335' title='bbox 1929 2617 2171 2684; x_wconf 85' lang='lat' dir='ltr'>ordinem,</span> <span class='ocrx_word' id='word_1_336' title='bbox 2210 2632 2300 2667; x_wconf 92' lang='lat' dir='ltr'>seu</span> <span class='ocrx_word' id='word_1_337' title='bbox 2337 2632 2452 2667; x_wconf 86' lang='lat' dir='ltr'>vere</span> 
     </span>
     <span class='ocr_line' id='line_1_36' title="bbox 187 2686 2452 2754; baseline 0.003 -21"><span class='ocrx_word' id='word_1_338' title='bbox 187 2699 271 2733; x_wconf 88' lang='lat' dir='ltr'>seu</span> <span class='ocrx_word' id='word_1_339' title='bbox 313 2698 371 2734; x_wconf 87' lang='lat' dir='ltr'>ex</span> <span class='ocrx_word' id='word_1_340' title='bbox 411 2686 642 2748; x_wconf 88' lang='lat' dir='ltr'>opinione</span> <span class='ocrx_word' id='word_1_341' title='bbox 681 2687 854 2736; x_wconf 90' lang='lat' dir='ltr'>saltem</span> <span class='ocrx_word' id='word_1_342' title='bbox 891 2686 1188 2750; x_wconf 88' lang='lat' dir='ltr'>Ptolemaei,</span> <span class='ocrx_word' id='word_1_343' title='bbox 1239 2689 1302 2737; x_wconf 92' lang='lat' dir='ltr'>ob</span> <span class='ocrx_word' id='word_1_344' title='bbox 1342 2688 1476 2752; x_wconf 89' lang='lat' dir='ltr'>quod</span> <span class='ocrx_word' id='word_1_345' title='bbox 1514 2693 1786 2739; x_wconf 88' lang='lat' dir='ltr'>numeratio</span> <span class='ocrx_word' id='word_1_346' title='bbox 1837 2691 2075 2750; x_wconf 76' lang='lat' dir='ltr'>graduum</span> <span class='ocrx_word' id='word_1_347' title='bbox 2114 2697 2164 2739; x_wconf 92' lang='lat' dir='ltr'>et</span> <span class='ocrx_word' id='word_1_348' title='bbox 2199 2692 2452 2754; x_wconf 90' lang='lat' dir='ltr'>signorum</span> 
     </span>
     <span class='ocr_line' id='line_1_37' title="bbox 186 2758 2446 2826; baseline 0.003 -20"><span class='ocrx_word' id='word_1_349' title='bbox 186 2758 376 2807; x_wconf 88' lang='lat' dir='ltr'>zodiaci</span> <span class='ocrx_word' id='word_1_350' title='bbox 415 2764 590 2822; x_wconf 87' lang='lat' dir='ltr'>coepta</span> <span class='ocrx_word' id='word_1_351' title='bbox 627 2759 774 2809; x_wconf 85' lang='lat' dir='ltr'>fuerit</span> <span class='ocrx_word' id='word_1_352' title='bbox 811 2775 841 2809; x_wconf 89' lang='lat' dir='ltr'>a</span> <span class='ocrx_word' id='word_1_353' title='bbox 878 2767 1060 2824; x_wconf 90' lang='lat' dir='ltr'>puncto</span> <span class='ocrx_word' id='word_1_354' title='bbox 1099 2763 1395 2825; x_wconf 86' lang='lat' dir='ltr'>posteriore:</span> <span class='ocrx_word' id='word_1_355' title='bbox 1436 2762 1542 2824; x_wconf 89' lang='lat' dir='ltr'>hoc,</span> <span class='ocrx_word' id='word_1_356' title='bbox 1581 2765 1796 2826; x_wconf 90' lang='lat' dir='ltr'>inquam,</span> <span class='ocrx_word' id='word_1_357' title='bbox 1843 2764 2200 2813; x_wconf 84' lang='lat' dir='ltr'>demonstratur</span> <span class='ocrx_word' id='word_1_358' title='bbox 2238 2764 2446 2814; x_wconf 89' lang='lat' dir='ltr'>eviden-</span> 
     </span>
     <span class='ocr_line' id='line_1_38' title="bbox 186 2831 2443 2899; baseline 0.003 -20"><span class='ocrx_word' id='word_1_359' title='bbox 186 2833 373 2880; x_wconf 88' lang='lat' dir='ltr'>tissimo</span> <span class='ocrx_word' id='word_1_360' title='bbox 425 2831 717 2882; x_wconf 89' lang='lat' dir='ltr'>documento</span> <span class='ocrx_word' id='word_1_361' title='bbox 770 2839 990 2883; x_wconf 90' lang='lat' dir='ltr'>motuum</span> <span class='ocrx_word' id='word_1_362' title='bbox 1040 2835 1212 2884; x_wconf 88' lang='lat' dir='ltr'>Martis</span> <span class='ocrx_word' id='word_1_363' title='bbox 1258 2836 1534 2899; x_wconf 85' lang='lat' dir='ltr'>acronychi.</span> <span class='ocrx_word' id='word_1_364' title='bbox 1622 2837 1750 2886; x_wconf 89' lang='lat' dir='ltr'>Nam</span> <span class='ocrx_word' id='word_1_365' title='bbox 1801 2839 1842 2886; x_wconf 89' lang='lat' dir='ltr'>si</span> <span class='ocrx_word' id='word_1_366' title='bbox 1894 2839 1941 2884; x_wconf 91' lang='lat' dir='ltr'>in</span> <span class='ocrx_word' id='word_1_367' title='bbox 2000 2839 2212 2886; x_wconf 88' lang='lat' dir='ltr'>motibus</span> <span class='ocrx_word' id='word_1_368' title='bbox 2267 2838 2443 2887; x_wconf 88' lang='lat' dir='ltr'>mediis</span> 
     </span>
     <span class='ocr_line' id='line_1_39' title="bbox 183 2906 2444 2975; baseline 0.003 -21"><span class='ocrx_word' id='word_1_369' title='bbox 183 2910 432 2967; x_wconf 80' lang='lat' dir='ltr'>statuatur</span> <span class='ocrx_word' id='word_1_370' title='bbox 480 2906 739 2960; x_wconf 87' lang='lat' dir='ltr'>diversitas</span> <span class='ocrx_word' id='word_1_371' title='bbox 789 2908 933 2956; x_wconf 91' lang='lat' dir='ltr'>unius</span> <span class='ocrx_word' id='word_1_372' title='bbox 971 2908 1151 2971; x_wconf 87' lang='lat' dir='ltr'>gradus</span> <span class='ocrx_word' id='word_1_373' title='bbox 1203 2910 1329 2958; x_wconf 89' lang='lat' dir='ltr'>inter</span> <span class='ocrx_word' id='word_1_374' title='bbox 1367 2909 1533 2958; x_wconf 87' lang='lat' dir='ltr'>Solem</span> <span class='ocrx_word' id='word_1_375' title='bbox 1582 2916 1629 2959; x_wconf 91' lang='lat' dir='ltr'>et</span> <span class='ocrx_word' id='word_1_376' title='bbox 1665 2911 1904 2975; x_wconf 88' lang='lat' dir='ltr'>Martem,</span> <span class='ocrx_word' id='word_1_377' title='bbox 1961 2926 2020 2960; x_wconf 89' lang='lat' dir='ltr'>ea</span> <span class='ocrx_word' id='word_1_378' title='bbox 2073 2911 2332 2960; x_wconf 88' lang='lat' dir='ltr'>diversitas</span> <span class='ocrx_word' id='word_1_379' title='bbox 2380 2911 2444 2960; x_wconf 90' lang='lat' dir='ltr'>ad</span> 
     </span>
     <span class='ocr_line' id='line_1_40' title="bbox 185 2977 2448 3048; baseline 0.004 -22"><span class='ocrx_word' id='word_1_380' title='bbox 185 2977 306 3028; x_wconf 90' lang='lat' dir='ltr'>duos</span> <span class='ocrx_word' id='word_1_381' title='bbox 346 2983 395 3028; x_wconf 87' lang='lat' dir='ltr'>et</span> <span class='ocrx_word' id='word_1_382' title='bbox 431 2984 528 3027; x_wconf 88' lang='lat' dir='ltr'>tres</span> <span class='ocrx_word' id='word_1_383' title='bbox 568 2979 750 3042; x_wconf 86' lang='lat' dir='ltr'>gradus</span> <span class='ocrx_word' id='word_1_384' title='bbox 789 2987 950 3047; x_wconf 87' lang='lat' dir='ltr'>motus</span> <span class='ocrx_word' id='word_1_385' title='bbox 991 2982 1161 3031; x_wconf 88' lang='lat' dir='ltr'>Martis</span> <span class='ocrx_word' id='word_1_386' title='bbox 1200 2984 1481 3046; x_wconf 89' lang='lat' dir='ltr'>apparentis</span> <span class='ocrx_word' id='word_1_387' title='bbox 1522 2985 1569 3029; x_wconf 89' lang='lat' dir='ltr'>in</span> <span class='ocrx_word' id='word_1_388' title='bbox 1610 2985 1837 3046; x_wconf 90' lang='lat' dir='ltr'>opposito</span> <span class='ocrx_word' id='word_1_389' title='bbox 1878 2984 2007 3033; x_wconf 86' lang='lat' dir='ltr'>Solis</span> <span class='ocrx_word' id='word_1_390' title='bbox 2052 2991 2217 3048; x_wconf 89' lang='lat' dir='ltr'>potest</span> <span class='ocrx_word' id='word_1_391' title='bbox 2255 3000 2448 3034; x_wconf 88' lang='lat' dir='ltr'>excres-</span> 
     </span>
     <span class='ocr_line' id='line_1_41' title="bbox 186 3052 2447 3126; baseline 0.003 -26"><span class='ocrx_word' id='word_1_392' title='bbox 186 3065 307 3102; x_wconf 86' lang='lat' dir='ltr'>cere.</span> <span class='ocrx_word' id='word_1_393' title='bbox 385 3052 598 3101; x_wconf 88' lang='lat' dir='ltr'>Tantum</span> <span class='ocrx_word' id='word_1_394' title='bbox 649 3067 768 3102; x_wconf 87' lang='lat' dir='ltr'>vero</span> <span class='ocrx_word' id='word_1_395' title='bbox 808 3053 1123 3105; x_wconf 85' lang='lat' dir='ltr'>Ptolemaeus</span> <span class='ocrx_word' id='word_1_396' title='bbox 1177 3055 1483 3105; x_wconf 87' lang='lat' dir='ltr'>observando</span> <span class='ocrx_word' id='word_1_397' title='bbox 1536 3069 1634 3104; x_wconf 89' lang='lat' dir='ltr'>non</span> <span class='ocrx_word' id='word_1_398' title='bbox 1690 3058 1883 3105; x_wconf 89' lang='lat' dir='ltr'>erravit.</span> <span class='ocrx_word' id='word_1_399' title='bbox 1973 3059 2034 3126; x_wconf 83' lang='lat' dir='ltr'>Et</span> <span class='ocrx_word' id='word_1_400' title='bbox 2082 3058 2323 3121; x_wconf 87' lang='lat' dir='ltr'>quadrant</span> <span class='ocrx_word' id='word_1_401' title='bbox 2375 3074 2447 3119; x_wconf 86' lang='lat' dir='ltr'>ca,</span> 
     </span>
     <span class='ocr_line' id='line_1_42' title="bbox 186 3126 2448 3196; baseline 0.004 -23"><span class='ocrx_word' id='word_1_402' title='bbox 186 3139 310 3188; x_wconf 88' lang='lat' dir='ltr'>quae</span> <span class='ocrx_word' id='word_1_403' title='bbox 350 3127 455 3189; x_wconf 88' lang='lat' dir='ltr'>ipse</span> <span class='ocrx_word' id='word_1_404' title='bbox 494 3126 554 3174; x_wconf 89' lang='lat' dir='ltr'>de</span> <span class='ocrx_word' id='word_1_405' title='bbox 593 3127 770 3175; x_wconf 90' lang='lat' dir='ltr'>sitibus</span> <span class='ocrx_word' id='word_1_406' title='bbox 810 3127 983 3176; x_wconf 89' lang='lat' dir='ltr'>Martis</span> <span class='ocrx_word' id='word_1_407' title='bbox 1035 3129 1322 3193; x_wconf 86' lang='lat' dir='ltr'>acronychis</span> <span class='ocrx_word' id='word_1_408' title='bbox 1359 3128 1602 3191; x_wconf 90' lang='lat' dir='ltr'>prodidit,</span> <span class='ocrx_word' id='word_1_409' title='bbox 1663 3129 1726 3178; x_wconf 91' lang='lat' dir='ltr'>ad</span> <span class='ocrx_word' id='word_1_410' title='bbox 1763 3129 2007 3194; x_wconf 71' lang='lat' dir='ltr'>regulam,</span> <span class='ocrx_word' id='word_1_411' title='bbox 2059 3132 2189 3181; x_wconf 91' lang='lat' dir='ltr'>unde</span> <span class='ocrx_word' id='word_1_412' title='bbox 2244 3140 2448 3196; x_wconf 89' lang='lat' dir='ltr'>apparet</span> 
     </span>
     <span class='ocr_line' id='line_1_43' title="bbox 183 3199 2448 3266; baseline 0.004 -21"><span class='ocrx_word' id='word_1_413' title='bbox 183 3201 452 3248; x_wconf 82' lang='lat' dir='ltr'>necessitas</span> <span class='ocrx_word' id='word_1_414' title='bbox 490 3202 640 3262; x_wconf 90' lang='lat' dir='ltr'>positi</span> <span class='ocrx_word' id='word_1_415' title='bbox 681 3199 990 3249; x_wconf 86' lang='lat' dir='ltr'>dilemmatis.</span> <span class='ocrx_word' id='word_1_416' title='bbox 1066 3201 1182 3250; x_wconf 85' lang='lat' dir='ltr'>Jam</span> <span class='ocrx_word' id='word_1_417' title='bbox 1222 3215 1339 3250; x_wconf 87' lang='lat' dir='ltr'>vero</span> <span class='ocrx_word' id='word_1_418' title='bbox 1376 3205 1584 3264; x_wconf 91' lang='lat' dir='ltr'>primum</span> <span class='ocrx_word' id='word_1_419' title='bbox 1624 3203 1730 3266; x_wconf 88' lang='lat' dir='ltr'>ejus</span> <span class='ocrx_word' id='word_1_420' title='bbox 1758 3205 2030 3254; x_wconf 87' lang='lat' dir='ltr'>membrum</span> <span class='ocrx_word' id='word_1_421' title='bbox 2070 3211 2146 3255; x_wconf 88' lang='lat' dir='ltr'>est</span> <span class='ocrx_word' id='word_1_422' title='bbox 2181 3206 2448 3256; x_wconf 87' lang='lat' dir='ltr'>absurdum</span> 
     </span>
     <span class='ocr_line' id='line_1_44' title="bbox 186 3272 2446 3337; baseline 0.003 -17"><span class='ocrx_word' id='word_1_423' title='bbox 186 3278 234 3320; x_wconf 86' lang='lat' dir='ltr'>et</span> <span class='ocrx_word' id='word_1_424' title='bbox 280 3272 608 3336; x_wconf 82' lang='lat' dir='ltr'>inopinabile3</span> <span class='ocrx_word' id='word_1_425' title='bbox 657 3280 821 3322; x_wconf 90' lang='lat' dir='ltr'>manet</span> <span class='ocrx_word' id='word_1_426' title='bbox 866 3275 1040 3337; x_wconf 88' lang='lat' dir='ltr'>igitur,</span> <span class='ocrx_word' id='word_1_427' title='bbox 1095 3280 1179 3323; x_wconf 87' lang='lat' dir='ltr'>aut</span> <span class='ocrx_word' id='word_1_428' title='bbox 1216 3274 1555 3323; x_wconf 87' lang='lat' dir='ltr'>Ptolemaeum</span> <span class='ocrx_word' id='word_1_429' title='bbox 1610 3290 1793 3326; x_wconf 86' lang='lat' dir='ltr'>errasse</span> <span class='ocrx_word' id='word_1_430' title='bbox 1846 3279 1893 3325; x_wconf 91' lang='lat' dir='ltr'>in</span> <span class='ocrx_word' id='word_1_431' title='bbox 1945 3277 2023 3327; x_wconf 91' lang='lat' dir='ltr'>die</span> <span class='ocrx_word' id='word_1_432' title='bbox 2076 3282 2190 3329; x_wconf 89' lang='lat' dir='ltr'>anni</span> <span class='ocrx_word' id='word_1_433' title='bbox 2238 3280 2446 3328; x_wconf 90' lang='lat' dir='ltr'>Romani</span> 
     </span>
     <span class='ocr_line' id='line_1_45' title="bbox 187 3341 2446 3414; baseline 0.003 -22"><span class='ocrx_word' id='word_1_434' title='bbox 187 3341 412 3411; x_wconf 82' lang='lat' dir='ltr'>(diluitur</span> <span class='ocrx_word' id='word_1_435' title='bbox 460 3349 588 3395; x_wconf 89' lang='lat' dir='ltr'>enim</span> <span class='ocrx_word' id='word_1_436' title='bbox 641 3349 857 3411; x_wconf 89' lang='lat' dir='ltr'>suspicio</span> <span class='ocrx_word' id='word_1_437' title='bbox 898 3348 1071 3397; x_wconf 90' lang='lat' dir='ltr'>erroris</span> <span class='ocrx_word' id='word_1_438' title='bbox 1124 3349 1170 3394; x_wconf 91' lang='lat' dir='ltr'>in</span> <span class='ocrx_word' id='word_1_439' title='bbox 1222 3347 1530 3397; x_wconf 83' lang='lat' dir='ltr'>observanda</span> <span class='ocrx_word' id='word_1_440' title='bbox 1568 3348 1696 3399; x_wconf 87' lang='lat' dir='ltr'>Solis</span> <span class='ocrx_word' id='word_1_441' title='bbox 1724 3357 1952 3414; x_wconf 57' lang='lat' dir='ltr'>‘utraque</span> <span class='ocrx_word' id='word_1_442' title='bbox 1991 3351 2249 3402; x_wconf 88' lang='lat' dir='ltr'>altitudine</span> <span class='ocrx_word' id='word_1_443' title='bbox 2301 3355 2446 3401; x_wconf 88' lang='lat' dir='ltr'>meri-</span> 
     </span>
     <span class='ocr_line' id='line_1_46' title="bbox 186 3417 2445 3489; baseline 0.004 -24"><span class='ocrx_word' id='word_1_444' title='bbox 186 3418 352 3480; x_wconf 90' lang='lat' dir='ltr'>diana,</span> <span class='ocrx_word' id='word_1_445' title='bbox 392 3425 494 3468; x_wconf 88' lang='lat' dir='ltr'>tam</span> <span class='ocrx_word' id='word_1_446' title='bbox 543 3420 756 3483; x_wconf 88' lang='lat' dir='ltr'>vernali,</span> <span class='ocrx_word' id='word_1_447' title='bbox 817 3436 964 3484; x_wconf 90' lang='lat' dir='ltr'>quam</span> <span class='ocrx_word' id='word_1_448' title='bbox 1014 3417 1338 3489; x_wconf 83' lang='lat' dir='ltr'>autumnali),</span> <span class='ocrx_word' id='word_1_449' title='bbox 1392 3428 1476 3470; x_wconf 90' lang='lat' dir='ltr'>aut</span> <span class='ocrx_word' id='word_1_450' title='bbox 1527 3422 1652 3471; x_wconf 88' lang='lat' dir='ltr'>hanc</span> <span class='ocrx_word' id='word_1_451' title='bbox 1705 3427 1819 3472; x_wconf 87' lang='lat' dir='ltr'>anni</span> <span class='ocrx_word' id='word_1_452' title='bbox 1867 3425 2193 3475; x_wconf 87' lang='lat' dir='ltr'>tardationem</span> <span class='ocrx_word' id='word_1_453' title='bbox 2240 3441 2347 3475; x_wconf 89' lang='lat' dir='ltr'>esse</span> <span class='ocrx_word' id='word_1_454' title='bbox 2386 3441 2445 3475; x_wconf 88' lang='lat' dir='ltr'>ex</span> 
     </span>
     <span class='ocr_line' id='line_1_47' title="bbox 189 3491 2445 3562; baseline 0.004 -24"><span class='ocrx_word' id='word_1_455' title='bbox 189 3491 378 3541; x_wconf 89' lang='lat' dir='ltr'>tardata</span> <span class='ocrx_word' id='word_1_456' title='bbox 414 3495 754 3556; x_wconf 87' lang='lat' dir='ltr'>praecessione</span> <span class='ocrx_word' id='word_1_457' title='bbox 794 3509 881 3543; x_wconf 86' lang='lat' dir='ltr'>seu</span> <span class='ocrx_word' id='word_1_458' title='bbox 921 3494 1202 3544; x_wconf 89' lang='lat' dir='ltr'>obviatione</span> <span class='ocrx_word' id='word_1_459' title='bbox 1241 3497 1409 3557; x_wconf 88' lang='lat' dir='ltr'>puncti</span> <span class='ocrx_word' id='word_1_460' title='bbox 1448 3498 1846 3560; x_wconf 84' lang='lat' dir='ltr'>aequinoctialis;</span> <span class='ocrx_word' id='word_1_461' title='bbox 1901 3501 2041 3561; x_wconf 83' lang='lat' dir='ltr'>quasi</span> <span class='ocrx_word' id='word_1_462' title='bbox 2080 3514 2168 3562; x_wconf 91' lang='lat' dir='ltr'>per</span> <span class='ocrx_word' id='word_1_463' title='bbox 2205 3500 2358 3548; x_wconf 88' lang='lat' dir='ltr'>saltus</span> <span class='ocrx_word' id='word_1_464' title='bbox 2395 3498 2445 3547; x_wconf 90' lang='lat' dir='ltr'>id</span> 
     </span>
     <span class='ocr_line' id='line_1_48' title="bbox 186 3564 2443 3634; baseline 0.004 -23"><span class='ocrx_word' id='word_1_465' title='bbox 186 3564 507 3628; x_wconf 86' lang='lat' dir='ltr'>repedaverit.</span> <span class='ocrx_word' id='word_1_466' title='bbox 584 3566 849 3632; x_wconf 86' lang='lat' dir='ltr'>Compara,</span> <span class='ocrx_word' id='word_1_467' title='bbox 904 3582 1028 3631; x_wconf 89' lang='lat' dir='ltr'>quac</span> <span class='ocrx_word' id='word_1_468' title='bbox 1068 3566 1129 3616; x_wconf 89' lang='lat' dir='ltr'>de</span> <span class='ocrx_word' id='word_1_469' title='bbox 1169 3567 1403 3631; x_wconf 88' lang='lat' dir='ltr'>Sosigene</span> <span class='ocrx_word' id='word_1_470' title='bbox 1442 3568 1632 3618; x_wconf 89' lang='lat' dir='ltr'>Plinius</span> <span class='ocrx_word' id='word_1_471' title='bbox 1687 3570 1843 3634; x_wconf 88' lang='lat' dir='ltr'>deque</span> <span class='ocrx_word' id='word_1_472' title='bbox 1893 3578 2024 3621; x_wconf 83' lang='lat' dir='ltr'>meta</span> <span class='ocrx_word' id='word_1_473' title='bbox 2074 3574 2120 3619; x_wconf 91' lang='lat' dir='ltr'>in</span> <span class='ocrx_word' id='word_1_474' title='bbox 2174 3574 2298 3621; x_wconf 87' lang='lat' dir='ltr'>circo</span> <span class='ocrx_word' id='word_1_475' title='bbox 2352 3573 2443 3620; x_wconf 90' lang='lat' dir='ltr'>sub</span> 
     </span>
     <span class='ocr_line' id='line_1_49' title="bbox 190 3636 2342 3704; baseline 0.004 -18"><span class='ocrx_word' id='word_1_476' title='bbox 190 3636 474 3689; x_wconf 88' lang='lat' dir='ltr'>Domitiano</span> <span class='ocrx_word' id='word_1_477' title='bbox 513 3654 609 3690; x_wconf 90' lang='lat' dir='ltr'>non</span> <span class='ocrx_word' id='word_1_478' title='bbox 650 3642 719 3691; x_wconf 90' lang='lat' dir='ltr'>ita</span> <span class='ocrx_word' id='word_1_479' title='bbox 771 3641 936 3691; x_wconf 89' lang='lat' dir='ltr'>multis</span> <span class='ocrx_word' id='word_1_480' title='bbox 977 3646 1088 3691; x_wconf 90' lang='lat' dir='ltr'>ante</span> <span class='ocrx_word' id='word_1_481' title='bbox 1127 3640 1462 3693; x_wconf 86' lang='lat' dir='ltr'>Ptolemaeum</span> <span class='ocrx_word' id='word_1_482' title='bbox 1503 3645 1641 3693; x_wconf 88' lang='lat' dir='ltr'>annis</span> <span class='ocrx_word' id='word_1_483' title='bbox 1695 3680 1978 3695; x_wconf 85' lang='grc'><strong>......</strong></span> <span class='ocrx_word' id='word_1_484' title='bbox 2020 3649 2094 3704; x_wconf 84' lang='lat' dir='ltr'>(nil</span> <span class='ocrx_word' id='word_1_485' title='bbox 2128 3653 2342 3702; x_wconf 81' lang='lat' dir='ltr'>seqnitur.)</span> 
     </span>
    </p>
   </div>
  </div>
 </body>
</html>
