2554 4140
223 134 327 183 630
1021 126 1091 169 De
1123 97 1311 171 'rabulis
1347 123 1649 187 Rud01phinis

206 276 424 338 loculos)
466 274 774 332 continuare3
828 287 926 334 qua
963 272 1184 321 mercede
1224 274 1452 335 paginam
1491 286 1795 322 numerorum
1849 270 1925 338 (in
1965 273 2081 322 folio
2124 274 2185 322 ob
2223 287 2475 321 numerum

210 346 604 411 sexagenarium)
644 346 693 390 in
737 345 874 393 1000
914 345 1211 407 exemplaria
1248 360 1386 393 meae
1413 346 1602 408 papyri,
1641 345 1793 408 nullo,
1831 353 2020 409 praeter
2057 346 2168 406 duo,
2211 346 2474 408 exemplari

206 422 444 484 promisso
485 420 578 480 ipsi
617 418 950 481 typographO,
1002 424 1234 480 quantum
1274 421 1322 465 in
1363 420 1682 480 septimanam
1722 421 1976 468 absolvere
2022 421 2178 482 possit
2215 433 2291 466 me
2328 433 2474 480 prae-

207 498 342 541 sente
392 497 440 539 et
485 490 860 538 haesitationem
911 505 1103 539 omnem
1155 492 1282 538 circa
1329 490 1496 538 titulos
1537 497 1585 539 et
1633 490 1812 553 formas
1849 491 2126 541 tabularum
2173 492 2497 556 institutione

206 579 316 613 mea
353 563 583 624 tollente,
626 577 752 625 quae
790 578 866 611 res
905 564 985 611 hic
1023 563 1207 611 nullam
1246 564 1381 611 litem
1419 563 1560 626 parit,
1600 577 1690 611 nec
1718 569 1906 626 tempus
1944 566 2068 628 perit
2104 565 2471 612 mutationibus.

207 638 332 686 Tum
371 642 549 694 autem,
591 650 653 684 an
692 650 874 684 moram
916 650 1119 684 censura
1158 638 1221 683 sit
1260 636 1522 697 injectura3
1571 642 1623 684 ‹et
1662 635 1794 697 quod
1834 643 1981 698 caput
2019 643 2115 697 est,
2167 651 2263 699 quo
2316 638 2471 698 pretio

205 725 374 759 mensa
412 710 462 756 in
502 708 606 770 ejus
646 709 827 757 vicinia
865 709 1128 757 redimatur
1156 708 1250 756 hoe
1288 716 1518 772 tempore,
1560 723 1689 771 quae
1728 709 1846 755 mihi
1884 709 2049 758 vetulo
2088 713 2149 757 sit
2189 709 2473 770 commoda;

205 797 267 831 an
306 784 410 845 ipse
458 781 575 829 mihi
628 781 980 830 habitationem
1019 782 1171 845 possit
1212 781 1559 829 commodare?
1609 781 1663 829 Si
1701 779 1918 830 abundat
1969 783 2099 844 typis
2137 796 2464 841 numerorum,

206 871 268 904 an
316 854 581 903 consultius
619 869 754 902 meos
801 861 945 918 typos
996 854 1269 915 relinquam
1321 854 1384 902 ad
1436 853 1753 902 Danubium?
1806 852 1945 902 Haec
1994 862 2156 912 essent
2202 855 2319 902 mihi
2373 854 2466 902 hoc

206 935 425 990 tempore
473 925 804 990 percontanda
854 930 902 973 in
954 925 1227 975 subsidium
1277 927 1468 975 adversi
1511 941 1680 986 casus,
1737 927 2006 974 minitantis
2047 929 2248 976 eminus,
2327 927 2508 975 Wer-'

206 1001 358 1050 linum
406 1000 649 1048 hominem
699 1014 908 1061 aequum
955 1005 1075 1062 puto
1128 1014 1355 1062 eramque
1409 999 1578 1048 eodem
1631 1013 1771 1047 curru
1827 999 1887 1047 ad
1940 1001 2099 1062 ipsum
2154 999 2472 1048 advolaturus

207 1073 486 1134 Decembri,
538 1087 634 1135 quo
673 1072 768 1121 huc
807 1074 941 1131 veni,
992 1075 1084 1120 nisi
1122 1087 1197 1120 me
1235 1074 1379 1121 turba
1418 1074 1466 1119 in
1504 1075 1610 1135 ipsa
1649 1070 1874 1120 Linceusi
1928 1072 2179 1120 obsidione
2232 1079 2377 1136 capta
2428 1079 2475 1120 et

207 1151 455 1211 respectus
506 1146 748 1194 Caesaris
785 1143 959 1194 Ulmae
1009 1145 1369 1206 adstrinxisset,
1426 1151 1474 1194 et
1529 1145 1863 1209 typographus
1922 1145 2065 1206 hujus
2122 1144 2216 1192 loci
2273 1147 2473 1207 ipseque

207 1221 268 1270 D.
308 1218 664 1278 Theodoricus‚
717 1217 797 1266 ille
839 1220 1114 1282 promissis,
1159 1220 1251 1267 iste
1291 1218 1655 1278 benevolentia,
1699 1224 1751 1265 ut
1788 1217 1867 1265 hic
1906 1217 2237 1266 contraherem
2276 1232 2471 1279 permo-

209 1294 412 1341 vissent.
464 1290 505 1339 Ο
549 1293 734 1339 utinam
761 1292 904 1339 nobis
934 1298 1095 1341 essent
1123 1293 1437 1340 creberrimae
1479 1297 1527 1339 et
1551 1292 1860 1339 maturrimae
1900 1290 2140 1339 scribendi
2175 1294 2471 1350 occasiones,

356 1364 494 1412 Haec
534 1378 649 1413 vero
689 1366 964 1413 memineris
1003 1380 1032 1412 a
1070 1379 1146 1412 me
1186 1365 1330 1412 scribi
1370 1364 1530 1412 animo
1560 1365 1686 1412 curis
1726 1366 1923 1412 incenso
1953 1369 2000 1412 et
2038 1369 2168 1411 metu
2205 1364 2471 1411 futurorum

210 1439 396 1499 sauci0,
439 1451 583 1500 quem
625 1437 704 1485 vel
729 1452 876 1485 unum
918 1437 1223 1486 commodum
1250 1437 1454 1484 verbum
1493 1442 1540 1484 et
1564 1451 1722 1499 aequa
1761 1438 1935 1484 mentis
1980 1435 2241 1485 declaratio
2283 1437 2480 1499 mitigat·

210 1513 356 1572 inque
402 1523 513 1574 spes
566 1524 722 1558 novas
773 1510 972 1560 inducit.
1014 1568 1015 1571 Ἴ
1050 1510 1223 1572 Itaque
1274 1515 1613 1572 praeterquam
1667 1509 1798 1571 quod
1850 1510 1898 1555 in
1938 1509 2150 1557 futurum
2199 1510 2472 1558 necessaria

209 1584 325 1630 mihi
355 1587 427 1631 est
455 1584 631 1643 cauti0,
673 1582 730 1649 de
759 1590 918 1632 cetero
946 1583 1106 1632 famae
1133 1583 1342 1632 hominis
1382 1583 1528 1631 etiam
1568 1582 1699 1645 apud
1722 1582 1991 1631 Werlinum
2028 1584 2265 1644 parcitum
2307 1582 2469 1630 velim.

209 1655 284 1704 Sit
331 1657 414 1718 qui
467 1662 562 1716 est,
620 1671 706 1719 per
752 1671 827 1704 me
878 1656 1013 1705 licet:
1071 1655 1406 1704 tantummodo
1445 1656 1580 1704 Deus
1627 1670 1703 1704 me
1752 1654 1858 1718 ejus
1911 1657 2282 1703 conversatione
2322 1670 2470 1718 quam

212 1729 412 1777 minimo
453 1743 560 1777 cum
602 1728 777 1778 damno
816 1729 990 1778 liberet
1029 1743 1127 1778 oro.

355 1801 482 1850 Filio
530 1817 639 1851 meo
691 1816 810 1865 rogo
853 1802 1010 1863 dicaS,
1062 1801 1269 1850 calcaria
1307 1815 1383 1849 me
1422 1802 1669 1863 accepisse
1709 1814 1818 1849 cum
1856 1800 2011 1849 literis
2049 1801 2111 1848 D.
2154 1800 2344 1861 Lansii,
2394 1803 2472 1848 cui

208 1873 468 1937 plurimam
506 1862 726 1924 salutem.
802 1874 1126 1924 Ratisbonam
1153 1875 1246 1923 hoc
1283 1880 1500 1938 tempore
1539 1887 1634 1922 non
1661 1879 1774 1921 sunt
1813 1873 2039 1936 expedita
2064 1874 2250 1933 itinera,
2294 1878 2476 1923 certum

211 1954 374 1997 tamen
413 1947 525 1997 inde
564 1947 836 1997 subsidium
875 1948 947 1996 illi
985 1950 1035 1997 in
1073 1947 1533 2014 Baccalaureatum,
1576 1953 1626 1995 at
1663 1961 1759 1994 non
1799 1949 1847 1993 in
1888 1951 2098 2007 vestem,
2139 1946 2335 2008 qualem
2373 1949 2481 2008 ipse*
2540 1977 2547 1982 ›

211 2025 357 2069 amat.
433 2020 580 2070 Ratio
629 2027 875 2070 sumtuum
921 2036 1046 2086 quae
1094 2024 1158 2069 sit
1194 2022 1380 2081 futura,
1433 2019 1582 2070 velim
1630 2034 1737 2068 eam
1786 2019 1902 2067 mihi
1942 2021 2277 2082 consignatam
2315 2021 2478 2068 mittat
2547 2078 2550 2082 Α

210 2095 314 2142 sine
364 2107 500 2142 mora
551 2099 600 2143 et
648 2107 756 2142 cum
803 2101 889 2143 tua
941 2096 1185 2144 revisione
1233 2093 1457 2142 schedae.
1534 2093 1752 2142 Salutem
1790 2108 1820 2141 a
1859 2092 1926 2140 M.
1967 2093 2162 2141 Saxone
2216 2107 2324 2141 cum
2363 2107 2475 2139 mu-

212 2165 416 2214 nusculo
456 2182 514 2215 ex
558 2167 735 2230 Apiani
773 2167 1004 2230 reliquiis,
1044 2182 1153 2216 mea
1191 2167 1536 2216 intercessione
1574 2171 1850 2230 procurato,
1928 2165 2052 2215 Vale
2096 2179 2205 2214 cum
2242 2179 2391 2214 uxore
2430 2171 2478 2214 et

215 2239 441 2287 omnibus
479 2239 765 2289 fautoribus.
841 2238 1015 2290 Ulmae
1060 2242 1139 2289 10.
1180 2240 1323 2288 Febr.
1369 2240 1522 2287 1627.

1173 2312 1300 2361 Clar.
1342 2312 1485 2360 Dom.
1526 2311 1663 2359 Tuae
1703 2352 1707 2355 .

1461 2385 1708 2432 officiosus
1747 2382 1932 2432 amicus
1971 2382 2025 2431 J.
2067 2382 2333 2445 Keplerus.

359 2456 494 2504 Bene
535 2456 796 2507 observata
839 2468 901 2516 Os
943 2454 1012 2524 ᾧ
1055 2455 1112 2523 Q.
1190 2457 1332 2505 Mitte
1372 2471 1502 2516 eam,
1554 2459 1742 2504 mittam
1783 2463 1831 2505 et
1867 2471 2026 2504 meam
2064 2458 2296 2518 proxime.
2376 2454 2481 2505 Ob-

219 2530 415 2578 servavi
454 2534 642 2593 tempus
682 2546 765 2593 per
805 2533 834 2577 2
875 2530 996 2578 fixas
1049 2532 1098 2577 in
1150 2544 1247 2578 uno
1297 2531 1540 2590 verticali,
1595 2531 1756 2578 vicino
1797 2529 2062 2578 meridiano
2102 2529 2482 2592 septentrionali.

391 2605 820 2663 Sequendeepleri
862 2605 1054 2662 epistola
1095 2606 1208 2650 nihil
1250 2606 1387 2651 habet
1428 2608 1483 2652 de
1525 2607 1719 2652 editione
1759 2606 2171 2663 Rudolphinarum,
2226 2605 2306 2650 sed
2346 2606 2482 2662 plane
2540 2604 2544 2607 ’

218 2671 485 2718 Schickardi
515 2671 744 2717 fortunam
774 2679 951 2729 spectat
982 2679 1027 2718 et
1056 2672 1137 2718 filii
1167 2673 1385 2719 Ludovici
1417 2664 1711 2719 conditiones.
2552 2711 2554 2726 ἰ

360 2740 689 2803 Keplerus
727 2741 1134 2792 Schickardo
1175 2743 1224 2791 S.
1254 2744 1315 2791 P.
1344 2745 1407 2795 D.
1451 2744 1521 2793 cl.
1550 2745 1652 2792 Vir.
1694 2743 1862 2790 Amice
1888 2742 2181 2790 charissime.
2224 2740 2358 2803 Quas
2383 2741 2483 2790 filio
2552 2783 2554 2792 .

216 2828 324 2862 meo
360 2813 552 2875 dedisti,
595 2830 742 2879 opera
781 2817 950 2864 sororii
986 2817 1082 2864 mei
1109 2817 1290 2880 accepi.
1371 2815 1504 2878 Quas
1533 2823 1645 2865 ante
1674 2815 1920 2864 octiduum
1946 2817 2053 2862 misi
2081 2829 2189 2863 cum
2228 2814 2479 2875 fasciculO,

140 2936 142 2939 .
216 2892 344 2935 recte
384 2887 472 2934 tibi
512 2888 714 2937 traditas
754 2890 975 2937 existimo
1018 2889 1094 2938 vel
1148 2903 1204 2937 ex
1257 2889 1469 2952 hospitio
1511 2890 1574 2938 ad
1615 2888 1770 2936 Ovem
1818 2887 1897 2935 vel
1949 2894 2145 2936 curante
2185 2887 2246 2935 D.
2291 2888 2483 2936 Abbate
2550 2890 2551 2894 ’

216 2959 591 3010 Bebenhusano.
672 2960 859 3023 Quibus
906 2964 1146 3024 acceptiS,
1195 2975 1336 3026 spero
1387 2969 1433 3011 te
1484 2964 1626 3012 amici
1666 2961 1824 3009 officio
1864 2961 2138 3008 functurum
2175 2961 2225 3007 in
2265 2960 2478 3023 regendo
2547 2957 2554 3019 j*

219 3031 317 3079 filio
356 3047 464 3080 meo
505 3034 861 3098 erogandisque
911 3049 1034 3097 quos
1085 3036 1194 3083 misi
1245 3036 1485 3083 sumtibus
1536 3040 1583 3084 ct
1627 3034 1898 3083 rationibus
1947 3034 2009 3081 ab
2058 3034 2165 3096 ipso
2209 3033 2483 3095 repetendis
2546 3046 2554 3091 ς’

223 3111 334 3152 ante
377 3113 697 3168 erogatorum,
741 3122 862 3170 quas
901 3107 963 3155 ad
1002 3123 1078 3157 me
1117 3109 1297 3155 mittas.
1550 3161 1555 3165 ,
2404 3167 2408 3174 ¹

366 3177 441 3225 De
479 3179 673 3228 fortuna
710 3185 801 3228 tua
832 3181 1052 3233 inaudivi
1091 3181 1347 3229 obscurum
1387 3182 1550 3229 nescio
1604 3179 1746 3242 quid3
1803 3181 2143 3241 competitores
2194 3178 2281 3224 tibi
2331 3178 2482 3226 fuisse

224 3250 271 3295 in
309 3250 518 3310 petendo
559 3253 752 3315 collegii
785 3254 920 3315 jure,
963 3253 1094 3316 quod
1134 3248 1407 3316 cujusmodi
1446 3254 1602 3313 fuerit,
1643 3267 1734 3315 ego
1773 3266 1931 3300 rerum
1960 3251 2349 3300 academicarum
2388 3252 2482 3297 im-

222 3322 405 3383 peritus
442 3323 710 3387 intelligere
748 3341 845 3374 non
883 3329 1055 3389 potui,
1100 3341 1213 3374 num
1265 3328 1427 3375 locum
1466 3328 1514 3373 in
1555 3326 1761 3388 collegio
1800 3326 2030 3388 principis
2067 3325 2286 3387 petieris,
2333 3339 2393 3370 an
2434 3325 2480 3369 in
2541 3374 2543 3392 ff

226 3392 432 3454 collegio
486 3396 728 3447 facultatis
775 3399 1160 3462 philosophicae.
1241 3400 1526 3460 Addebant,
1579 3399 1702 3446 duos
1743 3400 2068 3460 comparuisse
2124 3397 2479 3459 competitores,
2540 3395 2543 3418 ²

226 3467 485 3527 utrumque
541 3483 648 3516 cum
701 3472 919 3532 ejusdem
976 3473 1216 3536 Principis
1277 3474 1420 3523 Wirt.
1481 3471 1909 3530 commendatitiis,
1965 3471 2150 3532 tibique
2205 3468 2480 3531 praelatum

226 3537 572 3587 Rauscherum.
650 3542 860 3591 Tantum
899 3545 1005 3607 alii3
1047 3553 1098 3593 tu
1138 3545 1293 3606 addis,
1335 3547 1396 3594 ab
1425 3545 1715 3593 academicis
1752 3549 1800 3591 te
1838 3543 2098 3605 repulsum.
2174 3541 2380 3590 Haesito
2418 3557 2479 3590 an
2538 3557 2541 3586 r

229 3610 399 3660 eadem
450 3610 508 3658 de
555 3615 786 3674 petitione
838 3620 901 3664 sit
945 3618 1039 3667 hoc
1086 3618 1448 3682 accipiendum,
1489 3632 1638 3678 anne,
1690 3630 1798 3665 cum
1844 3630 1976 3663 esses
2015 3616 2315 3678 postpositus
2355 3614 2478 3674 aliis,
2534 3648 2538 3674 z

231 3688 543 3746 augmentum
596 3686 757 3732 salarii
797 3690 1024 3749 petieris?
1083 3691 1326 3753 Quicquid
1365 3691 1414 3739 id
1455 3697 1548 3751 est,
1590 3690 1769 3738 leniter*
1800 3688 2048 3736 ferendum
2100 3689 2352 3747 existimo,
2391 3701 2480 3735 nec

229 3755 595 3821 praecipitanda
635 3758 860 3819 consilia,
906 3766 1000 3810 tres
1054 3767 1359 3825 potissimum
1401 3764 1463 3812 ob
1505 3777 1692 3811 causas.
1770 3760 1984 3808 Primum
2024 3763 2149 3809 enim
2189 3759 2321 3808 haud
2357 3775 2476 3820 reor,

231 3828 539 3880 tribuendum
581 3829 674 3879 hoc
713 3845 818 3880 esse
857 3838 1117 3884 contemtui
1155 3842 1268 3885 tuae
1308 3835 1388 3885 vel
1425 3843 1660 3899 personae
1702 3832 1782 3882 vel
1822 3832 2034 3894 dotium,
2087 3832 2174 3882 sed
2211 3835 2478 3882 necessita·
2509 3833 2526 3840 ‘
