2554 4140
0 2784 5 2826 j
84 2766 347 2815 nacionis?
415 2767 507 2816 Est
571 2783 713 2819 arcus
772 2771 959 2821 orbitae
1009 2770 1236 2835 planetae

0 2954 2 2965 ,
87 2910 370 2962 condentem
408 2918 457 2962 et
498 2913 661 2963 locum
701 2918 1023 2967 eccentricum
1059 2919 1235 2982 plane-

0 3559 1 3622 ]
89 3573 177 3625 IV.
212 3579 445 3636 usurpata
479 3589 566 3638 per
602 3591 654 3625 se
683 3576 876 3640 quidem
915 3577 1231 3628 immutabilis

0 3734 2 3757 ι
89 3732 224 3779 nem,
277 3716 336 3766 de
386 3733 482 3782 qua
531 3720 652 3770 libro
700 3722 821 3783 VII,
872 3737 957 3786 per
1007 3722 1230 3773 accidens

844 151 982 199 Liber
1008 152 1224 211 Quintus.'
1280 153 1392 198 Pars
1422 150 1600 198 Altera.
2241 155 2346 205 425

96 302 138 350 si
192 299 371 350 ECGD
427 300 492 350 sit
544 314 659 363 pars
709 300 844 364 plani
901 302 1182 366 eclipticae,
1233 301 1415 352 HCFD
1466 302 1556 350 erit
1603 300 1775 350 orbita.
1872 298 2171 350 Secundario
2229 313 2346 349 vero

94 374 380 436 intelligitur
417 375 564 424 etiam
603 374 810 423 circulus
850 374 932 425 ille
971 377 1225 437 maximus,
1265 388 1360 438 quo
1388 371 1589 438 planum
1617 374 1803 423 orbitae
1842 375 2176 423 continuatum
2212 379 2346 423 secat

94 447 349 510 sphaeram
386 447 604 495 fixarum.
682 445 747 496 Ut
784 448 863 497 hic
899 448 999 498 MN
1037 451 1219 510 secti0,
1259 453 1390 498 tacta
1428 461 1458 495 a
1494 445 1642 509 plano
1684 446 1821 495 CAK
1858 448 2156 496 continuato.

243 520 381 584 Quid
404 520 632 582 appellas
667 511 1051 572 inclinationem
1071 523 1312 584 planetae
1348 521 1426 570 vel
1464 521 1709 582 cujusque
1728 523 1913 581 puncti
1948 522 2005 568 in
2029 520 2196 569 orbita
2221 520 2347 585 ejus,

1 591 3 605 ³
93 597 139 640 ct
174 593 301 654 quid
335 593 583 642 circulum
619 594 1008 644 inclinationis?
1079 594 1340 644 Inclinatio
1377 594 1570 657 proprie
1611 593 1845 655 competit
1880 607 1978 640 non
2016 592 2226 655 planetis
2265 593 2347 642 vel

92 666 308 728 punctis,
361 666 447 716 sed
485 664 626 714 lineis
674 666 756 716 vel
801 666 961 731 planis
1007 669 1132 717 inter
1168 682 1246 730 se3
1301 673 1353 718 at
1401 667 1519 731 quia
1565 664 1716 728 plana
1754 664 1841 713 illa
1892 666 2347 715 circumscribuntur

2 781 3 801 ¹
94 737 262 786 orbitis
312 737 622 802 planetarum
673 745 722 789 et
768 742 884 803 quia
932 742 980 788 in
1029 741 1190 805 planis
1236 740 1397 791 lineae
1445 744 1608 788 motus
1655 737 1962 801 planetarum
2013 738 2347 802 intelliguntur

2 807 3 810 ’
94 810 378 874 descriptae,
419 826 512 861 usu
548 818 795 876 receptum
834 817 922 874 est,
963 819 1018 863 ut
1055 813 1149 864 hae
1177 827 1323 864 voces
1363 812 1648 877 simpliciter
1674 812 1735 860 ad
1759 809 1985 874 planetas
2012 812 2144 875 ipsos
2182 818 2345 862 trans-

91 883 329 944 ferantur,
370 899 519 934 causa
556 886 810 935 brevitatis
850 888 897 934 in
937 886 1198 950 loquendo.

237 956 360 1006 Cum
397 959 545 1022 igitur
583 959 647 1019 id,
688 959 818 1022 quod
855 959 979 1008 infra
1012 960 1140 1009 libro
1180 959 1267 1008 VI.
1306 957 1516 1009 latitudo
1556 956 1760 1021 dicetur,
1801 956 2062 1020 participet
2100 955 2246 1006 etiam
2287 956 2346 1008 de

92 1027 362 1079 adventitia
400 1046 489 1081 seu
528 1033 692 1095 optica
729 1031 1106 1097 inaequalitate,
1163 1047 1311 1096 quam
1350 1030 1614 1086 secundam
1664 1029 2012 1092 indigetamuS,
2066 1044 2241 1093 quare,
2293 1036 2348 1081 ut

92 1117 169 1151 res
208 1102 429 1154 diversae
468 1105 744 1154 nominibus
785 1107 932 1154 etiam
970 1105 1354 1169 distinguantur,
1402 1105 1630 1167 evagatio
1667 1103 1897 1167 planetae
1935 1118 2055 1153 vera
2090 1104 2152 1152 ab
2192 1103 2347 1167 eclip-

94 1176 189 1224 tica
229 1176 418 1226 dicatur
454 1193 552 1227 non
590 1177 827 1239 latitudo,
866 1177 953 1227 sed
992 1178 1269 1241 inclinatio;
1321 1177 1547 1228 definitur
1585 1183 1748 1226 autem
1786 1178 1884 1237 sic,
1937 1176 2068 1239 quod
2106 1178 2170 1225 sit
2206 1191 2347 1226 arcus

3 1251 9 1258 ’
59 1245 256 1297 ‘circuli
293 1252 341 1297 in
379 1251 582 1299 fixarum
631 1251 841 1314 sphaera
890 1253 1114 1313 maximi,
1170 1267 1229 1301 ex
1281 1259 1444 1302 centro
1485 1250 1615 1300 Solis
1663 1249 1914 1313 descripti,
1970 1249 2032 1299 ad
2073 1249 2344 1314 eclipticam

92 1323 235 1380 recti,
291 1325 374 1386 qui
414 1324 623 1373 circulus
660 1323 990 1373 inclinationis
1030 1324 1240 1387 dicatur,
1288 1327 1587 1387 interceptus
1623 1323 1749 1372 inter
1788 1323 2063 1386 eclipticam
2102 1329 2151 1372 et
2186 1323 2349 1374 locum

0 1379 4 1402 ⁹
90 1394 318 1458 planetae
356 1400 691 1447 eccentricum.
765 1397 862 1447 Vel
901 1403 975 1447 est
1013 1398 1224 1461 angulus
1261 1398 1326 1447 ad
1345 1397 1545 1457 fidem,
1586 1411 1730 1460 quem
1772 1396 1850 1445 hic
1890 1411 2030 1446 arcus
2068 1397 2277 1447 metitur.

232 1478 287 1523 In
318 1478 549 1524 schemate
581 1481 620 1525 si
651 1480 691 1525 A
724 1479 822 1538 Sol,
866 1481 1074 1526 FKDHC
1106 1481 1272 1539 orbita,
1305 1480 1435 1526 MLO
1467 1479 1695 1537 ecliptica,
1738 1478 1897 1536 puncti
1927 1480 1970 1525 K
1999 1479 2232 1527 inclinatio
2264 1481 2350 1527 erit

2 1546 4 1582 Ξ
91 1543 287 1600 angulus
317 1543 424 1589 ΚΑΙ
452 1545 524 1589 vel
553 1545 700 1597 NAL,
731 1545 804 1590 vel
838 1545 934 1603 ejus
966 1558 1098 1591 arcus
1129 1546 1211 1591 NL
1245 1559 1301 1590 ex
1332 1546 1372 1591 A
1402 1544 1507 1592 Sole
1538 1544 1807 1602 descriptus.

238 1620 380 1684 Quid
415 1623 642 1684 appellas
678 1623 864 1685 nodos,
914 1622 1040 1685 quid
1076 1622 1297 1671 limites?
1368 1621 1494 1672 Nodi
1549 1626 1662 1670 sunt
1712 1621 1808 1671 duo
1845 1628 2030 1686 puncta
2069 1623 2340 1688 eclipticae‚

0 1716 3 1762 ᾗ
90 1694 140 1741 in
178 1694 354 1755 quibus
392 1693 479 1743 illa
517 1701 711 1745 secatur
748 1696 810 1745 ab
851 1696 1037 1745 orbitae
1078 1697 1391 1745 continuatae
1429 1696 1593 1760 plano.
1673 1692 1861 1746 Graece
1899 1700 2168 1759 συνδεσμοι,
2215 1697 2348 1762 quod

2 1783 4 1802 1
91 1767 149 1815 iis
186 1767 361 1816 itinera
399 1766 606 1830 diversa,
647 1769 776 1819 Solis
815 1783 1057 1833 apparens
1099 1775 1147 1818 et
1183 1768 1435 1832 planetae,
1476 1782 1698 1818 connexa
1735 1769 1858 1833 sint3
1899 1769 2169 1820 ascendens
2208 1770 2346 1835 alter,

90 1840 138 1886 in
176 1853 274 1902 quo
311 1840 512 1903 planeta
562 1841 752 1891 deserto
798 1841 1160 1905 hemisphaerio
1210 1842 1413 1891 australi
1465 1841 1679 1891 deflectit
1723 1843 1773 1890 in
1823 1843 2045 1906 boream,
2097 1843 2220 1894 alter
2258 1844 2348 1895 de-

90 1911 349 1975 scendens,
390 1915 474 1976 qui
511 1913 759 1977 planetam
798 1917 847 1962 in
887 1922 1103 1964 austrum
1142 1917 1443 1978 transponit3
1497 1915 1705 1964 vocibus
1745 1916 2013 1967 ascendens
2053 1921 2102 1966 et
2141 1917 2347 1969 descen-

90 1985 209 2036 dens
258 1985 321 2035 ad
369 1993 587 2036 nostrum
634 1987 1046 2051 hemisphaerium
1096 1987 1503 2048 accommodans,
1566 1994 1621 2037 ut
1666 1989 1717 2036 in
1768 2003 1864 2052 quo
1926 1990 2068 2054 primi
2120 1992 2344 2042 vixerunt

90 2059 366 2108 inventores
403 2062 746 2111 astronomiae.
803 2064 866 2110 Ut
896 2064 935 2108 si
965 2063 1151 2120 planum
1182 2063 1358 2110 orbitae
1389 2069 1435 2109 et
1457 2064 1643 2122 planum
1665 2064 1900 2122 eclipticas
1923 2070 2195 2112 concurrant
2225 2066 2345 2114 linea

2 2149 5 2169 ι
92 2127 232 2184 CAD,
265 2128 511 2175 sectionem
542 2136 844 2187 monstrante,
878 2130 1143 2175 continuata
1174 2129 1254 2175 illa
1283 2132 1367 2176 sub
1400 2131 1655 2188 eclipticam
1685 2132 1957 2177 monstrabit
1986 2131 2059 2186 M,
2080 2131 2117 2176 Ο
2147 2132 2308 2179 ιιοᾶοιῡ.7

232 2195 435 2246 Limites
484 2213 603 2249 vero
652 2199 960 2264 appellantur
1009 2205 1193 2262 puncta
1232 2200 1512 2264 eclipticas,
1568 2214 1694 2265 quae
1736 2201 2087 2264 quadrantibus
2136 2219 2166 2254 a
2203 2203 2345 2254 nodis

88 2267 294 2332 distant3
333 2271 530 2337 boreus,
569 2287 599 2321 a
638 2287 735 2336 quo
773 2272 974 2338 planeta
1012 2271 1162 2322 distat
1199 2275 1248 2322 in
1276 2274 1491 2337 boream,
1529 2274 1790 2337 austrinus,
1832 2290 1862 2323 a
1890 2289 1987 2338 quo
2026 2277 2076 2324 in
2103 2283 2337 2328 austrum.

87 2342 327 2392 Dicuntur
363 2343 542 2394 limites
581 2360 640 2395 ex
677 2361 753 2408 e0,
793 2347 909 2410 quia
944 2345 1159 2410 planeta,
1201 2346 1468 2398 deveniens
1508 2347 1576 2416 ad⁴
1609 2347 1694 2397 illa
1730 2352 1927 2411 puncta,
1970 2363 2068 2398 non
2106 2356 2343 2415 evagetur

87 2414 286 2466 ulterius
334 2418 384 2464 in
419 2418 617 2482 plagas,
671 2418 759 2469 sed
806 2418 920 2469 inde
972 2433 1083 2469 sese
1132 2427 1419 2471 convertens
1466 2423 1672 2486 incipiat
1721 2421 1784 2471 ad
1833 2421 2109 2485 eclipticam
2147 2427 2340 2476 reverti.

86 2484 149 2531 Ut
175 2485 222 2529 in
252 2486 481 2532 schemate
510 2488 576 2540 E,
606 2487 648 2534 G
676 2492 847 2546 puncta
876 2487 1112 2546 eclipticae
1144 2490 1352 2536 dicuntur
1381 2490 1561 2537 limites.
1623 2490 1713 2537 Sed
1753 2495 1799 2535 et
1828 2491 1891 2546 H,
1940 2492 1979 2537 F
2009 2497 2181 2549 puncta
2209 2507 2343 2540 verae

86 2549 272 2661 orbitae,
305 2557 351 2597 et
378 2557 551 2609 puncta
580 2553 636 2599 iis
669 2555 976 2612 superstantia
1004 2554 1052 2600 in
1082 2555 1279 2614 sphaera
1307 2556 1524 2616 fixarum,
1564 2558 1751 2604 veniunt
1782 2556 1940 2604 eodem
1970 2558 2150 2606 nomine
2181 2565 2227 2608 et
2254 2560 2342 2606 hoc

86 2628 159 2661 cre
190 2629 299 2662 nus.

235 2693 373 2757 Qum
407 2696 634 2758 appellas
679 2703 1043 2760 aryumcntum
1086 2700 1237 2748 incli-
1712 2698 1794 2740 mg.
1817 2695 1873 2733 82.

87 2838 177 2887 ⁸⁰¹²
227 2838 362 2900 fixis,
412 2841 709 2905 interceptus
759 2844 883 2894 inter
931 2844 1114 2894 nodum
1152 2860 1237 2895 as-

86 2989 180 3046 tae,
220 2991 500 3035 numeratus
549 2988 599 3035 in
651 2991 1011 3052 consequentia.
1087 2990 1155 3042 Ut
1191 2993 1234 3040 si

89 3054 133 3105 O
177 3057 333 3107 nodus
384 3059 674 3120 ascendens,
725 3061 770 3109 N
817 3062 954 3112 locus
1003 3063 1232 3126 planetae

88 3133 402 3193 occentricuS,
450 3130 595 3182 OMN
644 3134 733 3182 erit
778 3142 1117 3198 argumentum
1154 3139 1233 3185 in-

88 3200 362 3252 clinationis
418 3204 520 3253 LN.
608 3204 905 3269 Copernicus
958 3222 1046 3271 pro
1101 3209 1231 3259 nodo

86 3275 375 3326 ascendente
412 3279 558 3326 sumit
595 3278 795 3327 Ilmitem
835 3279 1049 3330 boreum.

230 3354 371 3404 Num
427 3356 598 3405 eadem
655 3364 723 3407 est
773 3360 1005 3410 omnibus
1058 3362 1233 3411 seculis

87 3428 348 3478 inclinatio
372 3432 602 3478 maxima
639 3431 812 3479 limitis
836 3433 892 3480 in
917 3435 1092 3494 quovis
1113 3434 1232 3496 pla-

86 3500 242 3551 ncta?
277 3499 554 3551 Secundum
591 3505 828 3567 principia
865 3503 1069 3568 physica
1106 3505 1230 3556 libro

90 3651 177 3707 est,
214 3651 267 3695 at
301 3652 498 3710 propter
535 3649 687 3712 ipsius
727 3649 978 3713 eclipticae
1015 3649 1231 3700 luxatio-

126 3794 252 3841 otest
288 3792 475 3841 mutari.

90 3804 123 3854 p
235 3871 492 3939 Quomodo
530 3880 854 3937 computatur
891 3875 1154 3928 inclinatio
1186 3878 1466 3941 planetae?
1550 3882 1658 3935 Non
1698 3887 1861 3952 aliter,
1902 3902 2048 3957 quam
2085 3887 2210 3940 libro
2234 3888 2326 3941 111.
