2560 4100
174 112 236 166 12
761 109 815 153 In
854 108 1097 166 Epitomen
1134 109 1448 155 Astronomiae
1480 106 1814 165 Copernicanae

174 262 396 308 netarum
434 259 700 318 eecentriei‚
739 257 863 306 libro
883 256 945 307 V.
987 257 1228 321 descripti,
1269 255 1562 307 concordant
1601 269 1708 304 cum
1748 256 2166 305 observationibus
2203 259 2418 304 tantum-

173 331 319 379 modo
359 333 404 378 in
444 332 636 393 punctis
674 345 899 380 verarum
938 334 1299 395 oppositionum
1348 328 1730 391 cujusquecum
1769 329 1909 390 Sole,
1958 330 2008 375 in
2045 329 2166 377 locis
2205 328 2315 376 aliis
2353 328 2416 376 ab

178 404 273 451 illis
313 403 588 466 discrepant
640 409 688 452 et
724 405 1007 466 inaequales
1058 410 1192 464 sunt,
1247 406 1315 451 ita
1366 408 1421 449 ut
1474 402 1574 449 alio
1613 407 1830 464 tempore
1867 401 2091 462 veloceS‚
2142 401 2239 449 alio
2279 400 2418 457 tardi,

175 476 272 524 alio
313 476 592 538 retrogradi,
633 476 728 524 alio
769 477 976 540 denique
1015 478 1286 524 stationarii
1326 479 1592 524 cernantur.
1626 470 1636 523 ’.
1670 474 1842 523 Causis
1881 474 2051 522 harum
2089 473 2419 536 irregularita-

172 554 275 595 tum
313 563 400 610 per
436 549 638 611 figuram
679 549 930 613 explicatis
969 540 1167 598 additae
1207 554 1319 596 sunt
1358 546 1554 595 tabulae
1590 546 1945 611 periodieorum
1983 552 2199 595 motuum
2229 554 2276 595 et
2302 561 2417 609 pro-

173 622 420 683 portiones
469 621 683 682 orbium,
737 623 848 671 loca
903 622 1204 685 apheliorum
1258 623 1306 667 in
1347 619 1573 682 ecliptica
1611 624 1874 682 eorumque
1909 625 2086 667 motus,
2162 619 2278 668 Jam
2317 619 2419 668 adit

171 693 414 755 Keplerus
451 695 726 757 parallaxes
766 696 968 757 orbium,
1009 694 1290 743 latitudines
1335 693 1656 755 planetarum,
1697 693 1998 755 distinguens
2037 694 2161 740 inter
2198 691 2419 740 latitudi-

169 780 279 814 nem
318 772 368 815 et
409 767 837 829 „inclinationem“
881 774 930 817 et
966 768 1071 815 finit
1109 768 1233 814 hane
1270 771 1456 828 partem
1495 765 1854 824 demonstranS,
1905 779 2000 827 qua
2045 765 2232 813 ratione
2278 767 2420 814 inve-

170 840 332 887 niatur
391 838 632 904 latitudo,
696 847 743 890 et
803 847 1013 903 quantae
1073 842 1170 888 sint
1229 838 1515 887 latitudines
1577 839 1883 902 planetarum
1942 839 2243 900 superiorum
2306 852 2414 887 ma-

166 913 344 962 ximae.

317 985 653 1034 Parstertia.
728 985 804 1034 De
852 985 1060 1047 planetis
1108 984 1431 1034 inferioribus.
1511 983 1700 1032 Causae
1749 987 2122 1045 enumerantur,
2176 998 2258 1032 eur
2301 984 2351 1032 hi
2391 1000 2420 1033 a

93 1069 95 1078 ’
167 1059 501 1120 superioribus
540 1060 752 1123 separati
795 1058 1175 1118 considerentur,
1215 1056 1327 1105 dein
1365 1062 1527 1105 motus
1565 1062 1854 1120 apparentes
1889 1061 2198 1105 recensentur
2238 1062 2286 1106 et
2324 1073 2420 1120 qua

167 1132 357 1180 ratione
397 1147 427 1179 a
465 1133 676 1179 motibus
716 1131 1062 1194 apparentibus
1099 1130 1162 1179 ad
1200 1136 1360 1178 motus
1386 1144 1528 1178 veros
1556 1130 1857 1178 deveniatur.
1917 1127 2298 1192 Argumentum,·
2323 1146 2418 1193 quo

169 1205 422 1269 probatur,
460 1204 684 1267 planetas
720 1204 812 1252 hos
851 1205 978 1252 circa
1017 1203 1182 1252 Solem
1219 1206 1266 1250 in
1307 1218 1479 1267 gyrum
1518 1204 1601 1264 ire,
1629 1217 1666 1251 .e
1705 1203 1939 1265 phasibus
1961 1203 2164 1252 Veneris
2205 1204 2419 1253 desumi-

169 1270 261 1325 tur.
341 1278 417 1325 De
465 1277 588 1325 loeis
636 1277 939 1340 apheliorum
988 1291 1256 1339 eorumque⁴
1300 1283 1450 1325 motu.
1527 1275 1768 1338 Keplerus
1806 1285 2058 1325 recensens
2098 1276 2353 1326 distantias
2391 1292 2421 1325 a

172 1349 286 1398 Sole
318 1350 592 1398 ¹secundum
632 1350 952 1413 Cepernieum
991 1365 1164 1399 causas
1202 1348 1355 1415 addit,
1395 1350 1572 1412 quibus
1611 1348 1694 1397 ille
1731 1355 1892 1397 motus
1930 1351 2072 1397 unico
2117 1348 2419 1413 planetarum
2460 1365 2462 1367 ·

172 1423 278 1471 orbi
329 1423 452 1471 alios
509 1423 914 1486 superaddiderit.
992 1423 1182 1472 Causae
1221 1425 1487 1471 stationum
1526 1428 1575 1471 et
1610 1421 2077 1484 retrogradationnm
2117 1422 2420 1485 planetarum

174 1495 451 1544 inferiorum
491 1496 660 1544 eadem
697 1499 884 1545 ratione
923 1502 973 1545 et
1009 1497 1189 1560 figura,
1243 1511 1340 1559 qua
1378 1497 1426 1542 in
1466 1495 1796 1559 superioribus
1846 1495 2127 1557 traduntur,
2171 1495 2279 1546 loca
2331 1511 2424 1546 no-

172 1569 355 1630 dorum,
397 1571 697 1631 quantitates
735 1569 1048 1618 latitudinum
1086 1569 1230 1618 finem
1268 1570 1454 1617 faciunt
1488 1570 1642 1632 partis
1678 1570 1863 1617 tertiae.
1897 1570 1902 1574 '

318 1643 452 1690 Pars
492 1649 697 1704 quarta.
771 1643 846 1691 De
885 1642 1077 1691 Luna*
1115 1639 1287 1692 Lunae
1324 1647 1488 1690 motus
1527 1641 1811 1704 inaequales
1850 1640 2045 1703 quidem
2072 1646 2201 1706 sunt,
2238 1646 2292 1689 ut
2315 1656 2424 1690 mo-

168 1721 246 1763 tus
283 1715 588 1778 planetarum
625 1717 990 1778 primariorum,
1049 1729 1225 1764 causae
1266 1729 1379 1764 vero
1419 1715 1589 1764 harum
1626 1715 2029 1777 inaequalitatum
2066 1716 2113 1761 in
2153 1714 2292 1763 Luna
2328 1730 2423 1764 non

169 1788 314 1851 plane
355 1787 554 1837 eaedem
594 1794 706 1837 sunt
745 1803 869 1851 quae
897 1792 943 1835 in
971 1788 1195 1851 planetis,
1237 1802 1344 1837 eum
1385 1788 1514 1849 illae,
1555 1803 1679 1851 quae
1716 1803 1802 1851 per
1839 1781 2023 1836 motum
2049 1788 2227 1837 Terrae
2251 1787 2426 1851 plane-

172 1863 233 1909 tis
273 1861 538 1923 aecedunt,
590 1864 651 1909 in·
674 1862 840 1922 Luna,
893 1876 1020 1924 quae
1057 1861 1263 1911 eundem
1301 1876 1410 1910 cum
1447 1861 1598 1910 Terra
1633 1867 1817 1910 motum
1870 1861 2042 1921 habet,
2096 1868 2422 1923 evanescant3

173 1949 323 1997 quare
361 1940 522 1983 motus
560 1935 729 1984 Lunae
782 1950 972 1997 semper
1025 1941 1099 1984 est
1146 1935 1388 1996 directus,
1445 1949 1535 1983 nee
1587 1949 1801 1999 unquam
1850 1934 2043 1983 videtur
2093 1931 2422 1984 stationarius.

175 2008 367 2056 Causae
411 2008 817 2070 inaequalitatum
857 2008 1025 2057 Lunae
1064 2014 1204 2056 sunt:
1245 2009 1575 2057 eceentrieitas
1616 2009 1745 2056 orbis
1785 2007 2016 2069 Lunaris,
2054 2009 2208 2056 virtus
2247 2008 2425 2057 Terrae

170 2081 362 2129 Lunam
405 2080 729 2132 diversimode
770 2096 997 2143 movenS,
1038 2083 1113 2129 vis
1152 2096 1178 2130 e
1218 2080 1331 2130 Sole
1368 2080 1596 2144 prodiens
1633 2079 1840 2148 (Lumen
1879 2080 2046 2130 Solate
2085 2080 2200 2129 dicit
2230 2079 2423 2144 Keple-

167 2151 292 2219 rus);
346 2154 421 2203 his
477 2156 714 2204 accedunt
763 2157 995 2218 temporis
1033 2156 1263 2217 aequatio
1303 2159 1352 2203 et
1387 2154 1648 2218 parallaxis
1689 2154 1874 2204 diurna.
1947 2154 2039 2202 His
2079 2154 2247 2203 Lunae
2286 2157 2424 2204 inae-

170 2227 489 2289 qualitatibus
539 2228 663 2277 haee
713 2228 889 2276 dantur
939 2229 1163 2277 nomina:
1203 2227 1527 2290 inaequalitas
1567 2227 1754 2287 soluta,
1795 2242 1933 2275 suam
1970 2229 2213 2291 propriam
2255 2229 2423 2277 obser-

166 2315 289 2349 vans
326 2300 580 2363 periodum
617 2298 917 2368 (periodica),
959 2307 1006 2350 et
1043 2307 1304 2361 menstrua,
1343 2301 1406 2348 ad
1444 2301 1680 2349 mensium
1719 2300 1895 2363 phases
1934 2315 2021 2349 seu
2061 2300 2120 2349 ad
2149 2301 2424 2364 configura-

169 2375 329 2423 tiones
368 2373 531 2434 Solis,
578 2375 756 2423 Terrae
806 2381 855 2423 et
904 2375 1076 2423 Lunae
1125 2373 1328 2437 alligata
1380 2370 1680 2438 (synodica);
1736 2378 2010 2422 menstruae
2048 2375 2423 2436 inaequalitates

167 2449 341 2494 iterum
398 2446 775 2496 subdividuntur
825 2451 873 2495 in
927 2454 1264 2510 temporaneas
1310 2453 1357 2495 et
1393 2452 1652 2510 perpetuas
1690 2443 1914 2511 (variatio
1954 2462 1984 2495 a
2022 2447 2254 2511 Tychone
2294 2447 2423 2496 dicta

168 2525 242 2568 est
281 2520 606 2582 inaequalitas
645 2519 916 2584 perpetua).
992 2521 1097 2568 Has
1135 2519 1510 2583 inaequalitates
1548 2519 1764 2582 singulas
1788 2518 2030 2581 Keplerus
2068 2520 2288 2582 pluribus
2342 2522 2420 2567 in-

171 2594 346 2655 quirit,
387 2592 501 2642 hinc
537 2596 711 2642 transit
748 2594 810 2642 ad
849 2593 1158 2643 latitudinem
1195 2594 1364 2643 Lunae
1401 2599 1695 2643 menstruam
1735 2598 1782 2640 et
1818 2593 1989 2640 ultimo
2026 2592 2137 2642 loco
2170 2608 2290 2641 suas
2327 2593 2421 2657 hy-

166 2665 400 2728 potheses
437 2666 500 2715 de
539 2667 680 2715 Luna
717 2681 826 2715 cum
866 2667 1134 2716 Braheanis
1174 2673 1447 2730 comparat,
1495 2666 1667 2729 parum
1708 2665 1899 2728 quidem
1941 2672 2194 2728 utramque
2233 2666 2421 2715 differre

168 2738 415 2787 contendit
451 2741 500 2786 in
541 2739 728 2789 calculo
766 2740 1083 2803 longitudinis
1122 2746 1169 2789 et
1206 2739 1476 2788 latitudinis
1498 2739 1680 2799 Lunae,
1721 2753 1810 2788 nec
1848 2738 1999 2787 multo
2038 2739 2149 2802 plus
2188 2741 2234 2786 iu
2270 2741 2420 2788 inter-

170 2811 315 2860 vallis
354 2811 538 2873 Lunae,
577 2813 832 2876 plurimum
874 2827 989 2862 vero
1027 2815 1077 2860 in
1112 2813 1268 2862 forma
1303 2819 1536 2861 motuum.

321 2885 450 2932 Pars
489 2889 682 2947 quinta.
759 2887 834 2935 De
887 2888 1222 2935 communibus
1263 2885 1602 2936 affectionibus
1638 2883 1957 2948 planetarum.
2033 2883 2309 2933 Praemissa
2348 2891 2421 2934 est

168 2956 353 3006 tabella
391 2961 645 3020 synoptica
677 2962 977 3021 passionum
1013 2959 1332 3023 planetarum.
1408 2958 1550 3006 Hane
1599 2963 1792 3022 secutus
1845 2956 2076 3005 tabellam
2127 2953 2291 3006 ordine
2330 2973 2419 3007 suo

170 3029 447 3078 considerat
485 3034 646 3081 varias
683 3033 988 3096 planetarum
1026 3033 1307 3096 affectiones
1346 3046 1432 3080 seu
1469 3034 1736 3093 passiones.
1835 3029 1884 3093 1)
1925 3028 2163 3079 Omnibus
2203 3043 2421 3080 eommu—

167 3105 292 3151 niter
329 3102 532 3163 accidit,
587 3111 640 3153 ut
692 3108 788 3152 sint
835 3106 959 3153 tardi
1012 3105 1091 3154 vel
1142 3107 1365 3166 veloces,
1416 3107 1545 3153 aucti
1585 3104 1665 3153 vel
1703 3104 1875 3151 minuti
1912 3117 2127 3151 numero.
2206 3104 2256 3164 2)
2299 3104 2420 3153 Cum

85 3177 98 3189 ⁸
168 3175 284 3224 Sole
326 3179 593 3238 comparati
631 3184 743 3225 sunt
779 3192 948 3227 'omnes
985 3178 1213 3241 planetae
1252 3178 1333 3227 vel
1385 3177 1642 3227 orientales
1690 3176 1771 3225 vel
1817 3175 2167 3235 occidentaleS‚
2215 3190 2302 3240 pro
2343 3177 2421 3224 di-

167 3251 399 3297 versitate
438 3250 618 3297 situum
658 3251 718 3298 ad
760 3250 922 3298 Solem
963 3251 1206 3300 diversum
1243 3251 1478 3314 praebent
1515 3247 1779 3314 aspectum,
1820 3247 2037 3297 diversos
2077 3255 2208 3297 ortus
2249 3256 2296 3298 et
2335 3265 2421 3299 oc-

169 3336 314 3370 casus
350 3324 631 3372 sortiuntur.
705 3322 818 3389 (Hic
845 3322 904 3372 de
930 3324 1285 3373 illuminatione
1316 3325 1499 3385 Lunae,
1541 3323 1600 3373 de
1639 3313 1744 3386 ejus
1783 3321 1981 3381 lumine,
2021 3321 2080 3370 de
2118 3321 2287 3384 regula
2312 3322 2417 3369 Pli-

167 3396 250 3455 nii,
287 3395 460 3442 horam
499 3397 656 3444 noctis
696 3411 721 3444 e
759 3397 882 3444 faeie
923 3396 1090 3445 Lunae
1129 3395 1486 3463 constituendi).
1563 3398 1618 3458 3)
1655 3396 1890 3443 Planetae
1927 3396 2051 3442 inter
2077 3409 2127 3443 se
2153 3397 2419 3457 comparati

166 3468 330 3517 locum
367 3468 602 3531 praebent
640 3468 1056 3531 speculationibus
1097 3467 1403 3531 astrologicis
1444 3476 1492 3519 et
1526 3470 1743 3517 theoriae
1781 3467 2153 3516 harmoniarum.
2228 3467 2420 3516 Recen-

173 3547 340 3589 sentur
378 3542 500 3588 varii
540 3549 767 3603 aspectus
803 3541 1133 3604 planetarum,
1181 3546 1448 3605 praemissa
1486 3541 1763 3601 definitione
1803 3546 2112 3603 aspectuum,
2166 3546 2213 3588 et
2249 3543 2420 3603 paucis

167 3614 547 3677 significationes
602 3614 794 3667 illorum
847 3613 1140 3675 astrologica
1191 3612 1380 3663 ratione
1433 3614 1699 3664 traduntur.
1778 3611 1828 3676 4)
1872 3613 1991 3661 Cum
2039 3618 2199 3661 motus
2250 3613 2418 3663 Lunae

170 3688 373 3749 ejusque
411 3686 588 3749 phases
626 3687 853 3735 facillime
894 3688 1211 3735 observentur
1249 3694 1296 3735 et
1336 3693 1714 3751 cognoscantur,
1755 3685 1894 3734 Luna
1933 3701 1960 3733 a
1998 3684 2218 3748 plurimis
2258 3688 2421 3749 genti-

170 3761 262 3808 bus
301 3759 366 3807 ad
402 3765 673 3821 temporum
726 3762 1122 3809 constitutionem
1169 3759 1446 3823 adhibetur3
1507 3762 1621 3810 hinc
1670 3761 1783 3808 anni
1834 3759 2050 3807 Lunares
2095 3758 2281 3822 politici
2331 3760 2421 3807 orti

175 3837 300 3895 sunt,
341 3834 426 3896 qui
463 3838 576 3881 sunt
613 3834 765 3883 soluti
803 3832 1081 3883 duodenum
1119 3839 1353 3898 perpetuo
1392 3837 1655 3896 mensium,
1704 3838 1752 3882 et
1792 3832 1951 3896 liyati,
1990 3845 2055 3881 sc.
2098 3831 2163 3883 ad
2201 3831 2420 3883 Solarem
