2554 4140
28 119 32 235 Ξ
511 136 750 196 Epitomes
780 137 1103 185 Astronomiae
1141 138 1281 186 Liber
1309 139 1521 196 Quintus.
1584 140 1695 186 Pars
1732 141 1901 187 Altera.
2234 146 2336 196 417

28 271 31 320 Ι
62 285 217 334 linea.
244 286 535 334 constituti?
592 284 727 335 Alter
765 288 980 337 semissis
1020 288 1149 337 PER
1187 289 1267 338 vel
1305 288 1443 338 PDR
1481 288 1780 339 descendens
1819 290 1897 340 vel
1937 293 2068 354 prior
2106 292 2328 341 semicir-

27 374 31 425 l
75 359 213 407 culus
254 358 440 420 dicitur,
481 358 604 407 alter
641 358 754 406 RIP
795 360 874 409 vel
912 360 1043 409 RTP
1083 361 1351 412 ascendens
1390 362 1468 411 vel
1509 365 1766 425 posterior.
1986 360 1993 365 “

28 438 29 448 ’
206 430 344 494 Quid
366 437 435 479 est
459 433 831 480 eccentricitas?
876 432 1068 484 Graeca
1095 449 1214 485 voce
1357 486 1359 490 .
1711 462 1792 502 pig,
1816 459 1869 494 80.

27 523 31 542 ³
74 501 378 569 ἑκκεντροτης
425 510 500 553 est
549 505 682 553 linea
721 514 1011 556 connectens
1051 499 1215 557 centra

26 549 30 627 4
73 577 119 625 Α
157 575 325 624 mundi
361 573 468 641 (seu
494 580 706 641 corporis
746 580 871 628 cirea
910 580 1041 642 quod
1080 581 1214 629 ordi-

27 634 29 695 ἶ
72 655 216 697 natur
269 647 448 712 motus)
508 657 557 700 et
603 651 645 698 B
696 655 977 716 eceentrici;
1029 654 1214 703 scilicet

74 721 177 784 AB,
215 737 329 785 pars
366 721 525 773 lineae
564 723 788 787 apsidum
825 724 927 776 PR.

220 795 370 859 Quod
412 803 482 845 est
531 812 718 846 nomen
764 799 908 847 lineis
945 814 1005 848 ex
1044 805 1217 849 centro

26 887 29 918 ς
70 871 319 931 eorporis,
368 872 503 918 circa
548 871 688 934 quod
722 878 887 920 motus
922 871 1210 933 ordinatur,

25 950 28 990 Ι
70 943 128 990 in
166 942 383 991 orbitam
410 947 740 993 eecentricam
765 944 986 994 eductis?
1024 943 1210 994 Graece

26 1005 27 1060 i
72 1014 296 1064 dicuntur
350 1012 695 1081 ἀποστηματα,
747 1016 897 1067 latine
953 1017 1211 1067 intervalla

70 1102 157 1137 seu
184 1087 458 1150 distantiae,
498 1092 546 1137 in
570 1090 872 1140 versionibus
906 1091 1209 1140 arabicorum

24 1140 27 1210 f
69 1161 293 1210 dicuntur
328 1161 681 1226 longitudineS,
719 1169 775 1212 ut
812 1163 924 1226 ΑΡ,
965 1162 1066 1226 ΑΟ,
1106 1164 1209 1226 ΑΕ,

23 1241 26 1282 ῑ
69 1234 185 1296 ΑΜ,
225 1234 322 1296 AS,
364 1235 466 1297 AF,
507 1235 613 1297 AR,
654 1235 760 1296 AN,
803 1235 892 1299 AQ
933 1242 1022 1286 etc.

24 1320 25 1326 ¹
184 1307 328 1372 Quae
362 1316 484 1359 sunt
500 1311 798 1372 insiyniores
834 1325 895 1360 ex
931 1310 1006 1358 his
1042 1310 1211 1373 lonqi-

69 1380 367 1431 tudinibus?
410 1381 691 1445 Longitudo
729 1381 922 1446 longior
957 1384 1005 1430 in
1045 1383 1225 1432 arabi-1

23 1488 25 1506 ι
70 1456 163 1515 (τῖε,
214 1469 302 1503 seu
335 1454 572 1505 distantia
623 1456 820 1519 aphelia
868 1455 948 1505 vel
987 1471 1212 1520 apogaea

22 1528 26 1595 l
70 1527 171 1589 ΑΡ,
207 1527 461 1591 longitudo
500 1530 696 1578 brevior
726 1544 813 1579 seu
854 1528 1084 1578 distantia
1120 1544 1212 1593 pe-

23 1598 25 1663 !
67 1600 238 1649 rihelia
275 1606 361 1650 aut
397 1603 447 1649 in
474 1602 616 1652 Luna
651 1605 898 1667 perigaea,
926 1602 1032 1664 AR,
1073 1608 1122 1651 et
1157 1600 1412 1665 longitudo
1438 1601 1614 1662 media,
1656 1615 1782 1664 quae
1823 1606 1896 1650 est
1935 1600 2149 1650 medium
2177 1600 2332 1650 arith-

22 1711 25 1721 ,
58 1675 296 1736 ,meticum
333 1675 456 1724 inter
493 1675 764 1738 longiorem
803 1682 851 1726 et
888 1677 1189 1740 breviorem,
1245 1689 1616 1738 quarum-quae
1671 1680 1743 1723 est
1782 1676 1831 1722 in
1885 1673 2190 1724 semicirculo
2244 1673 2334 1723 de-

21 1740 25 1865 }
68 1746 331 1811 scendenti,
369 1754 490 1812 puta
518 1749 620 1812 ΑΕ,
660 1751 816 1813 prima
851 1748 1108 1813 longitudo
1136 1748 1298 1813 media
1336 1747 1525 1811 dieitur,
1568 1762 1693 1811 quae
1732 1748 1781 1795 in
1822 1748 2119 1809 ascendenti,
2161 1752 2215 1796 ut
2246 1746 2332 1808 AI,

68 1820 298 1871 secunda.
1821 1824 1827 1829 ¹

149 1971 153 1974 Β
217 1906 356 1972 Quid
384 1914 652 1971 praeterea
689 1908 938 1972 siqnificat
975 1909 1237 1972 lonyitudo
1275 1907 1478 1957 media?
1517 1907 1847 1971 Metonymice
1880 1908 2086 1955 sumitur
2122 1922 2208 1970 pro
2235 1907 2333 1956 illis

66 1976 259 2046 punctis
306 1982 521 2042 orbitae,
576 1996 704 2045 quae
743 1983 967 2030 obtinent
1003 1983 1298 2032 mediocrem
1336 1998 1366 2030 a
1405 1981 1520 2030 Sole
1561 1981 1868 2042 distantiam,
1907 1987 1962 2028 ut
2000 1980 2067 2041 E,
2106 1981 2158 2043 1,
2201 1995 2330 2044 quae

21 2045 23 2077 ³
67 2054 251 2117 seilicet
283 2054 559 2118 'quadrante
597 2069 683 2103 seu
725 2056 792 2104 90
830 2054 1065 2118 gradibus
1103 2056 1166 2104 ab
1205 2054 1458 2119 apsidibus
1498 2054 1680 2103 distant
1718 2060 1829 2102 ante
1872 2053 1949 2102 vel
1973 2053 2118 2102 retro,
2160 2052 2332 2116 Quan-

19 2120 24 2190 ἱ
69 2126 228 2192 doque
279 2129 427 2177 etiam
477 2130 681 2176 sumitur
722 2142 819 2191 ‘pro
871 2134 1054 2192 puncto
1092 2130 1247 2192 ipsius
1285 2128 1500 2190 zodiaci,
1555 2127 1685 2190 quod
1726 2127 1998 2190 quadrante
2037 2127 2178 2179 abest
2216 2134 2330 2176 ante

20 2198 22 2203 ’
67 2201 147 2265 tel
182 2208 309 2251 retro
349 2217 378 2250 a
416 2201 527 2250 loco
567 2200 771 2263 zodiaci,
813 2203 861 2248 in
901 2217 1046 2264 quem
1083 2202 1214 2251 linea
1253 2201 1479 2266 apsidum
1519 2200 1757 2264 producta
1794 2200 1979 2248 incidit.

205 2271 306 2324 Ubi
342 2274 612 2325 notandum
653 2281 702 2323 et
740 2274 1040 2334 cavendum,
1097 2275 1230 2339 quod
1268 2278 1316 2323 in
1355 2275 1485 2323 hunc
1523 2273 1727 2338 gradum
1765 2274 1978 2334 zodiaci,
2032 2275 2116 2336 qui
2167 2273 2330 2337 longi-

20 2363 22 2395 !
65 2345 183 2397 tudo
233 2347 396 2397 media
448 2347 647 2409 dicitur,
706 2363 804 2396 non
850 2349 961 2412 ipsa
1015 2350 1147 2398 linea
1186 2348 1274 2397 ΑΕ
1313 2347 1532 2411 ejusdem
1582 2348 1791 2396 nominis
1841 2346 2079 2411 producta
2130 2347 2328 2409 incidat,

0 2411 22 2487 if}
64 2418 151 2470 sed
186 2422 350 2484 potius
388 2421 474 2469 BE
514 2437 572 2471 ex
611 2428 790 2481 centr0‚
832 2421 911 2471 vel
950 2423 995 2471 ei
1031 2422 1269 2485 parallela
1311 2421 1423 2480 AM,
1463 2419 1632 2484 utpote
1679 2435 1806 2484 quae
1845 2434 1955 2469 eum
1978 2419 2067 2468 PR
2103 2420 2329 2483 apsidum

1 2490 21 2602 J<
68 2491 196 2543 linea
230 2501 388 2543 rectos
427 2494 632 2558 angulos
670 2495 895 2543 formant.
2273 2493 2278 2500 “
2359 2544 2362 2550 ⁴

19 2593 21 2599 ·
212 2566 361 2631 Quod
394 2582 582 2618 nomen
606 2575 674 2616 est
711 2567 1028 2631 differentiae
1065 2570 1200 2617 inter
1225 2566 1596 2629 lonyitudinem
1634 2580 1722 2614 seu
1754 2565 2052 2614 distantiam
2088 2566 2327 2628 mediam,

66 2640 113 2688 d
146 2654 503 2704 quamcunque
540 2641 738 2690 aliam?
788 2641 1075 2690 Differentia
1111 2641 1234 2690 haec
1271 2636 1540 2689 libratio
1579 2639 1809 2702 planetae
1850 2638 2039 2698 dicitur,
2082 2641 2198 2701 quia
2224 2644 2328 2687 tota

19 2705 21 2749 ἕ
63 2708 271 2775 libratio,
309 2721 365 2763 ut
401 2715 451 2761 in
490 2720 628 2763 motu
665 2713 877 2763 lancium
914 2714 1083 2776 librae,
1124 2714 1266 2763 tarda
1304 2718 1379 2762 est
1417 2712 1478 2760 ab
1517 2713 1684 2772 initi0‚
1725 2726 1836 2760 eum
1872 2710 2072 2774 planeta
2112 2712 2261 2761 distat
2298 2727 2329 2761 a

11 2730 16 2846 ι
65 2782 179 2843 Sole
215 2785 516 2851 longissime,
556 2794 606 2837 et
641 2791 691 2835 in
729 2788 839 2848 fine,
881 2802 990 2836 cum
1028 2788 1082 2836 fit
1120 2787 1224 2837 Soli
1264 2787 1541 2849 proximus3
1584 2785 1743 2833 velox
1768 2787 1816 2831 in
1855 2783 2034 2833 medio,

11 2871 14 2896 ³
119 2910 122 2917 ,
205 2868 260 2913 In
291 2868 537 2926 schemate,
570 2868 677 2925 quia
698 2869 774 2913 ΑΡ
801 2876 871 2915 est
901 2868 1167 2928 longissima
1189 2869 1418 2924 distantia,
1451 2867 1535 2913 AR
1555 2867 1834 2923 brevissima,
1864 2865 2166 2910 transferatur
2194 2866 2332 2923 igitur

11 2897 16 3029 il
65 2933 147 2980 AB
174 2933 219 2978 in
248 2934 416 2980 lineam
445 2934 524 2979 ΑΡ
555 2934 914 2992 extendaturque
945 2949 1002 2982 ex
1031 2939 1072 2981 A
1101 2937 1147 2981 in
1180 2937 1240 2993 G,
1272 2940 1324 2982 ut
1351 2940 1450 2980 tota
1479 2933 1660 2979 libratio
1691 2933 1737 2977 in
1768 2932 1901 2977 unica
1931 2931 2053 2977 linea
2081 2931 2159 2975 ΑΡ
2190 2930 2326 2977 veluti

26 839 28 871 -Α
25 749 36 799 -ν-

12 3042 13 3045 ,
66 2998 322 3056 quiescente
352 3003 409 3046 ob
442 3000 599 3046 oculos
630 3001 737 3057 poni
766 3002 926 3059 possit,
960 3015 1076 3058 quae
1108 3003 1194 3048 erit
1214 3001 1307 3058 PG,
1332 3000 1466 3057 dupla
1500 2998 1848 3045 eccentricitatis
1869 2999 1963 3045 BA.
2013 2997 2163 3043 Tarda
2193 2998 2331 3056 igitur

10 3077 13 3115 ἑ
66 3071 134 3112 est
160 3065 273 3113 haee
309 3067 491 3112 libratio
524 3067 643 3111 cirea
674 3067 709 3110 P
741 3073 786 3111 et
819 3066 870 3120 G,
904 3067 1083 3124 quando
1125 3068 1296 3113 scilicet
1326 3067 1510 3123 planeta
1555 3071 1625 3110 est
1663 3066 1735 3109 vel
1765 3064 1812 3108 in
1843 3064 1878 3108 P
1911 3063 1979 3108 vel
2009 3064 2056 3109 in
2087 3063 2151 3120 R,
2194 3063 2328 3109 velox

10 3125 14 3150 ³
67 3129 184 3177 circa
212 3133 277 3191 H,
310 3134 489 3190 quando
521 3133 709 3192 planeta
739 3145 820 3178 seu
852 3133 971 3179 linea
1002 3134 1088 3178 ΑΗ
1120 3139 1190 3178 est
1220 3132 1267 3176 in
1296 3132 1377 3176 ΑΕ
1408 3131 1479 3175 vel
1510 3131 1574 3175 AI
1605 3130 1837 3175 translata.

211 3209 421 3267 Dixisti,
462 3211 711 3260 circulum
752 3210 1096 3259 circumscribi
1134 3210 1325 3259 orbitae
1361 3207 1600 3256 metiendi
1638 3220 1818 3273 causo,
1859 3205 1960 3267 dic,
2002 3212 2123 3269 quot
2156 3208 2326 3256 nomi-

67 3280 216 3331 nibus
251 3284 335 3332 ille
373 3284 625 3334 conducat
651 3283 720 3331 ad
755 3283 1061 3332 metiendam
1088 3283 1218 3330 hane
1243 3281 1477 3330 orbitam.
1541 3278 1761 3341 Quatuor
1786 3280 2084 3328 nominibus:
2133 3282 2175 3328 1.
2219 3279 2326 3328 Cir-

10 3356 14 3430 j
69 3353 206 3403 culus
241 3354 323 3405 hic
362 3356 642 3407 denominat
681 3361 729 3405 et
768 3354 997 3404 discernit
1034 3369 1172 3403 arcus
1214 3354 1399 3402 orbitae
1442 3352 1702 3416 ellipticae.
1779 3350 1843 3401 Ut
1868 3351 1948 3401 PC
1983 3366 2123 3402 arcus
2149 3353 2327 3416 accipit

71 3430 120 3475 et
156 3441 330 3479 nomen
369 3435 417 3479 et
454 3429 906 3480 determinationem
946 3442 1085 3476 suam
1124 3427 1186 3475 ab
1227 3439 1340 3474 areu
1368 3424 1474 3474 PK.
1552 3427 1600 3473 2.
1642 3424 1862 3474 Circulus
1887 3424 2048 3489 prodit
2071 3440 2325 3475 mensuras

9 3494 13 3567 ζ
67 3497 379 3551 librationum
414 3501 642 3567 planetae
683 3509 730 3551 et
768 3503 838 3551 sic
876 3501 1052 3550 format
1078 3497 1408 3563 longitudines
1447 3497 1810 3548 intervallorum
1836 3497 2064 3561 planetae
2104 3506 2153 3548 et
2176 3499 2321 3547 Solis.

10 3573 13 3635 ζ
71 3566 138 3619 Ut
164 3571 248 3622 AC
275 3573 355 3623 vel
382 3574 472 3628 AO
513 3575 859 3626 determinatur
898 3588 1011 3623 areu
1037 3571 1129 3620 PK
1155 3586 1241 3620 seu
1282 3571 1387 3633 ejus
1428 3569 1780 3635 complemento
1806 3571 1919 3634 KD,
1960 3574 2076 3636 quia
2115 3573 2157 3620 is
2184 3571 2325 3620 docet

10 3682 12 3710 ζ
73 3646 393 3704 quantitatem
429 3647 703 3698 librationis
731 3646 825 3696 ΗΟ
856 3644 1133 3696 addendam
1171 3643 1232 3692 ad
1273 3643 1683 3695 semidiametrum
1709 3643 1822 3697 AH.
1900 3647 1947 3695 3.
1989 3644 2208 3694 Circulus
2236 3659 2323 3693 ex-

10 3725 13 3762 t
72 3713 207 3764 hibet
243 3719 389 3767 etiam
424 3735 700 3771 mensuram
735 3721 980 3783 temporis,
1022 3716 1153 3780 quod
1196 3716 1395 3780 planeta
1433 3720 1675 3768 consumit
1713 3720 1760 3766 in
1807 3718 2026 3782 quolibet
2063 3732 2178 3766 arcu
2204 3731 2323 3766 suae

9 3791 16 3852 ζ
73 3786 258 3838 orbitae
295 3790 552 3855 elliptieae.
627 3792 695 3844 Ut
731 3808 819 3856 per
857 3806 1021 3842 arcum
1059 3790 1151 3839 PK
1190 3789 1445 3853 discimus,
1497 3791 1727 3855 quamdiu
1765 3792 1964 3856 planeta
2013 3795 2236 3839 movetur
2274 3791 2322 3836 in

9 3863 12 3877 ·
71 3856 154 3907 ΡΟ
202 3874 330 3911 areu.
406 3867 454 3913 4.
503 3866 596 3915 His
647 3866 859 3916 inventis
908 3868 1073 3927 potest
1124 3864 1271 3914 etiam
1316 3863 1537 3928 indagari
1584 3864 1794 3930 angulus
1833 3865 1897 3916 ad
1933 3863 2126 3925 Solem,
2179 3876 2323 3925 quem

156 3956 316 4001 Kopleri
337 3959 473 4005 opera.
518 3963 587 3999 VI.
651 3975 659 3986 ¹
1907 3953 1974 3999 27
