2554 4140
755 156 989 214 Excerpta
1017 168 1075 202 ex
1105 157 1292 204 Tabulis
1313 158 1629 218 Rudolphinis.
1980 215 1991 219 ,
2212 165 2313 218 565

63 302 323 360 celeriores„
367 313 502 360 quam
530 300 577 345 in
619 301 852 369 oppositis.
915 302 1215 349 Statuendum
1243 304 1397 360 itaque
1434 304 1538 360 fuit,
1584 282 1776 352 circulos
1807 319 1962 352 eorum
1993 307 2116 354 aliud
2149 307 2319 355 habere

60 374 277 431 centrum,
309 372 360 413 ut
389 367 430 424 si
458 366 488 411 S
520 366 579 410 sit
605 366 763 411 mundi
792 372 1010 423 centrum,
1045 370 1078 414 C
1107 382 1213 414 vero
1246 370 1500 416 eccentrici.
1562 371 1689 417 Tunc
1721 386 1807 430 ope
1836 375 2114 430 geometriae
2142 387 2199 420 ex
2226 389 2320 421 mo·

63 435 168 481 dulo
198 434 422 479 tarditatis
452 432 713 489 apparentis
741 432 956 491 indagata
984 435 1072 479 fuit
1101 437 1331 492 quantitas
1359 435 1506 480 lineae
1529 437 1608 492 CS,
1639 442 1815 483 retento
1838 439 1933 485 scil.
1958 444 2084 485 motu
2114 439 2324 497 planetae

59 515 143 559 per
172 513 222 544 se
253 498 630 556 aequabilissimo,
668 503 761 542 tam
790 500 838 543 in
867 500 909 544 A
940 513 1163 557 apogaeo,
1203 514 1338 558 quam
1379 500 1427 545 in
1455 501 1492 545 P
1523 501 1748 558 perigaeo,
1786 509 1831 547 et
1860 504 1991 548 ‘omni
2021 504 2155 562 culpa
2182 511 2324 550 retar-

62 565 255 612 dationis
284 565 331 608 in
362 563 674 620 deceptionem
703 564 825 609 visus
857 571 902 610 et
930 566 1263 622 elongationem
1289 566 1447 622 puncti
1475 566 1517 610 A
1548 567 1605 610 ab
1638 566 1667 611 S
1701 567 1876 624 collata,
1909 568 2246 615 accelerationis
2276 571 2324 615 in

61 631 545 690 appropinquationem
575 630 731 686 puncti
746 631 796 674 P.
828 630 1021 676 Duravit
1049 630 1163 674 haec
1192 630 1457 688 hypothesis
1493 632 1539 676 in
1568 627 1766 677 motibus
1788 633 1905 679 Solis
1939 634 2168 682 salvandis
2200 639 2322 695 apud

58 706 233 745 ceteros
264 697 322 742 ad
351 701 506 741 nostra
537 709 680 753 usque
710 698 937 753 tempora,
970 697 1016 740 in
1046 696 1241 753 planetis
1271 709 1377 741 vero
1416 696 1512 752 ,iam
1543 695 1712 741 dudum
1742 697 1840 753 ipse
1871 698 2004 743 etiam
2034 700 2322 749 Ptolemaeus

65 765 128 810 ab
153 762 476 820 aequabilitate
502 770 654 806 motus
688 763 889 807 descivit.
948 762 1277 807 Animadvertit
1306 763 1437 820 enim,
1471 763 1509 806 si
1539 776 1595 807 ex
1617 762 1847 807 celeritate
1869 768 1914 808 et
1942 766 2155 811 tarditate
2185 761 2322 826 appa·

59 830 177 875 renti
221 828 519 885 quantitatem
557 826 703 872 lineae
751 829 816 873 CS
859 828 1176 884 constitueret,
1227 841 1319 872 non
1357 829 1630 885 respondere
1676 828 2010 884 magnitudines
2051 841 2321 888 apparentes

62 895 378 953 epicyclorum,
412 907 527 950 quos
559 893 815 939 circumfert
845 894 1136 950 eccentricus,
1169 894 1336 939 centris
1367 894 1460 938 suis
1494 894 1830 950 apprehensos:
1863 895 1912 938 hi
1944 895 2061 939 enim
2092 896 2322 943 dimidium

62 962 222 1007 saltem
261 960 518 1005 efficiebant
562 959 681 1017 ejus,
725 960 846 1015 quod
876 964 1093 1015 tempora.
1154 959 1216 1004 Ut
1245 958 1304 1014 si,
1355 959 1574 1009 consultis
1605 958 1991 1015 magnitudinibus
2023 962 2323 1019 epicyclorum

0 1071 4 1073 .
58 1026 397 1084 apparentibuS,
414 1025 668 1070 -eliceretur
686 1024 992 1080 eccentricitas
1015 1025 1105 1080 SC,
1127 1023 1367 1080 prolixitas
1385 1024 1616 1081 temporis,
1649 1038 1737 1081 quo
1755 1025 2045 1071 morabantur
2065 1028 2096 1085 ii
2116 1029 2163 1073 in
2194 1029 2324 1072 semi-

0 1084 10 1106 ''
59 1091 226 1137 circulo
259 1090 513 1147 superiore,
559 1089 725 1134 collata
755 1089 809 1133 ad
839 1089 1103 1134 brevitatem
1135 1090 1183 1133 in
1223 1087 1459 1146 inferiore,
1510 1089 1735 1134 efficiebat
1775 1092 2156 1137 eccentricitatem
2187 1092 2324 1148 plane

0 1153 7 1204 ’,
57 1157 239 1215 duplam
269 1157 355 1210 SQ.
414 1156 513 1200 Hac
543 1154 845 1212 repugnantia
873 1159 1023 1198 motus
1054 1153 1341 1198 Ptolemaeus
1384 1154 1571 1200 retinuit
1619 1154 1799 1211 quidem
1832 1161 1988 1201 centra
2018 1157 2322 1216 epicyclorum

58 1226 103 1270 in
132 1222 335 1280 perfecto
369 1221 537 1267 circulo
569 1220 831 1274 eccentrico‚
865 1220 1212 1266 eccentricitatis
1245 1220 1461 1277 simplicis
1492 1221 1572 1274 SC,
1605 1220 1685 1266 sed
1716 1225 1887 1265 motum
1917 1222 2052 1279 hujus
2085 1224 2325 1270 eccentrici
2372 1216 2388 1220 ”

55 1289 195 1336 totius
227 1288 341 1332 dixit
356 1288 607 1344 regularem
629 1288 871 1332 essecirca
891 1300 981 1331 non
1005 1301 1135 1331 suum
1158 1292 1361 1332 centrum
1383 1289 1429 1344 C,
1454 1288 1535 1332 sed
1557 1287 1675 1334 circa
1697 1288 1893 1332 alienum
1916 1282 1969 1344 Q,
2001 1290 2123 1345 quod
2143 1291 2322 1346 aequali

7 1407 22 1414 ..
56 1355 205 1413 spatio
236 1367 338 1398 cum
368 1359 523 1397 centro
554 1351 710 1397 mundi
742 1353 772 1399 S
803 1352 1037 1398 recederet
1067 1365 1094 1396 a
1125 1357 1279 1398 centro
1314 1354 1346 1398 G
1378 1353 1424 1397 in
1454 1358 1608 1410 partes
1640 1353 1886 1410 oppositas.
1947 1353 2107 1410 Itaque
2138 1355 2322 1412 planeta

60 1422 158 1478 (seu
188 1420 286 1477 ejus
319 1420 536 1477 epicyclo)
567 1432 648 1473 per
677 1419 717 1463 A
747 1418 998 1475 incedente,
1043 1422 1168 1463 totus
1200 1419 1478 1473 eccentricus
1512 1418 1717 1463 omnibus
1749 1418 1820 1463 sui
1849 1419 2054 1475 partibus
2083 1420 2323 1467 incedebat

14 1487 198 1542 ⁴-lente;
243 1484 321 1539 illo
361 1485 409 1529 in
437 1485 474 1529 P
507 1483 829 1542 descendente,
875 1483 961 1529 iste
1007 1497 1188 1529 rursum
1228 1488 1352 1546 totus
1398 1485 1605 1529 omnibus
1650 1485 1720 1530 sui
1760 1485 1965 1542 partibus
2011 1487 2321 1535 velocissimus

8 1569 15 1577 ·
58 1553 211 1599 fiebat.
522 1574 525 1575 ⁷
945 1560 949 1572 ‘
1146 1563 1147 1568 ’
1255 1592 1265 1596 ,
2068 1547 2077 1561 ’”

12 1628 32 1642 ⁴·
228 1616 367 1674 Atqui
397 1616 572 1662 facinus
612 1616 845 1672 indignum
878 1616 1122 1670 Copernico
1165 1615 1308 1660 visum
1351 1623 1437 1674 est,
1482 1621 1660 1663 tantum
1702 1617 1916 1675 probrum
1956 1617 2004 1662 in
2033 1618 2322 1674 purissimam

14 1684 21 1698 ¹
52 1683 357 1732 'substantiam
386 1683 523 1740 inque
552 1689 750 1728 motores
790 1688 980 1727 naturae
1019 1681 1378 1738 simplicissimae
1418 1682 1653 1738 conjicere.
1716 1683 1828 1728 Cum
1868 1694 1975 1742 ergo
2007 1683 2322 1744 didicisset'ex

14 1790 20 1809 ³
56 1750 348 1804 Ptolemaeo,
398 1749 648 1794 eccentrico
670 1747 872 1805 ‘simplici
902 1748 1031 1805 paria
1060 1747 1211 1792 facere
1243 1747 1577 1792 concentricum
1622 1760 1724 1793 cum
1762 1749 1936 1806 epicylo
1974 1749 2094 1795 illius
2135 1751 2322 1796 circum-

31 1815 278 1862 .ferentiae
309 1814 471 1871 affixo,
517 1820 720 1859 motuum
751 1814 1007 1871 aequalium
1039 1818 1085 1858 et
1115 1813 1416 1858 constantium
1459 1814 1506 1858 in
1548 1814 1705 1871 plagas
1751 1814 2021 1860 contrarias:
2057 1814 2153 1871 jam
2185 1817 2321 1862 etiam

18 1881 377 1928 &Ptolemaicum
407 1881 530 1926 hunc
561 1881 880 1933 eccentricum‚
925 1883 1073 1923 motus
1118 1878 1439 1935 inconstantis,
1484 1878 1689 1923 dissolvit
1727 1878 1774 1923 in
1805 1894 1944 1925 unum
1984 1883 2318 1937 concentricum

56 1954 102 1995 et
130 1949 242 1994 duos
274 1947 518 2005 epieycIOS‚
560 1954 612 1991 ut
641 1948 787 2003 maj0r
817 1946 1035 1990 minorem
1065 1948 1282 2001 gestaret,
1330 1944 1448 1989 sicut
1477 1949 1718 2001 utrumque
1749 1947 1961 2001 gestabat
1992 1952 2322 1999 concentri⁴cus3

24 2016 25 2020 ’
55 2014 200 2062 minor
230 2015 365 2059 etiam
396 2014 534 2070 duplo
568 2013 756 2058 celerior
797 2018 918 2057 esset
946 2011 1138 2068 majore,
1170 2011 1398 2055 constanti
1425 2015 1552 2054 motu
1583 2016 1790 2067 uterque.
1854 2012 1927 2057 Sic
1957 2013 2174 2069 probrum
2204 2013 2318 2059 illud

24 2082 25 2085 ’
61 2078 336 2136 Cop'ernicus
367 2092 394 2123 a
425 2078 604 2124 circulis
636 2079 815 2135 quidem
846 2077 1051 2133 sustulit,
1097 2077 1142 2120 in
1183 2076 1391 2132 planetas
1437 2077 1541 2121 vero
1581 2076 1709 2135 ipsos
1745 2076 1987 2134 probrum,
2032 2079 2070 2123 si
2099 2079 2164 2124 ita
2193 2080 2319 2139 libet,
2393 2128 2402 2142 ,

0 2183 6 2194 .
55 2145 249 2203 conjecit
278 2145 413 2190 aliud.
472 2146 589 2189 Nam
619 2144 907 2189 Ptolemaeus
939 2142 1120 2199 quidem
1160 2141 1246 2185 iter
1275 2141 1537 2197 planetarii
1564 2141 1754 2200 epicycli
1797 2147 1952 2188 centro
1991 2144 2171 2200 reliquit
2202 2146 2320 2192 ordi-

12 2228 21 2235 ·
53 2217 209 2257 natum
238 2212 285 2255 in
315 2209 498 2264 circulo,
530 2211 804 2267 Copernicus
837 2223 943 2255 vero
974 2210 1063 2263 iter
1091 2208 1301 2265 planetae
1331 2208 1475 2264 ipsius
1497 2221 1580 2264 per
1599 2214 1668 2252 tot
1690 2209 1882 2254 circulos
1912 2210 1959 2255 in
1980 2210 2147 2255 multos
2169 2209 2317 2256 flexus

56 2277 315 2335 distorquet.
374 2275 602 2321 Effectum
631 2275 770 2333 igitur
799 2273 1122 2319 Ptolemaicum
1152 2287 1244 2318 non
1288 2279 1513 2331 praestat,
1565 2274 1622 2318 ab
1670 2274 1918 2319 observatis
1965 2275 2138 2320 recedit
2174 2276 2317 2321 multo

53 2344 207 2400 magis,
270 2341 439 2400 Tycho,
473 2341 594 2397 quod
625 2341 708 2386 has
739 2341 1040 2398 particulares
1072 2339 1235 2384 attinet
1263 2340 1554 2397 hypotheses,
1587 2340 1634 2384 in
1666 2340 1904 2398 Copernici
1937 2341 2177 2399 sententia,
2212 2340 2320 2386 dum

52 2406 207 2454 Lunae
238 2407 334 2452 vias
356 2405 597 2463 panderet,
630 2407 807 2463 mansit,
855 2406 962 2462 quid
993 2405 1039 2450 in
1069 2405 1262 2462 planetis
1294 2406 1456 2451 ceteris
1500 2405 1903 2466 facturusessets
1923 2407 2162 2451 immaturo
2195 2406 2322 2452 obitu

54 2472 230 2530 reliquit
258 2473 493 2517 incertum.
553 2471 635 2516 De>
655 2471 774 2516 Solis
805 2470 983 2527 quidem
1015 2471 1266 2516 eccentrico
1295 2472 1513 2530 simplici,
1564 2486 1666 2517 cum
1695 2472 1890 2527 videret,
1931 2473 2060 2517 illum
2090 2485 2181 2518 non
2210 2473 2320 2519 tole-

54 2538 144 2584 rari
186 2538 243 2583 ab
299 2536 688 2597 observationibus
740 2537 1025 2594 planetarum
1079 2542 1353 2594 ceterorum,
1402 2537 1648 2583 desciscere
1692 2538 1862 2595 ultimis
1903 2538 2180 2595 temporibus
2221 2551 2321 2583 coe-

53 2601 123 2662 pit
158 2616 349 2660 eumque
393 2614 547 2659 parem
589 2602 750 2648 ceteris
793 2602 987 2659 planetis
1041 2603 1287 2661 concessit,
1338 2615 1608 2660 quacunque
1655 2617 1708 2648 ea
1762 2617 1833 2649 res
1880 2603 2150 2660 explicanda
2198 2608 2320 2650 esset

57 2667 307 2727 hypothesi.

225 2748 427 2807 Apparet
453 2749 561 2806 jam,
594 2763 708 2806 quos
739 2742 948 2803 circulos,
981 2761 1094 2805 quos
1126 2748 1260 2793 orbes
1291 2748 1591 2794 introduxerit
1623 2749 1828 2806 quisque,
1863 2763 1976 2806 quos
2008 2748 2189 2806 quidem
2220 2762 2318 2794 suc·
2393 2776 2396 2778 -

58 2825 256 2860 cessores
288 2814 463 2859 Arabes
495 2827 642 2870 exque
671 2814 727 2859 iis
760 2812 1021 2858 Gerhardus
1055 2814 1384 2871 Cremonensis,
1429 2827 1485 2858 ex
1516 2814 1604 2859 isto
1637 2814 1931 2869 Purbachius;
1964 2815 2099 2859 etiam
2129 2816 2318 2862 materia

57 2879 300 2924 vestierunt
330 2886 409 2925 aut
438 2881 731 2937 inferserunt,
765 2893 849 2924 sua
880 2880 1039 2941 cuique
1071 2880 1376 2937 spissitudine,
1395 2872 1459 2925 'ut
1480 2879 1724 2936 appellant,
1759 2881 2000 2938 assignata,
2032 2885 2142 2936 puto
2174 2883 2318 2929 revol-

61 2943 214 2990 ventes
241 2944 341 2990 illos
371 2945 629 2990 Aristotelis
661 2950 706 2990 et
737 2946 875 3002 hujus
906 2945 951 2989 in
982 2946 1370 2991 comminiscendis
1404 2946 1587 2990 orbibus
1621 2946 1855 2991 audaciam
1886 2947 2082 2991 imitatos
2115 2959 2228 2993 esse.

107 3012 121 3015 ”
229 3009 390 3055 Restat
426 3011 586 3067 igitur,
626 3014 679 3054 ut
721 3010 777 3054 de
820 3010 931 3055 meis
971 3011 1301 3068 hypothesibus
1347 3011 1737 3068 (particularibus)
1784 3011 1943 3055 harum
1989 3012 2131 3058 Tabb.
2171 3012 2316 3072 agam.

60 3069 247 3120 Retineo
277 3088 382 3132 ergo
411 3075 607 3120 reditum
638 3075 850 3132 planetae
880 3075 927 3120 in
959 3076 1113 3121 eadem
1141 3077 1341 3134 vestigia,
1376 3076 1455 3121 sed
1486 3090 1614 3132 nego,
1642 3076 1687 3120 id
1718 3076 1815 3120 fieri
1836 3090 1917 3133 per
1936 3079 2235 3124 vectationem
2264 3081 2319 3127 in

61 3139 206 3199 aliquo
236 3143 439 3199 perfecto
474 3141 655 3187 circulo.
715 3142 1103 3199 Quemadmodum
1138 3142 1256 3188 enim
1295 3143 1708 3187 concentricitatem
1731 3140 1904 3200 orbitae
1926 3146 2113 3200 veteres,
2146 3157 2311 3202 aequa-

57 3205 275 3255 bilitatem
306 3215 455 3253 motus
486 3207 788 3263 Ptolemaeus,
821 3208 887 3252 sic
919 3220 1001 3263 ego
1033 3222 1134 3253 eum
1163 3213 1405 3264 utrumque
1435 3208 1627 3264 illorum,
1660 3212 1756 3251 tum
1787 3218 1892 3250 vero
1913 3212 2106 3252 maxime
2126 3208 2316 3265 figuram

63 3267 205 3318 notus
235 3273 497 3318 circularem
528 3271 848 3316 Ptolemaicam
878 3271 1047 3327 rejicio.
1106 3273 1221 3317 Nam
1253 3275 1320 3327 (ut
1350 3285 1402 3316 ea
1432 3272 1641 3330 pandam,
1689 3283 1892 3329 quae'ex
1923 3274 2314 3322 observationibus

63 3335 109 3382 in
136 3338 316 3394 planeta
346 3338 493 3382 Marte
522 3337 689 3382 habitis
722 3337 1030 3382 demonstrata
1069 3338 1188 3393 sunt)
1229 3338 1313 3382 etsi
1343 3338 1526 3394 planeta
1569 3339 1652 3382 iter
1694 3352 1822 3384 suum
1868 3338 2025 3397 incipit
2054 3342 2110 3387 ab
2141 3343 2180 3386 A
2211 3356 2312 3399 per-

63 3403 269 3460 venitque
296 3403 344 3448 in
374 3404 424 3461 P,
458 3416 548 3447 non
577 3408 727 3447 tamen
757 3402 919 3446 transit
949 3415 1030 3458 per
1059 3408 1227 3458 puncta
1259 3403 1431 3461 G,B,K,
1465 3403 1545 3448 sed
1575 3404 1717 3450 flectit
1747 3404 2003 3462 introrsum,
2036 3405 2310 3453 descendens

62 3477 143 3524 per
165 3467 332 3526 F,H,L,
363 3467 553 3524 vestigia
584 3468 817 3526 ellipseos:
861 3469 981 3523 quod
1024 3468 1140 3512 idem
1183 3469 1315 3514 etiam
1346 3471 1392 3514 in
1424 3483 1614 3516 ascensu
1644 3471 1696 3515 fit
1726 3483 1808 3528 per
1839 3472 2168 3519 semicirculum
2199 3475 2310 3520 alte-

62 3544 172 3580 rum.
200 3591 202 3594 y
230 3536 339 3581 Cum
368 3537 504 3593 igitur
533 3536 780 3581 Ptolemaei
812 3535 1006 3581 circulus
1037 3536 1264 3593 perfectus
1296 3537 1413 3581 AGP
1446 3539 1591 3583 locum
1633 3551 1723 3582 non
1753 3537 1928 3592 habeat,
1962 3538 2198 3596 Copernici
2229 3542 2307 3586 fle-

62 3611 230 3646 xuosus
257 3602 400 3646 multo
431 3603 579 3648 minus
610 3602 891 3658 tolerabitur,
924 3609 974 3647 ut
995 3604 1070 3660 qui
1090 3616 1113 3646 e
1145 3604 1371 3648 contrario
1404 3603 1627 3661 planetam
1659 3604 1714 3649 ab
1737 3605 1765 3649 S
1797 3603 1917 3650 ultra
1947 3604 2101 3662 B‚G,K
2141 3609 2309 3665 passim

66 3673 250 3725 emovet,
280 3675 449 3713 motum
481 3670 580 3725 ejus
614 3669 910 3725 compositum
933 3674 1135 3725 praestat
1158 3667 1310 3713 buccis
1333 3668 1588 3714 deformem.
1651 3670 1697 3715 Si
1728 3684 1934 3729 quaeraS,
1966 3685 2022 3716 an
2045 3685 2137 3716 non
2169 3673 2304 3717 etiam

0 3789 2 3795 ³
71 3742 152 3788 per
180 3735 547 3792 compositionem
578 3735 776 3791 aliquam
798 3733 1062 3779 circulorum
1087 3733 1245 3779 confici
1276 3736 1419 3791 possit
1442 3735 1588 3781 orbita
1607 3735 1816 3794 planetae
1838 3737 2067 3794 elliptica‘?
2100 3737 2302 3795 Omnino,

0 3849 2 3862 ³
66 3794 255 3854 inquam,
288 3800 364 3856 qui
394 3800 479 3845 hoc
509 3806 726 3857 tentaret,
777 3799 883 3855 fuit,
932 3799 1035 3843 ‹lum
1067 3798 1110 3842 in
1143 3798 1251 3843 vivis
1282 3798 1387 3855 fuit,
1439 3800 1634 3847 Davides
1666 3802 1912 3860 Fabricius,
1955 3803 2296 3849 mathematicus

65 3856 256 3918 Frisios,
300 3877 483 3923 remque
514 3866 840 3924 quadamtenus
889 3870 958 3910 est
999 3869 1254 3919 assecutus,
1300 3871 1522 3924 apparatu
1565 3881 1674 3919 usus
1705 3868 2002 3930 Ptolemaico,
2042 3874 2165 3916 motu
2205 3870 2301 3920 scil.
