2554 4140
831 144 969 189 Liber
1001 143 1214 200 Quartus.
1273 143 1385 188 Pars
1416 142 1579 197 Prima.
2224 146 2326 197 335

84 295 309 358 palorum
346 296 596 344 tertiorum
634 307 720 341 seu
758 294 1139 342 sexcentesimae
1167 291 1224 340 de
1250 305 1347 340 uno
1373 290 1600 348 scrupulo
1624 293 1796 354 primo,
1838 293 2071 342 emetiens
2097 292 2329 355 circulum

84 383 311 431 magnum
355 368 489 415 1296
530 366 831 429 myriadibus
872 368 1075 427 vicium3
1125 379 1213 414 seu
1262 365 1547 426 apparentia
1586 363 1715 412 Solis
1767 365 1984 414 diametri
2038 368 2160 414 inter
2208 364 2328 414 fixas

78 447 155 489 est
189 438 427 503 particula
466 439 742 487 octodecies
781 438 1040 487 millesima
1078 452 1196 486 suae
1234 437 1549 500 apparentiae
1589 437 1637 483 in
1676 436 1853 486 Terris.

227 511 463 575 Quantae
510 514 727 559 vicissim
779 518 1033 574 apparent
1078 510 1212 573 fixae
1261 524 1321 558 ex
1375 507 1611 556 Tellure?
1671 508 1832 557 Periti·
1874 510 2081 559 artifices
2129 515 2327 572 negant,

78 584 228 632 ullam
277 586 596 645 quantitatem
645 583 797 632 veluti
847 583 1040 631 rotundi
1082 584 1295 646 corporis
1334 580 1494 643 detegi
1533 595 1619 643 per
1657 581 2006 643 inspectionem
2045 582 2327 645 telescopii;
2411 575 2419 656 ξ

80 658 193 718 quin
241 659 431 718 potine,
484 671 581 718 quo
631 656 891 719 perfectius
942 658 1346 715 instrumentum‚'
1386 653 1480 701 hoc
1527 654 1684 714 magis
1729 654 1850 703 fixas
1889 657 2331 716 repraesentari'ut
2413 671 2417 711 ε

77 734 258 791 puncta
303 743 458 786 mera,
513 744 572 778 ex
622 729 800 792 quibus
849 728 972 776 radii
1018 727 1166 776 lucidi
1218 730 1267 775 in
1319 728 1531 789 speciem
1585 727 1787 775 crinium
1827 718 2005 776 ereant
2043 727 2330 790 dispergan-
2415 726 2427 775 'i

78 807 267 864 turq'ue.

79 946 165 995 Sol
202 949 419 994 vicissim
457 948 590 994 inter
624 946 753 1009 sia-as
790 946 993 994 videtur
1030 950 1203 992 tantus
1241 951 1286 992 et
1323 945 1440 993 talis
1479 946 1829 1008 appariturae,
1872 951 2071 1007 quanta
2094 950 2140 992 et
2166 946 2332 1007 qualis

77 1019 438 1081 unaquaelibet
486 1019 727 1081 fimorum.
804 1018 914 1067 Non
956 1019 1207 1067 existimo:
1259 1016 1380 1064 nihil
1418 1020 1546 1065 enim
1584 1017 1853 1080 impediunt
1891 1017 2012 1067 haec
2052 1018 2328 1078 observata,

77 1090 243 1140 Solem
282 1106 389 1140 esse
426 1092 611 1154 majore
650 1090 776 1139 mole
817 1092 1047 1153 corporiS,
1087 1103 1234 1152 qnam
1273 1095 1387 1138 sunt
1424 1089 1567 1139 fixae.
1631 1090 1892 1140 Praeterea
1930 1097 1979 1139 et
2005 1089 2178 1140 clarior
2203 1096 2332 1139 esset

78 1170 365 1227 conspectus
417 1163 546 1213 Solis
597 1179 656 1212 ex
704 1169 842 1212 tanto
889 1161 1147 1212 intervallo
1211 1162 1318 1210 fixis
1369 1163 1756 1226 quibuscunque.
1849 1163 1973 1212 Nam
2021 1165 2063 1212 si
2111 1163 2191 1212 vel
2240 1178 2332 1212 acu

75 1238 233 1286 solum
270 1238 487 1300 perfores
523 1238 782 1299 parietem,
839 1243 892 1285 ut
928 1251 1015 1299 per
1052 1235 1271 1283 foramen
1307 1234 1395 1284 Sol
1434 1236 1665 1285 irradiare
1703 1238 1886 1299 possit,
1941 1236 2137 1285 claritas
2175 1251 2233 1284 ex
2273 1251 2333 1285 ea

21 1343 30 1350 ι
77 1310 346 1359 radiatione
396 1310 552 1372 major
604 1308 913 1370 diffunditur,
967 1321 1113 1371 quam
1163 1321 1329 1356 omnes
1381 1310 1577 1356 omnino
1618 1308 1744 1359 fixae
1783 1311 1874 1358 sub
1914 1309 1993 1358 dio
2035 1309 2332 1358 collucentes

75 1382 272 1432 faciunt.
347 1383 451 1432 Nec
489 1382 697 1430 laeditur
737 1381 907 1430 oculus
945 1384 1008 1430 ab
1047 1380 1148 1429 ulla
1186 1380 1418 1444 fixarum,
1459 1388 1510 1431 at
1546 1374 1676 1430 Solis
1716 1389 1967 1446 aspectum
2007 1397 2103 1432 non
2139 1382 2331 1444 tolerat,

73 1471 133 1505 nc
173 1458 361 1505 eminus
400 1455 597 1518 quidem
637 1457 1129 1519 appropinquantem.

231 873 443 921 Videtur
479 875 639 935 iyitur
673 873 1036 936 unaquaelibet
1069 873 1294 934 fixarum
1333 872 1433 919 tale
1470 886 1652 933 corpus
1690 886 1812 932 esse,
1853 873 2004 934 quale
2042 871 2129 920 Sol
2165 878 2246 933 est,
2285 879 2331 920 et
2430 844 2436 854 ἵ
2542 872 2554 881 ”
