2554 4140
862 141 1000 189 Liber
1030 141 1212 190 Sextus,
1270 142 1383 188 Pars
1414 142 1598 201 Quarta.
2253 147 2358 194 477

100 294 151 341 in
189 291 368 355 copula
405 290 493 338 36‘
535 291 617 351 δ”,
658 305 908 354 apogaeus
947 293 997 340 in
1036 291 1224 356 quadra
1263 294 1351 341 27’
1390 292 1474 353 8”,
1529 305 1653 355 quos
1704 291 1830 340 inter
1878 290 2095 356 praecise
2135 293 2209 339 est
2253 288 2362 339 dia-

41 382 47 394 ·
99 371 319 414 tessaron
346 377 434 413 seu
470 365 719 426 proportio
762 365 791 412 3
816 381 827 412 ε
848 367 897 413 4.
952 365 1034 414 Sic
1073 380 1323 431 apogaeus
1350 364 1522 414 Lunae
1561 380 1591 414 a
1626 364 1742 414 Sole
1777 365 1824 412 in
1853 362 2031 427 copula
2053 363 2108 412 fit
2133 364 2222 412 27’
2265 361 2366 410 14”

99 439 357 503 p'erigaeus
395 437 444 482 in
483 434 670 499 quadra
710 438 798 485 32¹
837 440 958 500 44“,
1000 453 1124 501 quos
1165 441 1288 488 inter
1327 444 1401 487 est
1438 439 1655 502 praecise
1693 439 1838 486 tertia
1874 435 2067 499 mollis,
2119 450 2208 486 seu
2244 449 2364 500 pro-

99 512 257 576 portio
300 510 446 572 5:63
499 511 570 557 sic
609 511 756 558 etiam
794 511 917 560 inter
953 527 1073 574 pure
1113 510 1368 576 copulares
1407 516 1481 560 est
1519 510 1847 570 diatessaron,
1901 512 2026 558 inter
2075 524 2195 573 pure
2235 523 2364 573 qua-

101 583 287 633 drarios
339 587 414 631 est
461 581 656 631 ditonus
707 585 890 646 minor,
943 585 1213 634 differentia
1260 583 1545 649 copularum
1596 599 1626 632 a
1677 582 1876 646 quadris
1929 582 2014 631 dat
2060 587 2230 632 tonum
2267 584 2365 632 mi-

101 670 504 792 noremQuomodo
540 729 660 775 sciri
693 675 865 790 potu-it
900 730 1049 778 valor
1085 731 1345 779 maaeimae
1384 730 1688 777 variationis
1724 729 1781 776 in
1818 727 1989 791 9radu
2025 729 2108 790 45,
2149 727 2289 791 quod
2323 729 2366 776 is

101 803 165 850 sit
199 802 287 849 40‘
324 801 430 848 30u
467 801 546 848 vel
583 801 699 848 51‘?
755 801 926 865 Tycho
965 816 1107 850 suam
1145 804 1467 866 quantitatem
1500 803 1588 850 40¹
1627 801 1733 849 30“
1773 799 1973 849 deduxit
2011 815 2069 849 ex
2110 814 2367 864 compara-

34 877 37 879 ’
104 875 238 923 tione
276 873 647 922 observatorum
685 873 857 923 Lunae
896 874 1116 923 locorum
1154 877 1203 922 in
1243 875 1521 924 octantibus
1560 888 1670 923 cum
1707 874 1766 921 iis
1805 873 1975 937 Lunae
2012 873 2132 922 locis
2172 874 2235 922 ad
2274 874 2367 923 ob-

23 1003 25 1008 ,
107 948 437 996 servationum
476 954 750 1007 momenta,
791 949 874 1010 qui
915 963 973 996 ex
1011 947 1310 1013 praescripto
1350 948 1553 997 duarum
1592 948 1807 1012 priorum
1845 947 2192 1009 aequationum
2231 960 2368 996 com-

101 1020 411 1084 putabantur.
485 1019 611 1069 Nam
652 1021 936 1081 differentia,
978 1035 1105 1084 quae
1142 1023 1267 1070 iuter
1304 1020 1395 1070 bos
1434 1028 1482 1070 et
1519 1019 1630 1070 illos
1669 1019 2038 1080 inveniebatur,
2079 1020 2367 1070 variationis

102 1093 194 1142 boc
241 1106 418 1141 nomen
466 1100 539 1141 est
589 1094 783 1156 adepta.
859 1094 965 1142 Etsi
991 1099 1127 1143 ‘vero
1182 1095 1549 1143 observationes
1598 1107 1695 1142 non
1736 1106 1901 1142 omnes
1954 1090 2159 1142 eandem
2199 1094 2366 1142 varia-

102 1167 247 1216 tionis
301 1165 632 1229 deprehensae
681 1167 1003 1229 quantitatem
1053 1166 1394 1230 prodiderunt,
1445 1166 1533 1216 sed
1586 1166 1840 1215 dissentire
1895 1165 1957 1215 ab
1996 1166 2208 1215 invicem
2254 1170 2369 1214 sunt

104 1238 431 1303 deprehensae
480 1253 635 1302 usque
675 1240 738 1288 ad
783 1240 847 1288 10
886 1242 1098 1301 minuta,
1149 1240 1371 1289 Braheus
1404 1245 1582 1289 tamen
1622 1242 1811 1288 censuit
1846 1239 1940 1288 sibi
1991 1238 2128 1288 illam
2169 1240 2369 1302 quanti-

103 1318 252 1362 tatem
303 1326 410 1361 esse
458 1313 785 1375 retinendam,
850 1328 978 1418 quae
1029 1313 1191 1363 media
1244 1319 1374 1363 esset
1428 1315 1551 1363 inter
1605 1312 1980 1375 dissentientes3
2043 1317 2147 1362 erat
2205 1319 2369 1362 autem

105 1387 190 1435 40!
228 1387 349 1434 3011

245 1459 312 1507 At
351 1460 598 1522 quantitas
638 1459 793 1509 altera
835 1462 921 1508 51‘
959 1459 1083 1509 libro
1123 1459 1211 1508 IV.
1254 1458 1334 1507 sol.
1378 1460 1497 1510 367
1538 1464 1586 1508 et
1625 1460 1746 1508 390.
1784 1459 1876 1507 fuit
1926 1457 2136 1507 deducta
2182 1473 2213 1507 a
2249 1472 2368 1522 pro-

104 1515 256 1582 babili
295 1531 538 1617 dogmate,
581 1547 677 1595 quo
717 1533 1041 1595 asserebatur,
1082 1531 1316 1596 quicquid
1356 1532 1484 1581 ultra
1527 1535 1588 1580 12
1629 1531 1910 1581 lunationes
1950 1531 2182 1580 accrescit
2212 1533 2367 1581 motui

105 1604 272 1654 Lunae
323 1607 370 1652 in
418 1620 546 1654 anno
595 1606 785 1655 sidereo
840 1609 993 1671 (sunt
1023 1613 1186 1655 autem
1230 1603 1358 1654 1320
1398 1606 1486 1654 45‘
1527 1605 1585 1655 de
1624 1606 1931 1655 revolutione
1982 1604 2265 1668 tredecima)
2319 1604 2371 1653 id

109 1685 355 1742 acceptum
403 1679 654 1727 ferendum
704 1695 811 1729 esse
861 1679 1034 1727 lumini
1073 1679 1233 1742 Solis3
1286 1682 1356 1728 sic
1405 1685 1460 1727 ut
1503 1682 1564 1728 12
1605 1679 1882 1728 lunationes
1932 1693 2084 1742 purae
2136 1684 2369 1728 maneant

109 1752 433 1805 conficiendae
472 1754 654 1815 speciei
704 1755 918 1817 corporis
958 1753 1184 1802 Telluris.
1261 1752 1372 1802 Hoc
1408 1755 1569 1815 posito
1620 1753 1763 1802 facile
1811 1753 2201 1815 inquirebamuS,
2253 1750 2370 1815 quid

107 1830 220 1875 tunc
266 1825 326 1875 de
378 1826 597 1889 quolibet
637 1827 905 1890 quadrante
957 1828 1284 1889 elongationis
1324 1826 1493 1875 Lunae
1533 1842 1563 1874 a
1601 1825 1715 1875 Sole
1755 1825 2197 1874 transscribendum
2238 1831 2367 1875 esset

109 1897 291 1947 lumini.
367 1899 492 1948 Nam
532 1900 658 1949 side
696 1900 1084 1949 revolutionibus
1117 1903 1176 1948 12
1207 1912 1315 1948 cum
1355 1901 1623 1962 fragmento
1662 1900 1825 1948 lumen
1854 1898 1981 1949 Solis
2021 1899 2116 1947 sibi
2155 1899 2372 1948 vindicat

108 1971 225 2021 illud
260 1973 607 2035 fragmentum,
659 1973 842 2022 scilicet
890 1971 1015 2022 1320
1054 1975 1165 2035 45’,
1222 1987 1335 2035 ergo
1375 1973 1435 2022 de
1475 1987 1570 2024 uno
1609 1973 1930 2022 revolutionis
1973 1971 2243 2036 quadrante
2282 1986 2371 2022 seu

111 2043 171 2094 de
210 2044 302 2094 90⁰
338 2046 499 2095 lumen
539 2045 671 2095 Solis
711 2049 805 2096 sibi
845 2047 1113 2095 vindicabit
1151 2049 1200 2093 in
1243 2046 1413 2095 eadem
1451 2048 1764 2110 proportione
1788 2044 1864 2093 120
1903 2048 2002 2095 41’.

251 2118 527 2172 constituta
565 2122 635 2168 sic
675 2123 947 2184 quantitate
979 2121 1176 2169 effectus
1215 2121 1534 2183 promotionis
1576 2135 1635 2169 ex
1673 2119 1854 2168 lumine
1881 2121 1930 2167 in
1970 2134 2067 2168 uno
2108 2123 2213 2168 toto
2242 2133 2370 2182 qua—

0 2196 56 2238 ῑεῖ
113 2188 292 2252 drante,
325 2193 431 2255 jam
468 2196 617 2243 etiam
655 2194 861 2243 habetur
899 2196 1112 2243 maxima
1151 2195 1396 2256 variatio,
1420 2207 1544 2257 quae
1582 2194 1788 2243 resultat
1828 2208 1887 2242 ex
1928 2193 2021 2243 bac
2058 2194 2366 2256 promotione

111 2264 160 2312 iu
197 2273 432 2315 octanteS.

254 2339 378 2387 Nam
419 2340 533 2402 quia
571 2339 735 2388 lumen
774 2340 865 2389 hos
894 2355 1010 2389 suos
1052 2336 1110 2388 20
1150 2342 1238 2388 41’
1275 2355 1372 2389 non
1413 2339 1694 2403 dispertitur
1719 2339 2003 2403 aequaliter,
2045 2354 2142 2388 non
2172 2341 2372 2403 inquam

115 2415 422 2475 proportione
474 2422 715 2462 sectorum
766 2413 924 2474 EAR,
985 2413 1070 2463 scd
1119 2414 1442 2476 inaequaliter
1490 2416 1538 2461 in
1590 2416 1902 2479 proportione
1953 2419 2230 2462 truncorum
2283 2428 2372 2463 seu

117 2486 680 2549 parallelogrammorum
721 2487 940 2547 AERX,
990 2488 1119 2549 vquae
1158 2502 1272 2536 area
1298 2487 1501 2541 ‘excedit
1539 2495 1777 2536 sectorem
1814 2487 1973 2549 ΕΑΒ,
2023 2486 2284 2550 plurimum
2323 2489 2371 2534 in

113 2556 206 2606 45⁰
254 2557 358 2625 (ubi
411 2559 539 2620 RX,
589 2559 692 2607 XA
732 2559 1013 2624 aequales),
1065 2574 1266 2609 excessu
1309 2575 1452 2609 areae
1490 2559 1664 2620 RAX,
1717 2575 1866 2624 quare
1904 2562 2031 2609 sicut
2069 2575 2183 2609 area
2220 2562 2371 2609 totius

113 2630 392 2694 quadrantis
429 2633 562 2681 YEA
603 2640 677 2681 est
715 2634 776 2682 ad
815 2648 979 2682 aream
1017 2632 1180 2694 RAX,
1220 2635 1290 2682 sic
1329 2636 1473 2683 etiam
1514 2640 1587 2683 est
1626 2630 1684 2681 20
1722 2634 1821 2694 41‘,
1863 2634 2062 2682 effectus
2099 2648 2186 2696 per
2222 2647 2371 2681 unum

113 2708 262 2753 totum
301 2706 635 2768 quadrantem,
676 2706 738 2755 ad
762 2722 1012 2755 excessum
1052 2706 1189 2754 illum
1230 2707 1427 2756 effectus
1466 2697 1613 2770 hujus
1653 2707 1976 2770 inaequabilis
2013 2712 2061 2755 et
2100 2707 2201 2755 veri
2227 2719 2373 2769 super

28 2820 30 2830 ,
114 2778 416 2841 aequabilem
469 2786 517 2828 et
564 2782 904 2842 imaginarium
960 2783 1007 2827 in
1063 2787 1282 2829 octante.
1334 2794 1460 2843 quae
1513 2780 1728 2828 definitio
1782 2785 1886 2829 erat
1929 2781 2231 2829 variationis.
2310 2779 2372 2827 Et

121 2852 235 2913 quia
271 2854 430 2900 aream
470 2853 754 2915 quadrantis
793 2861 1071 2918 geometrae
1112 2856 1403 2902 invenerunt
1444 2854 1831 2914 7853981634,
1872 2867 1985 2901 area
2023 2867 2140 2901 vero
2178 2857 2372 2901 rectan-
2461 2842 2467 2853 κ

32 2971 34 2987 ἰ
114 2923 212 2986 guli
250 2924 533 2987 quadrantis
558 2925 777 2986 RCAX,
827 2941 936 2975 cum
975 2926 1023 2974 id
1062 2929 1350 2987 maximum,
1392 2932 1465 2975 est
1509 2927 1898 2986 5000000000,
1940 2925 2078 2988 cujus
2118 2925 2370 2974 dimidium

32 2992 34 3016 ἶ
116 2995 471 3120 Ξὲῧῧῧῡθοιθῖ
506 3006 582 3120 (3εέ
618 3014 845 3049 excessus
884 2999 1112 3062 trianguli
1150 2999 1323 3048 RAX:
1366 3002 1409 3048 si
1447 3001 1594 3063 igitur
1633 2999 1809 3047 78540
1847 2997 1981 3047 valet
2017 2995 2075 3046 20
2113 2996 2215 3062 41⁴,
2257 3004 2380 3050 tunc.

34 3087 37 3123 ’.
329 3087 437 3120 vae
477 3074 514 3120 it
595 3074 654 3120 l‘.

255 3142 318 3192 Et
366 3147 481 3207 quia
531 3159 616 3207 pro
665 3144 932 3209 appendice
980 3144 1289 3194 lunationum
1343 3147 1434 3206 12,
1489 3159 1615 3207 quae
1668 3149 1741 3194 est
1794 3141 1921 3192 132⁰
1961 3145 2062 3205 45¹,
2115 3142 2371 3194 elicuimus

36 3222 39 3227 ·
118 3210 236 3264 folio
276 3218 375 3265 367
418 3221 628 3280 (rursum
667 3234 697 3267 a
734 3213 905 3286 priori)
949 3217 1075 3266 1270
1119 3219 1217 3278 10’,
1257 3218 1386 3281 quod
1429 3224 1501 3266 est
1541 3220 1625 3265 24.
1664 3218 1761 3267 fere
1798 3224 1935 3281 parte
1972 3218 2156 3267 minus:
2194 3219 2236 3266 si
2274 3219 2372 3281 igi-

123 3291 202 3335 tur
238 3291 380 3338 etiam
419 3291 533 3340 hinc
571 3293 666 3340 orsi
706 3293 1028 3340 variationem
1067 3292 1328 3340 maximam
1369 3292 1749 3352 constituamus,
1798 3289 1884 3340 illa
1921 3290 2134 3355 prodibit
2168 3292 2235 3341 49
2277 3293 2373 3341 cir-

41 3414 49 3432 :
119 3358 235 3410 cuer
270 3368 319 3411 et
353 3364 423 3413 sic
460 3364 620 3414 adhuc
659 3365 864 3413 vicinior
900 3363 1228 3428 Tychonicae,

264 3433 320 3483 Si
357 3440 591 3500 aequatio
640 3443 904 3486 menstrua
954 3443 1000 3484 et
1040 3438 1259 3485 variatio
1313 3436 1594 3501 conflentur
1640 3438 1696 3485 in
1732 3450 1920 3499 unam,
1977 3437 2238 3500 quodnam
2275 3437 2371 3486 ha-

44 3541 47 3574 ,
122 3501 245 3553 bobii
283 3507 374 3556 illa
412 3511 638 3559 nomen?
712 3511 833 3560 Cum
885 3516 1091 3572 utraque
1144 3524 1203 3559 ex
1242 3508 1414 3558 eadem
1452 3508 1581 3558 Solis
1627 3508 2008 3571 illuminatione,
2060 3510 2177 3560 licet
2213 3509 2370 3559 modis

45 3592 53 3640 ²,
121 3572 338 3703 ἔπαιξε,
400 3584 606 3647 oriatur,
679 3584 949 3648 composita
998 3583 1146 3646 igitur
1210 3595 1268 3631 cx
1321 3587 1528 3645 utraque
1579 3583 1843 3634 rectissime
1898 3583 2084 3634 dicetur
2138 3584 2369 3647 aequatio

48 3688 54 3699 ‚
236 3666 267 3702 n

645 3774 691 3822 D
708 3789 734 3823 e
771 3773 965 3823 latitu
982 3771 1081 3820 din
1098 3786 1123 3821 e
1162 3771 1375 3822 Lunae
1411 3769 1826 3841 menstruaffl)

265 3868 455 3934 Quibffl
481 3876 818 3937 positionibus
855 3875 1163 3941 yeometricis
1200 3873 1580 3926 demonstratur
1616 3876 1832 3952 latitudo
1859 3876 2044 3926 Danae
2067 3879 2330 3924 menstrua
2342 3872 2370 3923 P
