2554 4140
243 168 345 216 322
1059 154 1294 217 Epitomcs
1325 159 1641 204 Astronomiae

238 311 329 360 diis
379 310 611 359 lateribus
661 307 944 369 formatum,
997 310 1073 356 cui
1122 310 1163 355 si
1215 305 1422 355 circulus
1471 306 1787 368 inscribatur,
1841 307 1947 369 ejus
1998 307 2357 357 semidiameter
2395 309 2483 357 erit

224 386 432 447 ·70711,
470 386 711 447 potestate
751 379 950 430 dimidia
986 395 1100 443 pars
1139 380 1502 440 circumscripti.

385 455 596 504 Ostende
632 467 799 514 nunc,
844 456 956 515 quis
993 456 1057 500 sit
1092 453 1229 500 locus
1265 451 1375 499 orbi
1419 451 1632 498 Telluris
1666 453 1797 499 inter
1833 453 1924 500 has
1971 452 2180 514 fiquraS.
2252 450 2479 514 Quinque

236 542 441 591 corpora
477 531 526 575 in
566 527 686 574 duas
724 539 871 589 supra
909 525 1087 574 classes
1127 530 1264 573 erant
1303 524 1498 582 tributa,
1540 525 1586 570 in
1627 526 1718 572 tria
1741 526 2030 587 primigenia
2065 531 2114 573 et
2149 524 2244 572 duo
2270 524 2482 573 secundo

235 603 428 663 genita,
470 614 674 663 quorum
713 598 800 647 illa
836 599 1129 661 triline3rem
1168 595 1414 644 habebant
1454 595 1712 658 angulum,
1751 598 1874 645 haec
1910 597 2284 669 plurilinearem.
2358 597 2483 645 Nam

195 690 197 692 ·
235 682 289 722 ut
314 672 473 721 Adam
513 678 588 721 est
622 672 989 734 primogenitus,
1030 656 1136 717 Eva
1176 670 1282 730 eJus
1314 682 1410 716 non
1435 668 1551 728 filia,
1592 669 1677 718 sed
1703 683 1830 732 parS,
1872 672 1953 732 qui
1982 670 2127 718 ambo
2154 669 2484 732 protoplastae

236 745 560 831 appellantur,
601 745 720 793 Cain
764 757 876 792 vero
917 750 965 791 et
999 742 1125 790 Abel
1166 750 1212 790 et
1251 755 1441 790 sorores
1479 749 1592 789 sunt
1623 743 1727 804 Jam
1768 742 1957 790 illorum
1995 743 2182 804 proles.
2223 744 2293 791 sic
2331 744 2484 791 cubus

235 825 310 867 est
346 820 501 882 primo
541 818 666 877 loeo,
708 831 766 864 ex
806 830 902 878 quo
941 814 1082 863 aliter
1119 821 1166 862 et
1205 814 1474 878 simplicius
1510 822 1624 863 sunt
1667 822 1800 864 ortae
1838 814 2127 876 tetraedron,
2169 815 2322 864 veluti
2349 823 2485 863 costa

231 891 480 954 quaedam
531 891 667 949 cubi,
723 894 769 937 et
818 887 1176 947 dodecaedron,
1226 889 1297 935 sic
1336 893 1389 934 ut
1426 894 1587 936 tamen
1628 890 1790 937 omnia
1829 890 1919 935 tria
1957 894 2185 936 maneant
2222 890 2348 936 inter
2383 890 2485 950 pri-

233 966 410 1025 maria3
465 962 724 1012 octaedron
763 975 880 1010 vero
921 967 967 1007 et
1011 959 1294 1008 icosae'dron
1334 973 1392 1008 ex
1433 960 1559 1008 cubo
1599 967 1647 1008 et
1684 960 1986 1009 dodecae'dro
2026 959 2272 1024 pati-ibae,
2324 967 2372 1009 et
2409 967 2485 1009 te-

234 1036 428 1097 trae‘dri,
470 1035 604 1084 velut
642 1034 823 1093 matriS,
863 1032 1011 1095 plano
1050 1032 1347 1096 triangulari,
1389 1033 1514 1084 duae
1546 1034 1650 1096 jam
1681 1034 1841 1097 proles
1867 1039 2138 1096 prognatae
2164 1040 2290 1094 sunt,
2331 1047 2484 1096 quae·

233 1109 357 1159 libet
393 1110 466 1157 sui
508 1108 721 1170 parentis
758 1119 930 1168 gerens
967 1105 1350 1154 similitudinem.

380 1181 498 1229 Tres
539 1181 686 1241 igitur
724 1180 906 1240 primae
944 1177 1128 1240 figurae
1176 1178 1397 1240 ejusdem
1446 1178 1617 1227 classis
1666 1177 1909 1227 debebant
1947 1176 2194 1227 includere
2232 1179 2484 1226 circuitum

234 1254 381 1303 centri
411 1253 638 1312 Telluris,
681 1250 806 1299 duae
845 1250 1060 1300 secundo
1097 1255 1306 1313 genitae,
1347 1257 1579 1314 tanquam
1618 1253 1791 1301 classis
1823 1250 1991 1311 altera,
2033 1250 2277 1300 debebant
2303 1251 2486 1299 includi

235 1328 297 1375 ab
338 1326 467 1386 orbe,
509 1327 555 1371 in
597 1338 694 1386 quo
734 1323 903 1372 Tellus
946 1323 1172 1384 volvitur,
1211 1330 1359 1387 atque
1397 1326 1466 1372 ita
1504 1325 1635 1372 orbis
1674 1325 1764 1372 iste
1803 1325 2073 1372 communis
2111 1324 2213 1373 fieri
2253 1325 2485 1372 maceries

235 1398 414 1447 ordinis
452 1398 718 1459 utriusque,
760 1398 876 1458 quia
911 1398 1203 1460 praecipuus
1241 1397 1494 1445 mobilium
1532 1396 1788 1459 globorum
1829 1402 1931 1444 era't
1968 1397 2132 1445 futura
2168 1396 2353 1457 Tellus,
2394 1395 2485 1444 do-

235 1470 469 1519 micilium
509 1471 736 1532 imaginis
764 1470 871 1517 Dei.
934 1469 1045 1518 Hoc
1083 1471 1209 1518 enim
1248 1476 1393 1533 pacto
1432 1476 1480 1519 et
1517 1478 1692 1518 natura
1730 1470 2055 1531 inscriptionis
2092 1475 2165 1518 est
2203 1476 2399 1518 servata
2437 1470 2485 1517 in

233 1543 451 1594 secunda
489 1542 661 1603 classe,
701 1543 1162 1605 circumscriptionis
1200 1543 1245 1589 in
1284 1545 1470 1606 prima:
1514 1541 1785 1591 naturalius
1823 1543 1950 1592 enim
1990 1547 2038 1590 et
2076 1543 2357 1591 concinnius
2396 1549 2484 1603 est,

234 1617 360 1666 cubo
398 1615 597 1665 inscribi
637 1614 922 1677 octaedron,
973 1615 1276 1665 dodecaiidro
1314 1614 1626 1677 icosaiidron,
1674 1629 1822 1679 quam
1860 1613 2088 1665 octaedro
2126 1615 2327 1678 cubum,
2381 1617 2486 1665 ico·

232 1690 406 1739 sae‘dro
446 1687 800 1738 dodecae‘dron.

381 1762 462 1811 Sic
512 1764 678 1824 itaque
726 1761 875 1810 centri
913 1759 1123 1808 Telluris
1162 1761 1390 1809 circuitus
1430 1760 1587 1809 sactus
1624 1765 1700 1809 est
1734 1759 1925 1810 medius
1962 1761 2297 1824 planetarum3
2347 1766 2485 1810 extra

238 1835 366 1894 enim
404 1841 500 1884 tres
539 1835 837 1897 circumponi
877 1832 1141 1893 debebant,
1180 1839 1377 1897 propter
1414 1839 1508 1882 tres
1547 1833 1728 1896 figuras
1766 1834 2043 1897 primarias,
2083 1835 2208 1883 intra
2246 1834 2351 1897 ejus
2390 1835 2484 1882 cir-

234 1910 494 1957 cuitionem
534 1907 646 1968 duo,
685 1912 882 1971 propter
920 1905 1041 1955 duas
1079 1906 1259 1970 figuras
1298 1905 1539 1955 secundae
1577 1906 1762 1968 classis,
1803 1907 1983 1969 quibus
2021 1908 2190 1956 tertius
2219 1906 2485 1956 accedebat

232 1980 318 2030 Sol
359 1983 409 2029 in
446 1982 554 2044 ipso
592 1981 761 2029 intimo
801 1978 1059 2042 complexu
1096 1980 1243 2028 centri
1269 1979 1539 2028 mobilium.
1606 1979 1778 2042 [taque
1807 1979 2060 2041 Saturnus,
2101 1978 2311 2043 Jupiter,
2351 1978 2484 2028 Mars

233 2055 508 2117 superiores
547 2053 662 2102 facti
701 2059 829 2114 sunt,
869 2051 1053 2112 Venus,
1092 2051 1380 2113 Mercurius,
1419 2052 1505 2101 Sol
1544 2051 1822 2114 inferiores3
1861 2052 2004 2102 Luna
2043 2067 2159 2102 vero
2199 2054 2326 2102 circa
2364 2051 2484 2101 Tel-

232 2127 384 2176 lurem
424 2128 472 2174 in
512 2125 684 2175 eodem
723 2127 966 2175 communi
993 2126 1195 2174 circuitu
1223 2124 1467 2174 Tellurem
1491 2127 1721 2188 privatim
1747 2125 1983 2187 ambiens,
2023 2127 2148 2175 inter
2172 2124 2485 2175 secundarios

231 2199 455 2262 planetas
494 2204 581 2260 est,
622 2204 676 2247 ut
713 2208 861 2263 supra·
898 2197 1095 2247 dictum.

381 2272 505 2335 Quis
551 2277 618 2319 est
665 2271 790 2320 ordo
837 2273 970 2318 inter
1018 2277 1118 2319 tres
1162 2273 1432 2320 exteriores
1474 2271 1669 2333 fiyuras
1715 2276 1760 2318 et
1806 2273 1920 2333 quis
1960 2272 2141 2333 cuique
2178 2271 2316 2321 locus
2353 2271 2485 2319 inter

228 2345 498 2406 planetas?
551 2343 717 2392 Cubus
756 2346 913 2407 prima
952 2348 1025 2392 est
1061 2342 1337 2407 figurarum,
1379 2343 1620 2393 collocata
1655 2343 1806 2405 igitur
1842 2349 1916 2392 est
1955 2343 2080 2392 inter
2119 2343 2242 2393 duos
2280 2344 2485 2393 extimos

232 2419 388 2479 orbes,
430 2416 692 2466 Saturnum
730 2424 778 2465 et
802 2416 1007 2479 Jovem;
1046 2409 1265 2479 sequitur
1301 2418 1351 2464 in
1387 2418 1555 2480 genesi
1593 2415 1855 2478 figurarum
1883 2415 2172 2477 tetrae'dron,
2213 2415 2307 2465 hoc
2340 2417 2485 2480 igitur

229 2489 393 2539 locum
433 2490 643 2538 obtinuit
681 2491 805 2538 inter
840 2488 1022 2539 Jovem
1060 2495 1108 2537 et
1147 2489 1383 2550 Martem3
1422 2488 1595 2539 ultima
1634 2490 1778 2537 trium
1817 2494 1921 2539 erat
1959 2487 2328 2551 dodecae'dron,
2366 2487 2484 2538 ulti·
2517 2533 2526 2542 ,

231 2578 340 2612 mus
379 2565 525 2626 igitur
562 2561 633 2609 illi
670 2562 808 2611 locus
847 2562 1057 2611 tributus
1097 2567 1171 2610 est
1208 2564 1332 2611 inter
1368 2564 1590 2625 regiones
1630 2562 1926 2612 orbiculares
1965 2561 2138 2612 Martis
2178 2567 2227 2611 et
2258 2560 2499 2625 Telluris.-

377 2636 515 2685 Loca
553 2637 706 2684 etiam
743 2635 872 2684 duas
909 2637 1184 2684 interiores.
1271 2635 1377 2683 Etsi
1416 2634 1677 2685 octaedron
1716 2634 1866 2684 habet
1902 2642 2127 2685 naturam
2166 2635 2305 2696 cubi,
2345 2634 2483 2697 cujus

230 2709 414 2772 primae
452 2714 566 2757 sunt
602 2714 780 2771 partes,
821 2707 1107 2757 icosaedron
1136 2706 1440 2769 dodecae'dri,
1481 2708 1620 2771 cujus
1659 2707 1882 2757 ultimae:
1921 2723 2019 2758 non
2057 2714 2219 2757 tamen
2258 2705 2483 2757 octa'e'dro

228 2784 476 2844 proximus
515 2780 653 2830 locus
691 2786 800 2845 post
840 2779 1176 2829 dodecae'dron
1218 2781 1528 2844 competebat
1563 2785 1759 2844 propter
1784 2780 1908 2830 duas
1934 2795 2123 2831 causas.
2177 2780 2305 2830 Nam
2330 2782 2483 2843 primo

231 2854 356 2904 duae
394 2855 656 2916 figurarum
695 2854 876 2903 classes
898 2858 1012 2902 sunt
1039 2852 1400 2916 quodammodo
1426 2855 1552 2903 inter
1576 2868 1629 2903 se
1657 2856 1938 2937 oppositae:
1979 2854 2302 2904 conveniebat
2325 2853 2483 2916 igitur,
2525 2893 2531 2899 ,

232 2933 285 2975 ut
323 2928 385 2977 ab
426 2928 668 2998 oppositis
717 2928 863 2976 etiam
912 2927 1128 2975 terminis
1175 2925 1312 2976 fieret
1348 2926 1604 2976 locationis
1641 2927 1948 2991 principium.
2024 2927 2092 2977 At
2127 2941 2236 2976 cum
2276 2926 2485 2989 exterio-

231 3013 336 3048 rum
385 2992 653 3063 figurarum
691 3000 876 3063 primus
913 3001 954 3048 is
994 3005 1268 3049 censeretur
1305 2998 1471 3062 locus,
1527 3000 1612 3062 qui
1660 3001 1818 3083 magis
1857 2999 1920 3049 ad
1960 3001 2200 3050 exteriora
2237 2976 2485 3062 vergebat,

231 3086 532 3135 consequens
570 3078 688 3134 erat,
726 3079 781 3121 ut
818 3074 1122 3121 interiorum
1125 3071 1401 3135 figurarum
1440 3077 1570 3122 esset
1605 3073 1647 3121 is
1684 3073 1867 3135 primus
1906 3072 2067 3135 locus,
2108 3074 2192 3136 qui
2228 3059 2506 3150 magis-‘36'

229 3145 458 3194 interiora
495 3160 666 3195 versus
719 3151 936 3204 centrum
975 3145 1223 3208 vergebat.
1299 3144 1491 3194 Deinde
1538 3145 1907 3194 convenientius
1957 3152 2059 3194 erat
2107 3150 2308 3195 naturae
2346 3129 2500 3192 simi-

230 3216 349 3265 lium
386 3218 661 3280 figurarum,
704 3218 996 3267 ᾶοάεοειόᾱιί
1035 3224 1084 3267 et
1120 3216 1375 3278 icosaiidri,
1415 3223 1464 3268 et
1501 3219 1665 3281 aptius
1702 3218 1918 3282 ipsarum
1943 3219 2244 3280 inscriptioni
2270 3222 2484 3277 mutuae,

232 3294 286 3337 ut
323 3292 540 3352 proxime
578 3292 669 3340 sibi
708 3293 916 3340 invicem
955 3290 1292 3352 succederent,
1343 3290 1673 3341 intercedente
1712 3291 1994 3339 circuitione
2034 3304 2121 3340 seu
2161 3291 2277 3340 orbe
2314 3289 2482 3340 Tellu-
2552 3313 2554 3349 ς

229 3363 320 3423 riS,
375 3361 438 3409 ad
492 3377 636 3424 quem
672 3363 810 3413 velut
859 3363 921 3412 ad
963 3377 1268 3413 communem
1307 3364 1566 3412 maceriem
1604 3369 1808 3426 utraque
1846 3362 2108 3425 figurarum
2147 3362 2315 3412 classis
2353 3362 2482 3412 desi-

230 3439 380 3484 neret.
457 3434 538 3482 Sic
588 3435 735 3496 igitur
781 3441 855 3486 est
899 3437 1109 3498 factum,
1160 3442 1214 3485 ut
1260 3437 1382 3486 inter
1421 3436 1632 3486 Telluris
1685 3441 1733 3484 et
1772 3434 1975 3485 Veneris
2027 3436 2209 3485 orbitas
2246 3435 2482 3485 locaretur
2550 3447 2554 3485 ἐ

230 3506 532 3566 ἰοοεειόᾶιοιι,
573 3506 696 3555 inter
732 3509 926 3557 intimas
966 3524 1082 3558 vero
1113 3509 1319 3558 Veneris
1358 3514 1406 3558 et
1431 3508 1662 3558 Mercurii
1700 3506 1976 3557 octae‘dron.
2042 3507 2129 3558 Sol
2167 3522 2282 3558 vero
2322 3507 2505 3557 orbem‘

231 3593 330 3628 non
366 3578 543 3638 habet,
570 3579 620 3625 in
659 3593 757 3641 quo
796 3581 902 3642 ejus
941 3588 1156 3630 centrum
1198 3582 1576 3642 circumferatur,
1617 3586 1691 3630 est
1729 3581 1874 3644 igitur
1911 3582 1952 3630 is
1991 3588 2129 3631 extra
2154 3595 2352 3630 censum
2375 3593 2480 3628 mo·
2548 3604 2551 3612 ·

231 3652 403 3702 bilium
439 3652 791 3714 primariorum,
833 3653 918 3701 sed
955 3654 1106 3704 habet
1144 3656 1192 3701 in
1231 3669 1284 3703 se
1322 3654 1504 3704 fontem
1505 3658 1721 3729 gotus,
1761 3654 1886 3702 sicut
1914 3656 2123 3721 exterius
2130 3653 2300 3721 fix3e
2303 3653 2480 3703 habent

232 3727 281 3774 in
320 3739 373 3774 se
412 3725 622 3791 Qetem
663 3729 710 3773 et
747 3723 912 3774 locum
950 3725 1066 3773 dant
1103 3712 1653 3790 mobilibus‘effiue
1604 3726 1863 3776 continent.

378 3797 618 3846 Etiamne
655 3798 917 3845 invenitur
949 3801 1215 3859 proportio
1251 3799 1542 3862 fiyurarum
1579 3801 1712 3847 inter
1735 3798 1887 3859 orbes,
1930 3814 2053 3861 quos
2088 3801 2269 3861 cuique
2289 3798 2480 3861 fiyurae

233 3870 447 3921 dedisti?
493 3869 575 3948 Sic
614 3869 858 3919 invenitur
895 3868 1064 3920 eadem
1100 3874 1379 3934 proportio,
1419 3878 1476 3921 ut
1513 3872 1739 3935 quamvis
1777 3872 1827 3919 in
1863 3873 2076 3922 minimis
2115 3871 2240 3921 desit
2275 3867 2480 3932 aliquid,
