2560 4100
187 108 252 153 22
813 93 1048 150 Epistolae
1076 92 1264 150 Kepleri
1294 93 1573 149 aliorumque
1601 96 1786 138 mutuae

185 247 296 299 quod
325 256 497 297 puerum
529 255 614 282 non
644 243 784 286 statim
813 242 967 283 remisi.
1026 242 1067 280 Is
1096 253 1184 281 rem
1215 241 1287 284 diu
1316 231 1577 290 'multumque
1606 241 1819 290 pensitans
1838 243 1934 292 post
1953 243 1978 280 3
2001 242 2121 282 horas
2141 242 2219 282 hoc
2239 242 2427 293 responsi

186 306 327 345 dedit:
373 316 416 344 se
445 304 634 342 lubenter
663 300 833 351 quidem
861 301 943 339 tibi
970 311 1128 339 morem
1156 304 1393 366 gesturum,
1436 298 1508 337 sed
1537 309 1623 338 non
1652 299 1802 338 habere
1829 302 1917 338 tam
1945 301 2128 340 minutos
2157 305 2280 351 typos
2295 331 2306 352 ,
2355 301 2428 351 qui

184 363 473 403 Linciensibus
502 359 585 398 tuis
617 359 671 398 ad
701 360 896 398 amussim
923 358 1222 410 respondeant;
1263 358 1457 396 minimos
1488 368 1588 396 snos
1617 346 1732 407 esse,
1763 355 1908 408 quales
1938 357 2080 399 videas
2109 360 2156 398 in
2184 359 2428 398 transmisso

182 421 385 472 exemplo.
444 417 605 468 Quodsi
634 418 715 456 tibi
745 417 966 470 arrideant,
1014 429 1071 456 se.
1088 416 1390 465 Stuttgardiam
1408 413 1484 459 ,ad
1502 418 1544 466 te
1561 411 1783 465 proficisci
1812 426 1896 455 nou
1923 420 2188 464 gravaturum
2218 420 2259 456 et
2290 428 2428 456 coram

184 481 235 520 de
263 490 393 528 aequo
424 474 718 526 tolerabilique
746 476 879 526 pretio
911 475 1195 525 impressionis
1224 476 1507 513 tractaturum.
1566 473 1652 522 Nec
1675 475 1764 522 J'am
1793 473 1896 512 adeo
1926 479 2173 526 occupatum
2194 487 2296 527 esse,
2328 475 2429 526 quin

182 539 287 577 hanc
315 537 439 575 telam
469 534 610 583 statim
637 535 770 585 possit
800 533 940 575 ordiri.
1002 533 1084 572 Sed
1112 533 1243 572 vereri
1274 543 1330 583 se,
1362 542 1414 569 ne
1444 531 1500 570 20
1530 531 1597 570 illi
1626 531 1918 582 quaterniones
1946 533 1993 571 in
2022 534 2075 572 25
2102 533 2169 572 vel
2189 532 2328 584 plures
2353 534 2431 572 hoc

182 596 302 635 modo
335 596 582 633 excrescant.
608 628 611 630 .
642 592 761 640 Quod
780 594 877 642 quia
909 595 954 632 et
982 593 1073 641 ipse
1102 591 1258 630 veritus
1272 601 1376 641 sum,
1409 590 1567 628 accessi
1596 590 1766 640 proprio
1798 593 1940 643 motu,
1973 592 2075 630 citra
2100 591 2429 640 indignationem

182 658 228 694 ut
258 663 376 703 spero
406 656 533 704 tuam,
566 652 691 690 etiam
709 651 926 703 Wildium,
957 650 1163 690 novitium
1193 652 1380 688 nostrum
1410 648 1726 698 typographum,
1756 647 1867 698 apud
1899 660 2020 699 quem
2049 650 2184 700 reperi
2214 654 2430 700 exoptatos

186 717 322 765 typos,
366 713 490 760 prout
534 721 586 748 ex
631 710 713 748 ista
741 708 910 747 madida
939 708 1072 746 adhuc
1110 711 1153 745 et
1183 706 1468 756 semiperfecta
1496 707 1651 756 pagina
1680 705 1856 748 videbis.
1914 706 1959 746 Is
1984 709 2074 756 J'am
2103 718 2268 758 peregre
2297 709 2429 758 abest,

183 771 330 821 procul
361 768 488 808 dubio
521 779 612 806 eras
641 778 904 819 reversurus,
948 766 1020 805 sed
1062 765 1282 815 typotheta
1323 766 1433 815 ejus,
1472 774 1497 801 a
1535 765 1653 813 cujus
1694 768 1798 802 nutu
1833 768 1874 804 et
1901 765 2074 805 arbitrio
2105 765 2288 804 Wildius
2318 769 2430 805 totus

182 827 359 897 pendet„
403 829 565 877 promte
596 830 636 864 et
669 798 904 865 liberaliter
932 824 1176 876 respondit⁷
1223 823 1303 862 sibi
1330 824 1435 871 J‘am
1447 826 1488 860 et
1516 833 1660 860 vacare
1693 825 1734 860 et
1762 822 1904 861 lubere
1935 834 2128 876 quoque,
2173 822 2303 862 libros
2337 828 2429 863 tuos

180 887 441 938 imprimere,
478 884 601 923 modo
635 884 868 923 consentias
898 887 939 921 et
969 893 1063 922 cum
1091 882 1189 920 hero
1221 892 1295 919 suo
1328 879 1379 918 de
1408 880 1594 920 mercede
1623 880 1705 919 tibi
1736 883 1967 920 conveniat.
2024 881 2134 921 Mihi
2165 893 2332 934 quoque
2361 880 2428 921 ul-

182 945 310 984 terius
330 943 570 984 sciscitanti
598 941 824 995 indicavit,
871 953 956 980 non
985 941 1116 979 ultra
1126 941 1150 988 3
1184 939 1330 978 obolos
1362 949 1437 989 pro
1469 939 1740 988 quaternione
1770 939 2103 992 postulaturum,
2151 940 2222 980 sed
2263 941 2430 979 omnino

184 1013 324 1069 spero,
350 1002 473 1050 longe
502 1001 629 1039 vilius
656 999 732 1038 tibi
765 999 1051 1049 venditurum,
1093 998 1130 1037 si
1164 998 1339 1047 ipsemet
1377 1008 1470 1036 cum
1508 1009 1555 1036 eo
1596 997 1828 1040 contrahas.
1893 998 1949 1036 At
1979 998 2082 1050 quia
2110 997 2180 1038 hic
2210 998 2430 1038 nobiseum

183 1060 368 1111 conspici
397 1070 482 1098 non
511 1059 600 1107 vis,
643 1059 830 1106 significa
866 1058 1014 1096 saltem
1054 1059 1208 1109 certum
1239 1055 1375 1108 diem,
1418 1066 1500 1105 qua
1518 1059 1569 1094 te
1598 1054 1880 1103 stuttgardiae
1911 1055 2105 1095 offendat.
2163 1056 2429 1107 Exspatiarer

184 1131 272 1169 ego,
298 1119 387 1157 tum
417 1119 462 1156 in
492 1117 570 1156 hac
600 1127 722 1155 causa
751 1119 844 1168 tua,
886 1120 976 1154 tum'
1006 1119 1055 1154 ut
1081 1119 1123 1154 te
1149 1115 1372 1153 inviserem
1403 1117 1445 1153 et
1474 1125 1613 1153 coram
1643 1114 1694 1155 de
1723 1112 1914 1164 pluribus
1944 1125 2137 1164 agerem.
2166 1116 2361 1166 ipsemet,
2393 1116 2430 1155 si

180 1182 278 1229 post
305 1187 469 1225 gravem
499 1165 635 1213 meum
664 1175 853 1213 morbum
883 1175 986 1213 satis
1017 1171 1329 1213 convaluissem.
1389 1172 1526 1222 'rypos
1557 1173 1718 1222 ligneos
1749 1173 1859 1225 quod
1892 1173 2065 1222 attinet,
2102 1167 2243 1223 jubeo'
2268 1177 2310 1212 te
2341 1185 2431 1213 esse

182 1247 391 1288 securum;
438 1235 615 1287 pingam
643 1233 741 1272 illos
773 1244 824 1271 ex
853 1224 1027 1272 arbitrio
1057 1236 1130 1271 tuo
1161 1235 1211 1270 et
1230 1230 1416 1270 studioso
1450 1230 1641 1282 cuidam,
1687 1231 1881 1270 matrueli
1921 1243 2012 1271 meo
2060 1229 2202 1285 (quem
2240 1232 2288 1271 in
2320 1232 2431 1273 hunc

181 1297 318 1344 finem,
349 1297 397 1331 ut
426 1304 500 1342 ego
532 1291 724 1330 nonnihil
756 1291 1006 1340 sublevarer,
1034 1277 1080 1329 in
1110 1291 1224 1329 hisce
1253 1281 1438 1330 artificiis
1469 1289 1648 1343 institui)
1679 1289 1980 1340 exsculpendos
2010 1290 2186 1330 tradam.

324 1352 497 1390 Librum
527 1353 718 1399 quartum
748 1348 886 1394 videre
916 1347 1035 1388 valde
1063 1349 1219 1401 gestio3
1271 1348 1390 1387 mitte
1419 1348 1455 1386 si
1485 1351 1625 1398 potes,
1669 1358 1753 1387 non
1785 1346 1857 1387 diu
1885 1343 2188 1390 detinebo..
2214 1380 2224 1390 .
2285 1336 2429 1402 Porro,

183 1409 300 1462 quod
322 1409 525 1459 adventus
555 1409 618 1446 tui
648 1419 814 1446 causam
845 1408 1012 1456 attinet,
1044 1406 1235 1459 equidem
1266 1417 1357 1444 eam
1388 1407 1531 1455 ignoro
1561 1417 1636 1445 nec
1665 1406 1769 1445 seire
1800 1408 1949 1457 cupio;
1988 1407 2072 1446 nisi
2102 1406 2208 1446 forte
2239 1404 2317 1446 illa
2350 1411 2426 1460 est,
2461 1423 2465 1429 ·

182 1472 298 1518 cujus
329 1469 406 1506 sub
439 1467 666 1506 discessum
695 1470 815 1505 tuum
844 1465 1057 1514 Nirtingae
1084 1462 1323 1514 meministi,
1354 1465 1523 1517 quando
1555 1463 1724 1516 quidem
1746 1463 2043 1515 deplorandam
2064 1466 2270 1506 nominas.
2323 1465 2429 1506 Utnt

108 1546 110 1552 f
181 1529 249 1580 sit,
281 1525 481 1565 condoleo
511 1536 563 1564 ex
595 1526 785 1564 omnibus
815 1525 1042 1564 visceribus
1076 1529 1117 1564 et
1146 1523 1305 1563 solarer
1327 1527 1380 1573 te,
1409 1523 1492 1562 nisi
1521 1523 1647 1562 animi
1678 1523 1740 1562 tui
1770 1525 2007 1565 constantia
2032 1525 2120 1572 jam
2143 1523 2298 1564 dudum
2321 1528 2430 1564 esset

180 1585 411 1625 notissima.
471 1582 669 1622 Feramus
701 1586 864 1633 oportet
893 1583 1112 1633 patienter,
1144 1593 1245 1632 quae
1275 1585 1432 1620 mutare
1464 1593 1547 1620 nou
1576 1580 1687 1621 licet.
1748 1580 1831 1622 Sed
1860 1581 1978 1621 aliud
2010 1581 2060 1621 de
2091 1587 2132 1621 te
2163 1582 2285 1622 nobis
2317 1583 2429 1623 fama

181 1643 335 1693 retulit,
365 1653 506 1692 parare
536 1644 578 1680 te
609 1640 836 1680 discessum
866 1641 1013 1679 Lineio
1046 1645 1084 1679 et
1113 1638 1348 1679 Londinum
1378 1639 1432 1678 ad
1464 1650 1599 1689 regem
1631 1639 1805 1689 Angliae
1834 1640 2143 1708 migraturum,
2170 1641 2244 1694 qui
2274 1643 2315 1681 te
2347 1651 2431 1681 non

175 1701 369 1754 'obscuris
398 1701 555 1750 gratiae
586 1700 717 1749 signis
745 1700 948 1738 invitarit.
1010 1698 1133 1748 Quod
1165 1700 1199 1738 si
1229 1699 1291 1738 ita
1331 1702 1420 1748 est,
1468 1696 1654 1747 gratulor
1695 1710 1746 1738 ex
1788 1699 1925 1738 animo
1965 1702 2007 1771 et
2050 1698 2298 1739 adversam
2315 1698 2431 1740 illam

186 1763 338 1801 sortem
367 1759 445 1798 hac
475 1757 659 1798 melioris
690 1769 762 1808 spe
792 1768 985 1808 superare
1011 1758 1173 1807 jubeo.
1612 1780 1613 1783 =

325 1818 430 1857 Vale
451 1818 527 1857 Vir
554 1816 823 1868 undiquaque
855 1816 1080 1855 clarissime
1110 1820 1151 1854 et
1180 1817 1285 1855 bene
1306 1813 1398 1854 vale
1427 1826 1576 1868 meque
1594 1814 1718 1866 porro
1748 1819 1867 1854 tuum
1887 1826 1976 1855 esse
1996 1821 2153 1867 patere.
2217 1816 2432 1867 Tubingae

183 1879 223 1918 d.
252 1877 321 1916 25.
352 1875 440 1916 Oct.
469 1876 574 1914 hora
603 1876 642 1913 3.
671 1886 714 1925 p.
746 1886 801 1915 m.
838 1875 963 1916 1620.
1025 1874 1139 1914 'l'nae
1178 1873 1336 1915 Excell.
1369 1874 1478 1916 offic.
1543 1874 1603 1915 W.
1636 1873 1875 1914 Schickard.
1927 1874 2184 1965 (Inscriptioz
2234 1874 2297 1916 Cl.
2333 1876 2431 1916 Viro

182 1937 236 1977 D.
267 1934 308 1977 J
340 1934 533 1987 Keplero,
564 1944 675 1972 nunc
705 1933 982 1983 Stuttgardiae
1014 1933 1264 1981 divertenti.)

269 2002 275 2010 ·
326 1991 530 2043 Keplerus
560 1992 688 2060 paulo
719 1997 815 2043 post
845 1992 1080 2041 Tubingam
1111 1992 1244 2045 venit,
1283 1994 1331 2030 ut
1361 1991 1412 2031 de
1441 1994 1542 2040 typo
1573 2001 1666 2030 cum
1697 1990 1958 2041 typographo
1990 1994 2152 2043 ageret,
2182 1992 2432 2032 subduxisse

184 2064 279 2092 vero
311 2063 354 2091 se
385 2050 546 2090 videtur
577 2051 803 2091 amicorum
832 2050 1139 2090 conversationi
1166 2023 1326 2101 pudore
1355 2049 1511 2089 fractus
1543 2050 1594 2087 ob
1624 2050 1770 2089 matris
1801 2060 1966 2089 causam
1998 2049 2216 2101 forensem,
2247 2051 2359 2103 quod
2382 2063 2432 2091 ex

183 2111 389 2163 prioribus
432 2113 473 2148 et
517 2109 581 2149 his
627 2121 735 2161 quae
778 2113 1008 2162 sequuntur
1037 2107 1281 2149 Schickardi
1308 2105 1442 2147 literis
1471 2111 1659 2158 apparet.
1722 2108 1803 2148 Hic
1834 2109 1943 2147 enim
1972 2108 2076 2149 haec
2107 2108 2224 2149 dedit
2254 2109 2431 2160 Keplero

187 2180 321 2219 „nunc
352 2166 579 2217 Giiglingae
609 2168 802 2217 agenti“:
833 2167 1077 2208 officiosam
1107 2165 1284 2206 salutem
1315 2170 1356 2206 et
1386 2167 1528 2206 omnia
1557 2166 1718 2205 fausta!
1749 2166 1911 2206 Literas
1942 2171 2049 2220 tuas,
2082 2153 2322 2207 Clarissimo
2340 2168 2431 2223 Vir,

184 2227 361 2268 Domine
389 2225 528 2266 fautor
555 2226 819 2277 honorande,
851 2237 936 2266 una
966 2236 1057 2265 cum
1091 2224 1290 2276 exemplis
1317 2223 1434 2264 libri
1448 2219 1537 2265 ΠΖ·
1555 2224 1843 2264 Astronomiae
1874 2223 2184 2276 Copernieanae
2216 2230 2258 2266 et
2286 2225 2431 2267 libello

185 2283 472 2334 chronologico
514 2285 656 2334 accepi
693 2286 938 2337 affatimque
975 2285 1104 2323 serios
1143 2288 1236 2323 tuos
1272 2282 1387 2323 lusos
1418 2283 1504 2326 risi.
1566 2282 1798 2323 Restituam
1828 2282 1947 2323 illum
1978 2285 2156 2335 priorem
2189 2283 2277 2324 alia
2307 2295 2434 2325 oeca-

183 2346 298 2385 sione
329 2355 423 2383 cum
449 2344 675 2394 gratiarum
706 2344 884 2395 actione,
915 2342 1084 2395 quando
1107 2342 1316 2393 perlegere
1346 2345 1492 2382 totum.
1551 2341 1670 2381 Nunc
1698 2343 1806 2382 inter
1835 2342 2058 2395 hospitum,
2090 2354 2196 2396 quos
2217 2342 2431 2383 nundinae

182 2403 285 2443 mihi
315 2401 584 2451 advexerant,
614 2402 811 2452 strepitus
841 2402 975 2441 tribus
1004 2405 1166 2440 tantum
1196 2402 1333 2440 vorbis
1362 2405 1404 2440 te
1434 2398 1584 2454 saluto,
1615 2411 1667 2439 ne
1696 2401 1855 2440 isthaec
1885 2406 2084 2451 exoptata
2114 2403 2277 2442 occasio
2308 2406 2431 2442 tran·

182 2465 284 2513 seat,
316 2463 356 2499 et
385 2461 586 2511 significo,
616 2461 728 2513 quod
760 2459 939 2500 Wildius
971 2461 1023 2499 ob
1058 2459 1283 2499 discessum
1314 2463 1354 2498 et
1385 2459 1587 2502 defectum
1618 2459 1802 2498 omnium
1832 2459 2114 2511 ministrorum
2137 2465 2428 2514 praeterquam

181 2520 306 2559 unius
336 2518 481 2558 saltem
509 2519 752 2570 typothetae
791 2517 921 2558 libros
951 2522 1045 2557 tuos
1071 2520 1160 2568 ,iam
1190 2517 1358 2571 quidem
1389 2511 1588 2557 excudere
1618 2528 1703 2556 non
1732 2517 1892 2568 possit,
1941 2505 2047 2558 alias
2079 2518 2130 2558 de
2159 2518 2293 2571 pretio
2325 2519 2429 2559 satis

182 2578 358 2617 invicem
389 2577 640 2618 conveniret.
700 2576 860 2627 Nescio,
892 2589 974 2630 quo
1003 2580 1236 2615 transverso
1265 2574 1405 2626 lepore
1435 2575 1523 2615 viso
1553 2574 1705 2626 pedem
1730 2579 1897 2626 repente
1929 2587 1979 2615 ex
2002 2575 2171 2616 officina
2190 2577 2425 2617 retraxerit.

180 2635 432 2685 Praetendit‚
462 2633 600 2675 nullas
629 2633 717 2674 fore
748 2647 894 2675 vernas
924 2633 1134 2674 nundinas
1165 2635 1449 2687 Frankomrti‚
1499 2632 1674 2684 proinde
1702 2632 1817 2673 nolle
1847 2644 1891 2674 se
1917 2645 2009 2674 cum
2040 2634 2190 2675 damno
2222 2635 2428 2676 excudere

110 2709 117 2718 ·
181 2694 311 2733 libros
342 2705 426 2733 non
456 2692 714 2745 vendibiles,
761 2694 1006 2734 destiturum
1043 2693 1170 2732 etiam
1213 2694 1268 2732 ab
1305 2693 1597 2743 impressione
1605 2690 1863 2733 novellarum
1896 2697 1936 2732 et
1964 2693 2129 2733 interim
2161 2695 2212 2734 de
2241 2694 2328 2734 alio
2360 2693 2429 2735 lu-

183 2752 322 2793 crandi
350 2763 496 2801 genere
529 2753 814 2802 cogitaturum.
874 2753 1047 2802 Figurae
1077 2755 1232 2821 autem,
1261 2762 1368 2804 quas
1399 2751 1561 2805 misisti,
1591 2749 1862 2791 nihilominus
1893 2750 2132 2802 exsculpam
2164 2756 2206 2793 et
2232 2755 2426 2805 proximo

187 2822 351 2864 quoque
382 2815 567 2860 tempore
598 2810 653 2850 ad
682 2814 724 2850 te
754 2812 930 2854 mittam.

328 2868 518 2908 Proxime
566 2881 659 2908 cum
703 2869 771 2909 hic
817 2880 932 2922 eras,
977 2873 1061 2908 tam
1092 2869 1230 2908 subito
1262 2878 1344 2907 non
1374 2867 1475 2907 urbe
1506 2867 1705 2914 excedere¹
1731 2871 1771 2906 et
1801 2878 1828 2906 a
1856 2879 2056 2918 puerpera
2084 2867 2330 2910 meticulosa
2358 2880 2431 2922 per

183 2930 347 2966 noctem
378 2928 523 2966 abesse
554 2927 702 2978 licuit3
750 2928 859 2967 exivi
890 2931 1030 2967 tamen
1061 2930 1258 2977 sequente
1295 2935 1456 2965 summo
1489 2937 1611 2965 mane
1647 2926 1942 2976 Lustnaviam,
1985 2927 2056 2966 sed
2088 2930 2184 2966 ante
2214 2928 2429 2969 dimidiam

188 2987 334 3024 horam
362 2984 429 3023 vel
460 2986 581 3024 citius
612 2987 739 3025 etiam
767 2990 808 3025 te
839 2986 936 3025 inde
955 2986 1185 3037 profectum
1212 2986 1342 3024 tuisse
1362 2984 1634 3034 dictitabant3
1660 2986 1803 3037 itaque
1823 2979 2031 3025 subtristis
2062 2985 2227 3026 domum
2257 2992 2431 3028 reverte·

188 3045 278 3084 bar.
338 3043 456 3082 Nunc
478 3055 616 3090 cesso,
678 3045 846 3093 Ignosce
877 3056 1032 3096 quaeso
1063 3044 1354 3084 tumultuariae
1384 3044 1623 3097 scriptioni,
1644 3043 1774 3094 pudet
1794 3044 1903 3083 enim
1921 3055 1987 3083 me
2005 3044 2156 3097 ipsum,
2187 3046 2268 3084 tibi
2288 3045 2429 3096 legen-

191 3102 288 3141 dum
319 3101 564 3154 obtrudere,
607 3102 720 3154 quod
748 3103 853 3141 mihi
882 3101 1059 3153 relegere
1086 3105 1175 3152 jam
1204 3114 1287 3142 non
1317 3105 1452 3141 vacat.
1515 3100 1618 3142 Vale
1647 3102 1723 3141 Vir
1754 3099 2037 3151 eeleberrime,
2073 3101 2231 3142 Fautor
2261 3103 2429 3144 colende

185 3155 299 3200 etin
327 3163 399 3198 tua
429 3164 676 3212 tuorumque
708 3172 831 3200 causa
861 3173 974 3201 meas
1014 3172 1178 3213 quoque
1217 3172 1357 3212 preces
1398 3156 1508 3210 apud
1545 3160 1680 3200 Deum
1725 3171 1806 3199 non
1842 3160 1987 3199 irritas
2023 3159 2111 3200 fore
2148 3173 2280 3213 spera.
2341 3161 2428 3202 'ru-

183 3219 335 3268 bingae
368 3220 435 3259 13:
465 3218 568 3259 Νον.
604 3220 727 3259 1620.
787 3220 886 3259 Exc.
919 3221 1089 3258 Vestrae
1135 3220 1204 3262 off.
1239 3214 1363 3259 wilh.
1397 3218 1637 3259 Schickard.
1695 3218 1784 3258 Has
1822 3215 1966 3258 literas
2003 3220 2192 3268 proxime
2230 3229 2425 3271 superve-

183 3279 331 3316 nerunt
360 3277 437 3316 hae
468 3277 733 3327 (inscriptae-
765 3275 930 3318 Clariss.
964 3282 1005 3316 et
1033 3277 1189 3319 Excell.
1211 3279 1337 3329 Viro,
1370 3278 1422 3318 D.
1451 3277 1492 3318 J.
1523 3276 1718 3331 Kephro,
1746 3276 1873 3318 Mati).
1905 3275 2191 3326 celeberrimo,
2222 3281 2356 3320 amico
2387 3285 2429 3319 et

160 3336 339 3377 ,fautori
382 3347 472 3374 meo
517 3333 741 3385 plurimum
783 3336 1024 3375 honorando
1068 3336 1175 3375 trad.
1234 3336 1397 3376 Jezund
1442 3348 1495 3375 zu
1540 3335 1775 3386 Giiglingen
1815 3347 1865 3374 zu
1901 3333 2142 3387 erfragen.):
2189 3337 2232 3379 S.
2266 3342 2310 3379 et
2346 3339 2427 3380 off.

185 3392 421 3433 Clarissimo
451 3393 539 3445 Vir,
573 3393 759 3433 Domine
781 3397 821 3431 et
850 3393 1005 3432 Fautor
1034 3394 1286 3434 honorande.
1347 3392 1544 3443 Wildius,
1573 3398 1620 3434 ut
1649 3394 1836 3446 proxime
1866 3393 2025 3451 scripsi,
2057 3392 2222 3445 elapsus
2253 3399 2328 3451 est,
2357 3397 2425 3435 in·
2478 3427 2482 3431 ⁴

184 3453 305 3491 terim
335 3463 430 3490 vero
463 3448 621 3491 Cellius
649 3449 853 3502 illapsus,
885 3453 951 3490 cui
980 3448 1282 3502 praefationem
1312 3457 1428 3492 tuam
1459 3454 1502 3493 in
1529 3424 1683 3492 {ibrum
1712 3447 1784 3491 IV.
1812 3453 1898 3502 J‘am
1926 3451 2110 3506 tradidi,
2142 3455 2311 3505 ejusque
2340 3454 2425 3493 ini-

184 3511 288 3549 tium
317 3509 473 3549 factum
504 3513 577 3563 est,
608 3513 732 3560 prout
760 3521 856 3549 mox
886 3509 1059 3549 videbis.
1119 3510 1414 3560 (Berneggero
1423 3512 1539 3552 misit
1559 3508 1959 3561 ca1.Mart.1621
1988 3509 2264 3551 Schickardus
2298 3513 2427 3561 „bina

183 3569 287 3608 haec
314 3568 483 3618 Kepleri
512 3569 556 3607 in
585 3568 663 3612 IV.
693 3567 766 3608 lib.
800 3570 909 3609 Astr.
931 3566 1031 3618 Gop.
1061 3567 1332 3617 praefationis
1350 3569 1553 3623 exempla,
1584 3569 1800 3608 nobiscum
1815 3568 1938 3608 modo
1959 3579 2123 3617 excusa,
2155 3570 2425 3618 Argentinam

185 3627 346 3667 mittere
373 3627 498 3676 jussit
527 3638 655 3665 unum
685 3638 759 3676 pro
790 3627 836 3669 Τ.
870 3625 1026 3667 Excell.
1077 3626 1250 3665 alterum
1290 3639 1363 3678 pro
1395 3625 1688 3678 Gringanotof·
1743 3625 1973 3676 ,Keplerum
2017 3626 2131 3666 addit
2169 3627 2281 3668 ultra
2321 3631 2421 3669 octi-

187 3685 314 3724 duum
342 3696 473 3735 nuper
502 3685 628 3724 fuisse
659 3697 780 3724 suum
808 3685 1033 3735 hospitem,
1065 3685 1261 3731 hactenus
1291 3698 1385 3726 vero
1419 3682 1653 3739 discessisse
1668 3684 2027 3734 ,Ratisbonamad
2058 3689 2273 3736 conjugem
2294 3699 2418 3738 puer-

185 3740 359 3796 peram).
419 3742 462 3783 Is
491 3744 596 3793 petit
624 3747 785 3794 praeter
813 3754 1016 3794 papyrum
1046 3738 1146 3795 3¹12·
1168 3743 1345 3784 florenos
1381 3757 1456 3795 pro
1487 3744 1662 3795 singulis
1689 3744 1858 3795 paginis
1884 3744 1930 3783 in
1961 3742 2043 3784 650
2073 3743 2419 3796 multiplicandis.

185 3801 299 3842 Nihil
328 3802 554 3855 quiequam
582 3796 639 3845 ad
666 3801 746 3843 hoc
773 3800 1029 3855 postulatum
1056 3801 1273 3855 respondi,
1311 3803 1554 3858 priusquam
1579 3806 1696 3844 tuam
1723 3805 1899 3844 mentem
1928 3802 2112 3853 penitius
2143 3805 2416 3855 explorarem.
