2554 4140
0 1409 6 1696 ἒ

2 1733 9 1909 ι

837 184 978 232 Liber
1007 186 1185 233 Sextus.
1245 187 1358 233 Pars
1389 184 1576 244 Quarta.
1728 166 1738 172 δ
2236 190 2339 242 473

87 335 149 386 ab
187 349 409 400 apogaeo
447 338 720 396 menstruo,
759 334 854 400 hoc
892 342 968 386 est
1007 352 1038 386 a
1075 336 1191 387 Sole
1230 335 1311 386 vel
1352 336 1458 399 ejus
1498 320 1725 400 opposito
1765 335 2103 399 elongatorum
2140 338 2189 384 in
2227 349 2344 400 par-

86 416 159 459 tes
197 410 476 469 contrarias,
516 410 835 470 aequationes
874 417 1148 459 menstruae
1187 417 1299 459 sunt
1337 410 1652 471 inaequales,
1692 417 1740 459 et
1777 410 1896 459 illud
1923 410 2072 460 habet
2109 409 2343 472 majorem

60 512 62 515 -
87 483 431 545 aequationem
457 489 768 542 menstruam,
809 483 940 546 quod
980 491 1054 534 est
1079 497 1304 547 apogaeo
1341 482 1533 532 solutae
1558 486 1783 547 propius3
1829 484 2147 534 differentiam
2175 490 2343 532 osten-

86 555 156 605 dit
190 554 429 619 particula
466 569 631 604 exsors
670 554 933 618 duplicata.

232 631 344 689 Qua
381 631 435 676 in
473 630 808 690 proportione
842 629 1064 678 suntad
1093 631 1308 678 invicem
1334 629 1483 678 binae
1519 629 1642 677 tales
1667 632 2007 693 aequationes,
2046 629 2345 692 aequalibus

85 701 286 764 anyulis
323 717 356 750 a
395 700 508 750 Sole
544 703 601 748 in
633 702 816 764 playas
853 704 1140 751 contrarias
1177 702 1475 765 elonqatae?
1523 701 1647 751 Sunt
1685 704 1807 750 inter
1844 717 1896 750 se
1939 704 1987 749 in
2024 704 2339 765 proportione

85 772 447 823 intervallorum
481 773 649 823 Lunae
687 782 735 823 et
761 775 953 825 Terrae.
1033 774 1098 824 Ut
1133 778 1174 823 si
1203 775 1361 835 DAH,
1403 774 1540 823 ΗΑΒ
1579 774 1747 838 anguli
1772 775 2020 838 aequaleS,
2060 790 2174 824 area
2201 775 2337 823 CDA

85 849 174 897 erit
209 846 272 895 ad
311 862 476 896 aream
514 846 642 899 CLA
683 854 737 896 ut
775 849 867 896 DA
908 848 971 897 ad
1011 847 1115 898 LA.

233 920 490 985 Quomodo
517 923 716 969 utimur
741 922 835 970 hac
872 924 1175 984 aequatione
1201 927 1477 982 menstrua,
1516 935 1603 970 seu
1629 920 1755 984 quid
1778 927 1847 969 est
1883 921 2151 970 anomalia
2173 922 2343 982 primo

85 994 163 1043 vel
196 993 416 1044 seeundo
456 1000 693 1056 aequata,
735 995 862 1057 quid
898 998 1013 1043 item
1052 995 1319 1043 anomalia
1357 994 1553 1054 media,
1593 1000 1817 1056 respectu
1855 993 2110 1042 adhibitae
2148 1009 2344 1056 aequa-

89 1069 239 1117 rionis
276 1073 566 1116 menstruae
589 1067 983 1129 temporaneae?
1037 1067 1296 1130 Proposito
1324 1074 1453 1116 certo
1492 1067 1602 1116 loco
1624 1067 1799 1129 'Lunae
1838 1068 1885 1114 in
1914 1082 2004 1115 sua
2043 1067 2202 1116 orbita
2241 1080 2347 1115 cer-

85 1146 230 1204 taque
267 1140 400 1189 linea
436 1139 533 1188 loci
572 1140 740 1189 Lunae
780 1142 885 1189 veri
923 1140 1014 1189 sub
1056 1141 1306 1203 ecliptica,
1360 1141 1497 1189 verbi
1536 1155 1685 1190 causa
1724 1140 1837 1202 AL,
1892 1155 2007 1190 area
2044 1139 2151 1189 sola
2192 1139 2344 1199 LDA‚

86 1220 311 1265 constans
348 1219 535 1265 sectore
574 1213 707 1261 LDB
748 1219 796 1262 et
832 1213 1074 1276 triangulo
1117 1213 1271 1275 LBA,
1319 1219 1392 1262 est
1430 1213 1562 1263 illius
1600 1214 1696 1264 loci
1735 1220 1782 1264 et
1821 1213 2096 1263 anomaliae
2136 1204 2346 1262 eccentri

82 1287 174 1337 DL
212 1294 260 1338 et
296 1286 570 1336 anomaliae
607 1287 761 1349 primo
802 1292 1102 1350 coaequatae
1129 1286 1266 1335 DAL
1291 1287 1591 1351 respondens
1630 1286 1878 1337 anomalia
1903 1286 2078 1336 media.
2157 1284 2346 1348 Quodsi

0 1382 2 1407 ι
81 1361 183 1426 J‘am
233 1362 283 1409 in
332 1359 635 1410 semicirculo
673 1358 843 1420 HNG,
895 1361 958 1409 ab
998 1359 1046 1407 H
1099 1374 1320 1423 apogaeo
1372 1366 1619 1410 menstruo
1658 1362 1879 1424 incept0,
1935 1366 1984 1410 et
2028 1361 2076 1409 in
2116 1358 2211 1408 hoc
2247 1360 2345 1408 situ

85 1440 370 1499 punctorum
418 1433 484 1494 B,
539 1433 602 1493 C,
656 1432 726 1495 A,
780 1448 943 1483 aream
990 1433 1221 1496 trianguli
1269 1434 1500 1483 menstrui
1540 1433 1667 1483 CLA
1707 1434 2028 1497 adjecerimus
2078 1432 2140 1482 ad
2181 1446 2345 1482 aream

89 1507 248 1569 DLA,
304 1512 419 1557 tunc
469 1506 680 1569 angulus
735 1506 873 1555 DAL
922 1496 1145 1569 respectu
1198 1506 1344 1570 hujus
1395 1509 1645 1570 augmenti
1697 1515 1771 1557 est
1830 1506 2077 1557 anomalia
2127 1504 2342 1556 secundo

86 1587 295 1645 aequata
345 1586 393 1630 et
429 1580 692 1643 respondet
731 1581 775 1630 ei
816 1580 923 1643 jam
967 1579 1214 1629 anomalia
1265 1579 1425 1630 media
1471 1583 1679 1642 auctior,
1732 1583 2005 1645 composita
2051 1579 2238 1630 scilicet
2286 1594 2348 1629 ex

86 1654 224 1704 DAL
262 1659 311 1704 et
348 1652 494 1713 LCA,
534 1653 753 1716 intellige
791 1667 992 1710 rursum,
1034 1653 1253 1716 qualium
1291 1668 1406 1703 area
1441 1653 1646 1717 simplex
1684 1654 1849 1704 circuli
1889 1660 1963 1704 est
2002 1652 2148 1703 360⁰.
2211 1651 2346 1702 Idem

86 1728 246 1778 locum
282 1727 434 1776 habet
485 1728 534 1774 in
573 1726 876 1776 semicirculo
912 1728 1169 1789 posteriori
1209 1724 1377 1787 GOH,
1430 1741 1461 1775 a
1497 1729 1725 1791 perigaeo
1763 1734 2009 1778 menstruo
2049 1725 2094 1775 G
2133 1728 2346 1792 incepto,

86 1802 128 1852 si
170 1801 575 1859 subtraxerimuS,
629 1800 766 1849 verbi
816 1814 966 1849 causa
1016 1801 1064 1846 in
1103 1799 1180 1861 M,
1235 1814 1399 1848 aream
1438 1799 1581 1848 CAM
1620 1801 1683 1850 ab
1731 1816 1846 1851 area
1883 1798 2145 1849 HAMGN.
2222 1800 2346 1848 Nam

90 1872 517 1930 nreaHAMGNH
555 1878 630 1922 est
666 1873 914 1922 anomalia
950 1872 1128 1932 media,
1166 1872 1466 1936 respondens
1505 1879 1554 1923 et
1579 1876 1856 1924 anomaliae
1895 1875 2104 1923 eccentri
2133 1871 2343 1934 DNGM,

90 1952 140 1998 ct
174 1953 473 2010 coaequatae
513 1948 683 2010 primo,
725 1945 912 1996 scilicet
949 1944 1303 2010 complemento
1342 1946 1510 2010 anguli
1547 1947 1727 2010 DAM3
1782 1953 1830 1997 et
1877 1962 1992 1997 area
2029 1945 2342 2006 HAMGNH,

90 2019 326 2070 diminuta
364 2035 479 2070 area
515 2019 672 2081 CAM,
714 2025 789 2070 est
825 2019 1073 2069 anomalia
1110 2019 1294 2079 media,
1351 2020 1649 2083 respondens
1689 2020 1847 2071 eidem
1885 2019 2159 2070 anomaliae
2197 2019 2349 2068 DAM

90 2093 606 2157 secundoaequatae:
660 2096 731 2143 sic
776 2095 903 2142 enirn
943 2091 1159 2156 appellat
1197 2092 1368 2157 Tycho
1409 2093 1649 2154 Braheus,
1705 2094 1901 2157 qnando
1940 2093 2004 2143 ad
2049 2093 2346 2142 anomaliam

89 2167 298 2218 mediam
336 2167 461 2217 duae
500 2173 614 2216 sunt
651 2167 901 2219 adhibitae
939 2167 1275 2230 aequationes‚
1314 2161 1445 2230 prior
1484 2181 1544 2216 ex
1581 2168 1769 2229 soluta,
1823 2169 2063 2231 posterior
2100 2172 2350 2216 menstrua

91 2246 413 2305 temporanea.
488 2240 581 2290 Ille
619 2240 816 2304 quidem
855 2254 964 2289 cum
1004 2241 1295 2288 astronomis
1334 2241 1505 2289 ceteris
1558 2242 1643 2289 uni
1680 2240 1870 2290 mediae
1910 2239 2187 2289 anomaliae
2226 2238 2349 2289 duas

91 2320 227 2379 aptat
264 2320 585 2378 coaequatas‚
639 2313 970 2364 subtrahendo
1010 2308 1331 2376 aequationes
1382 2315 1435 2366 in,
1469 2315 1625 2377 primo
1663 2314 1966 2364 semicirculo
2006 2320 2055 2363 et
2092 2314 2202 2363 loca
2239 2314 2348 2363 visa

93 2386 348 2451 mutand03
397 2387 478 2436 hic
531 2402 647 2438 vero
699 2389 783 2435 uni
834 2393 1135 2450 coaequatae
1183 2392 1230 2436 et
1279 2387 1363 2434 nni
1403 2388 1510 2435 viso
1558 2387 1668 2436 loco
1709 2388 2103 2452 duaeaptantur
2140 2385 2348 2448 mediae,

93 2460 312 2510 addendo
350 2462 667 2524 aequationes
705 2462 755 2508 in
793 2462 947 2524 primo
987 2458 1306 2520 semicircu10,
1358 2465 1412 2508 ut
1448 2463 1680 2523 temporis
1718 2476 1884 2511 morae
1907 2466 2192 2522 mutentur,
2234 2461 2350 2523 quia

93 2547 267 2584 causae
304 2540 378 2584 tot
413 2537 762 2598 aequationum
802 2539 915 2582 sunt
951 2532 1199 2597 physicae,
1238 2532 1446 2582 necdum
1487 2549 1654 2584 omnes
1693 2535 1967 2598 explicatae
2005 2539 2132 2583 sunt.

233 2607 288 2656 In
324 2607 470 2671 hujus
510 2623 626 2658 vero
665 2606 953 2657 semicirculi
991 2607 1211 2669 partibus
1249 2607 1375 2655 inter
1413 2606 1474 2667 D,
1511 2606 1561 2654 H
1599 2621 1847 2672 apogaea,
1899 2606 1979 2656 vel
2016 2608 2082 2668 F,
2136 2604 2181 2654 G
2219 2606 2350 2670 peri-

95 2693 231 2744 μω,
272 2683 434 2731 cantio
473 2688 546 2730 est
583 2682 721 2731 haec.
799 2681 873 2730 Sit
913 2680 951 2728 P
976 2684 1210 2743 punctum
1250 2678 1586 2728 intermedium
1623 2681 1762 2729 locus
1789 2681 1991 2740 orbitae,
2033 2685 2080 2728 et
2109 2679 2193 2727 ΑΡ
2220 2678 2351 2727 linea

94 2755 193 2803 veri
228 2753 323 2804 loci
362 2754 558 2816 Lunae,
611 2761 659 2804 et
697 2754 786 2803 DP
826 2754 1074 2802 anomalia
1112 2753 1345 2813 eccentri,
1395 2758 1443 2802 et
1480 2753 1618 2802 DAP
1669 2753 1881 2817 angulus
1918 2752 2163 2802 anomalia
2202 2766 2350 2801 coae-

96 2833 263 2891 quata,
303 2828 541 2890 siquidem
582 2828 730 2891 igitur
767 2827 1052 2886 intelligitur
1089 2826 1213 2875 haec
1254 2840 1360 2875 esse
1398 2828 1553 2889 primo
1594 2833 1890 2890 coaequata,
1939 2832 2055 2875 tunc
2093 2824 2353 2887 respondet

79 2899 140 2949 -ei
174 2900 414 2950 anomalia
450 2901 626 2960 media,
666 2916 782 2951 area
821 2900 982 2959 DPA,
1023 2906 1252 2949 constans
1291 2905 1478 2948 sectore
1518 2900 1650 2948 DPB
1691 2906 1740 2950 et
1776 2900 2019 2962 triangulo
2059 2898 2192 2946 PBA
2229 2899 2349 2949 sim-

94 2971 234 3036 plici3
279 2975 352 3023 sin
403 2981 565 3024 autem
605 2974 743 3022 DAP
782 2976 846 3022 sit
897 2974 1144 3023 anomalia
1194 2971 1408 3022 secundo
1450 2980 1746 3036 coaequata,
1798 2979 1911 3021 tunc
1951 2974 1995 3021 ei
2033 2970 2350 3034 respondebit

37 3086 39 3089 .
96 3046 363 3096 anomaliae
401 3048 594 3097 mediae
633 3062 874 3107 mensura,
916 3062 1031 3095 area
1070 3046 1222 3105 DAP,
1264 3045 1502 3094 diminuta
1541 3046 1706 3095 areola
1736 3045 1881 3094 PAO.
1958 3046 2081 3094 Nam
2121 3044 2199 3094 hic
2237 3059 2352 3094 area

26 3124 41 3185 's'
97 3117 285 3183 quidem
324 3120 456 3169 ΡΑΒ
495 3127 569 3170 est
618 3122 664 3167 in
717 3119 908 3168 solutae
948 3119 1268 3168 descendente
1308 3120 1611 3168 semicirculo
1651 3119 1810 3180 DPF,
1863 3123 1914 3167 at
1951 3133 2069 3167 area
2105 3117 2235 3166 PAO
2275 3123 2349 3168 est

28 3215 41 3270 ,
97 3190 145 3239 in
178 3198 451 3243 menstruae
491 3193 786 3242 ascendente
825 3192 1128 3242 semicirculo
1170 3191 1324 3240 GPH.

235 3265 393 3315 Doees
428 3269 587 3329 iqitur
623 3266 917 3314 anomaliae
952 3264 1169 3312 secundo
1196 3270 1445 3326 aequatae
1462 3266 1756 3325 propositae
1781 3265 2013 3312 invenire
2036 3278 2185 3312 suam
2219 3278 2350 3314 ano-

98 3336 302 3387 maliam
341 3340 685 3388 mediamslat
720 3339 777 3401 fit
811 3338 1141 3401 frequentius,
1182 3344 1239 3384 ut
1273 3342 1597 3398 proponatur
1631 3351 1690 3385 ea:
1728 3339 1965 3399 temporis
1996 3336 2179 3386 notitia
2219 3352 2352 3386 ano-

0 3429 35 3460 ·,
98 3410 253 3459 maiia
290 3412 483 3472 media,
535 3414 681 3461 velim
731 3412 849 3458 huic
891 3424 1040 3457 suam
1088 3410 1304 3458 seeundo
1341 3416 1670 3471 coaequatam
1717 3411 1959 3460 invenire.
2035 3409 2247 3458 Rursum
2287 3410 2349 3459 ad

99 3478 191 3532 boc
225 3496 320 3533 non
358 3486 516 3533 minus
555 3499 700 3548 qnam
739 3498 886 3546 supra
924 3481 1046 3529 libro
1086 3481 1147 3529 V.
1189 3483 1269 3530 via
1321 3479 1454 3529 nulla
1505 3488 1579 3530 est
1615 3497 1645 3531 a
1682 3485 1854 3545 priori,
1910 3482 1996 3532 sed
2047 3489 2240 3547 oportet
2279 3484 2349 3531 uti

35 3582 38 3598 ι
100 3554 263 3618 regula
301 3557 426 3616 falsi,
466 3564 551 3606 aut
590 3556 770 3606 tabulis
808 3557 867 3603 in·
899 3554 1028 3603 hunc
1065 3568 1207 3602 usum
1246 3554 1493 3602 consectis.

227 3628 464 3678 -Attamen
503 3632 544 3679 si
581 3645 677 3679 non
718 3627 1135 3691 scrupulosissime
1174 3628 1238 3674 sit
1264 3624 1521 3687 agendum,
1560 3630 1675 3676 tunc
1713 3629 1912 3678 inventa
1937 3631 2168 3692 aequatio
2210 3643 2350 3677 men-

38 3715 41 3773 ’1
103 3701 232 3750 sirus
268 3708 593 3765 temporanea,
633 3702 940 3752 considerata
977 3706 1031 3748 ut
1069 3699 1291 3761 angulus,
1332 3701 1509 3761 poterit
1547 3700 1692 3749 etiam
1734 3703 1972 3750 contraria
2009 3704 2093 3750 via
2131 3701 2350 3750 subtrahi

0 3773 4 3788 '
39 3779 41 3784 ⁴
103 3770 151 3819 in
184 3774 337 3835 primo
374 3776 691 3836 semicirculo,
733 3774 847 3823 addi
888 3775 934 3820 in
973 3772 1187 3820 secundo
1228 3771 1288 3820 ad
1312 3773 1465 3834 ipsam
1498 3774 1792 3823 anomaliam
1830 3777 1985 3838 primo
2008 3779 2348 3839 coaequatam,

40 3841 44 3908 ff
104 3847 159 3892 ut
190 3843 274 3894 flat
309 3848 521 3898 secundo
562 3854 859 3912 coaequata,
912 3847 1191 3909 propositae
1230 3845 1420 3894 mediae
1459 3846 1730 3896 invariatae
1767 3850 1981 3898 manenti
2022 3845 2345 3909 respondens3

105 3913 184 3966 vol
216 3924 379 3981 potest
414 3923 559 3971 etiam
598 3920 807 3986 angulus
844 3917 1073 3981 trianguli
1115 3917 1242 3967 CLA
1282 3917 1390 3968 loco
1441 3917 1623 3969 valoris
1671 3935 1815 3971 areae
1855 3921 1984 3970 CAL
2022 3919 2244 3969 subtrahi
2283 3919 2347 3968 ab
