2554 4140
230 146 335 193 484
1056 134 1290 191 Epitomes
1320 135 1638 182 Astronomiae

230 286 387 336 ralleli
429 283 511 334 xvel
564 288 820 345 tangentes
870 297 921 331 se
950 288 1143 353 'mutuo
1190 282 1475 331 altrinsecus
1532 284 1737 332 circulus
1789 286 1991 334 visionis
2036 286 2138 335 NM
2188 288 2379 335 citerior
2434 293 2482 336 et
2547 320 2550 322 v

238 358 444 407 circulus
486 357 854 404 illuminationis
895 355 986 403 LK
1024 354 1236 415 ulterior,
1275 361 1388 416 post
1425 351 1613 402 Lunam
1651 371 1839 404 sursum
1879 374 1908 405 a
1936 359 2086 407 Terra
2123 366 2372 421 receptus:
2413 360 2484 407 ita

235 439 287 479 ut
327 430 533 478 circulus
570 435 702 477 totus
742 429 947 476 visionis
987 426 1423 489 comprehendatur
1457 429 1505 473 in
1544 433 1679 491 parte
1705 427 2005 493 illuminata3
2045 430 2317 493 diciturque
2344 431 2484 480 Luna
2547 476 2554 482 ,

228 503 389 566 plena,
429 500 766 565 plenilunium,
804 502 1110 564 πανσεληνος.
1209 556 1211 558 ,
1878 536 1882 545 .

379 577 427 622 4.
470 573 678 635 Quando
716 573 858 621 Luna
896 573 1146 636 superavit
1183 573 1459 635 oppositum
1500 570 1653 631 Solis,
1702 573 1773 620 sic
1810 579 1864 621 ut
1901 576 1950 622 in
1990 575 2143 626 altero
2182 575 2484 625 semicirculo

231 662 419 695 rursum
469 647 826 710 appropinquet
863 645 992 705 Soli,
1049 652 1164 692 tunc
1219 643 1391 692 iisdem
1442 643 1500 692 de
1553 645 1736 704 causiS,
1795 645 1960 696 ordine
2009 654 2171 697 tamen
2227 650 2484 710 contrari0,

232 721 412 784 phases
453 721 668 768 existunt
707 718 920 778 eaedem,
968 717 1119 779 gibba
1157 718 1204 763 in
1244 717 1299 776 F,
1340 723 1451 780 post
1487 716 1653 777 bifida,
1693 716 1866 766 ultimo
1904 719 2085 770 falcata
2121 724 2171 769 in
2210 723 2272 770 D.
2348 722 2487 768 Dici-

231 799 405 856 turque
465 806 721 841 senescens
780 805 865 840 seu
918 789 1198 838 decrescens
1254 789 1418 849 Luna,
1487 803 1660 852 graece
1717 795 1932 849 φθινεσα
1978 799 2027 841 et
2081 798 2366 858 ‹pthiotam-rs:
2415 795 2489 842 bet

232 865 318 914 alte
354 863 523 915 fflioub.
597 865 772 926 Itaque
823 865 970 912 etiam
1019 868 1230 910 aetatem
1279 862 1449 911 Lunae
1502 876 1792 925 usurpamus
1839 878 1927 926 pro
1974 879 2172 916 numero
2229 866 2412 915 dierum
2460 882 2490 914 a

235 938 504 998 novilunio,
545 938 592 984 in
635 951 731 999 quo
770 937 904 984 nasci
943 935 1085 983 Luna
1126 940 1360 986 censetur.

382 1010 439 1059 Si
496 1011 676 1071 phasee
731 1023 901 1061 omnes
957 1009 1196 1057 binorum
1250 1009 1557 1056 circulorum
1612 1008 1742 1056 binis
1796 1011 2142 1058 terminantur
2195 1002 2489 1071 semissibus,

233 1083 648 1140 alteravisioniS,
690 1083 847 1130 altero
885 1082 1305 1129 illuminationis:
1344 1095 1476 1143 quae
1511 1083 1671 1143 iyitur
1712 1096 1867 1130 causa
1906 1088 1991 1146 est,
2031 1083 2167 1145 quod
2200 1098 2304 1133 non
2343 1090 2493 1131 utra-

236 1171 331 1219 que
362 1156 574 1217 phaseos
628 1157 920 1203 terminatio
968 1155 1232 1203 circularis
1284 1159 1558 1217 appareat,
1613 1153 1697 1202 sed
1745 1155 2000 1203 interdum
2048 1156 2212 1204 altera
2260 1157 2394 1204 linea
2432 1158 2494 1203 sit

238 1236 390 1290 recta,
431 1243 491 1275 ac
527 1231 570 1276 si
609 1228 788 1276 bisecta
827 1233 944 1275 esset
983 1226 1178 1275 Luna?
1218 1226 1437 1275 Circulus
1477 1225 1672 1288 quidem
1711 1229 1914 1276 visionis
1939 1227 2039 1277 MN
2065 1243 2254 1293 semper
2292 1234 2495 1292 apparet

236 1306 289 1350 ut
336 1300 564 1358 ci1·euluS‚
620 1302 734 1363 quia
784 1315 974 1364 semper
1012 1300 1074 1348 ad
1121 1305 1279 1348 rectos
1330 1299 1537 1362 angulos
1588 1300 1812 1362 objicitur
1847 1300 2026 1361 lineae,
2081 1316 2139 1350 ex
2186 1308 2347 1350 centro
2404 1315 2494 1350 suo

236 1373 288 1433 C,
329 1374 384 1434 E,
427 1372 489 1438 G,
529 1373 582 1434 F,
625 1374 670 1420 D
711 1375 758 1419 in
799 1373 991 1421 oculum
1031 1373 1070 1420 B
1112 1371 1311 1432 ductae,
1360 1379 1410 1420 at
1450 1372 1658 1421 circulus
1707 1372 2076 1422 illuminationis
2115 1374 2204 1422 LK
2244 1389 2351 1423 cum
2393 1372 2495 1421 dis-

235 1461 377 1494 cessu
417 1446 586 1493 Lunae
627 1462 656 1494 a
694 1446 808 1494 Sole
850 1446 928 1494 vel
969 1446 1074 1508 ejus
1115 1447 1355 1508 opposit0‚
1396 1445 1445 1491 id
1485 1451 1557 1493 est
1597 1460 1705 1494 cum
1743 1445 1924 1509 angulo
1964 1446 2111 1507 ABE,
2154 1447 2283 1495 ABF
2322 1461 2496 1495 neces·
2525 1445 2539 1469 ·’

235 1520 365 1567 sario
405 1519 663 1567 inflectitur
702 1525 749 1567 et
788 1518 985 1581 oblique
1022 1520 1178 1580 magis
1217 1518 1470 1580 magisque
1499 1518 1726 1580 objicitur
1764 1521 1907 1580 visui,
1950 1519 2103 1569 donec
2127 1520 2258 1569 linea
2297 1534 2357 1569 ex
2393 1519 2496 1582 ejus

236 1598 399 1640 centro
439 1593 487 1638 in
531 1591 747 1652 oculum,
806 1599 860 1639 ut
898 1591 1008 1652 EB',
1050 1590 1319 1655 applicetur
1356 1590 1502 1654 plano
1542 1591 1674 1639 illius
1714 1592 1880 1641 circuli
1919 1592 2023 1640 KL.
2094 1592 2214 1657 'Jam
2254 1606 2370 1641 vero
2409 1591 2498 1641 de-

240 1670 534 1713 monstratur
583 1666 631 1711 in
685 1665 884 1728 opticis,
938 1663 1068 1726 quod
1117 1663 1294 1727 globus
1331 1664 1380 1710 in
1420 1663 1688 1727 longinquo
1729 1672 1964 1729 appareat
2000 1675 2055 1714 ut
2093 1666 2254 1715 discus
2306 1665 2495 1728 planae,

237 1743 286 1786 et
323 1739 371 1784 in
411 1737 561 1800 globo
602 1738 808 1786 circulus
851 1736 1049 1799 oblique
1090 1736 1335 1800 obJectuS,
1391 1742 1446 1785 ut
1482 1737 1664 1800 angulo
1707 1737 1863 1799 BFL,
1918 1738 2081 1800 BDL,
2130 1753 2226 1789 non
2267 1742 2500 1802 appareat

239 1816 294 1858 ut
344 1811 575 1871 circulus,
631 1810 718 1860 sed
765 1815 820 1859 ut
868 1809 1084 1875 ellipsis3
1141 1818 1188 1859 et
1244 1811 1286 1859 si
1339 1809 1674 1873 obliquissime
1730 1810 2009 1875 anguloque
2055 1811 2184 1860 BEL
2234 1810 2390 1874 nulle,
2446 1815 2500 1860 ut

236 1883 367 1932 linea
404 1889 553 1932 recta.

398 1969 491 2019 Ubi
524 1972 581 2034 fit
608 1972 754 2019 linea
790 1969 964 2019 recta?
1012 1969 1068 2017 In
1110 1968 1348 2032 quadrato
1377 1967 1524 2030 Solis,
1564 1969 1644 2019 vel
1683 1971 1731 2016 in
1770 1976 2051 2020 senescente
2076 1970 2223 2034 paulo
2262 1970 2411 2042 ultra,
2451 1970 2501 2018 in

239 2051 481 2092 crescente
535 2043 682 2108 paulo
740 2050 854 2092 ante
905 2042 1067 2091 locum
1107 2041 1236 2091 Solis
1278 2036 1596 2105 quadratum.
1649 2043 1734 2091 ubi
1773 2043 1958 2092 scilieet
1996 2043 2205 2106 angulus
2243 2045 2367 2093 inter
2404 2041 2500 2091 So·
2552 2069 2554 2088 .

179 2177 181 2181 ¹
242 2115 364 2176 lem,
419 2116 609 2173 Lunam
666 2123 714 2165 et
752 2116 948 2164 Terram
1001 2120 1160 2164 rectus
1209 2121 1283 2164 est
1320 2114 1383 2163 ad
1420 2114 1627 2164 Lunam.
1707 2108 1801 2164 Vel
1839 2117 1994 2179 magis
2041 2119 2361 2179 geometrice·
2414 2115 2498 2164 ubi
2552 2103 2554 2117 '

241 2203 357 2236 axes
397 2203 629 2238 cenorum
667 2189 868 2238 umbrae
908 2195 954 2237 et
994 2188 1198 2236 visionis
1237 2194 1423 2237 rectum
1462 2187 1695 2257 angulum
1733 2188 1932 2238 faciunt.
2535 2156 2554 2263 ἰ

383 2272 445 2316 Ut
473 2272 547 2316 hic
575 2273 706 2317 ABM
734 2278 886 2317 rectus
918 2276 1000 2324 est,
1034 2283 1177 2326 eoque
1209 2270 1258 2314 M
1287 2270 1416 2315 locus
1448 2271 1861 2327 SolisquadratuS.
1921 2272 2044 2328 Ergo
2076 2272 2113 2316 si
2143 2273 2276 2317 Luna
2308 2263 2367 2318 ¹sit
2396 2275 2500 2316 ante
2547 2294 2554 2336 Ι

222 2338 304 2393 vM,
338 2343 388 2382 ut
418 2338 463 2381 in
493 2339 546 2386 E,
581 2337 772 2396 angulus
803 2336 970 2381 scilicet
1001 2337 1123 2381 ΑΕΒ
1155 2342 1307 2381 rectus
1340 2349 1484 2392 eoque
1514 2338 1647 2381 EBM
1677 2343 1844 2386 tantus,
1876 2343 2072 2394 quantus
2091 2338 2234 2382 BAE:
2267 2343 2376 2383 tunc
2405 2337 2501 2395 pla.-
2546 2355 2554 2410 Ι

239 2417 348 2447 num
379 2403 535 2448 circuli
549 2403 645 2458 ΚΒ,
676 2401 879 2447 incidens
909 2402 955 2444 in
976 2401 1144 2446 lineam
1174 2401 1357 2446 visionis
1379 2402 1476 2456 ΕΒ,
1507 2409 1697 2459 apparet
1726 2409 1777 2448 ut
1807 2403 1939 2449 linea.
1993 2405 2103 2449 Cum
2123 2403 2259 2460 igitur
2286 2404 2400 2450 libro
2422 2402 2500 2450 IV.

242 2469 535 2526 comprobata
586 2468 645 2512 sit
694 2466 926 2524 proportio
973 2465 1050 2510 AB
1101 2466 1159 2512 ad
1205 2466 1286 2510 BE
1337 2477 1455 2520 quae
1504 2469 1559 2514 59
1609 2466 1666 2511 ad
1721 2469 1765 2525 1,
1818 2469 1902 2515 erit
1951 2470 2144 2529 angulus
2195 2470 2326 2515 EBM
2375 2469 2501 2528 grad.

240 2538 281 2582 Ο.
315 2535 370 2580 58
400 2547 466 2590 pr.
501 2533 558 2579 20
589 2545 678 2578 sec.

386 2611 641 2672 Quomodo
680 2616 1008 2673 computatur
1045 2609 1262 2658 latitudo
1297 2609 1506 2673 phaseos
1545 2611 1722 2673 quovis
1759 2612 2049 2661 momento?
2094 2611 2230 2660 Sicut
2267 2610 2501 2660 diameter
2540 2594 2554 2665 l

243 2684 411 2734 circuli
449 2699 501 2732 se
539 2683 690 2732 habet
729 2683 791 2732 ad
831 2685 1061 2746 sagittam
1100 2681 1267 2744 anguli
1318 2685 1508 2744 axium,
1560 2685 1630 2732 sic
1681 2689 1755 2732 est
1801 2684 2036 2734 diameter
2074 2684 2192 2733 disci
2232 2684 2417 2743 Lunae
2437 2681 2500 2744 ad
2542 2673 2554 2768 εἰ

240 2757 549 2806 latitudinem
587 2756 770 2820 phasis,
811 2756 924 2806 sere.
1000 2755 1125 2803 Nam
1167 2755 1347 2803 dictum
1376 2761 1464 2817 est,
1504 2755 1615 2820 plus
1638 2756 1800 2805 medio
1839 2757 1973 2820 globi
1998 2757 2274 2807 illuminari
2341 2751 2500 2818 Quare
2539 2752 2554 2844 ἑξ

244 2831 330 2879 ubi
369 2829 579 2893 angulus
618 2837 778 2878 rectus
815 2835 864 2878 et
903 2828 1108 2878 circulus
1147 2826 1518 2878 illuminationis
1557 2835 1611 2877 ut
1648 2836 1780 2879 recta
1819 2835 2046 2895 apparet,
2097 2831 2164 2879 ibi
2203 2830 2352 2893 paulo
2386 2829 2502 2929 plus
2538 2831 2554 2940 ξ

242 2903 403 2952 medio
444 2903 565 2951 disci
603 2902 917 2951 illuminatur.
2414 2938 2417 2941 ,

391 2975 550 3035 Cujus
583 2975 791 3038 phaseos
828 2979 1139 3025 momentum
1174 2973 1382 3036 facilius
1420 2973 1756 3036 diynoscitur,
1809 2990 1954 3038 cuyus
1990 2974 2283 3039 difficilius?
2330 2975 2500 3023 Lunae
2532 2954 2545 3057 ἐ

242 3047 420 3097 bifidae
459 3039 626 3112 phasis
666 3050 792 3099 intra
829 3061 1010 3113 paucas
1048 3045 1193 3094 horas
1235 3045 1534 3108 discernitur,
1576 3048 1752 3110 quibus
1793 3063 1851 3097 ex
1891 3063 2013 3098 cava
2050 3048 2104 3095 fit
2127 3049 2301 3111 gibba3
2342 3046 2501 3112 pleni·
2532 3063 2540 3102 ς

249 3120 433 3167 lunium
472 3135 588 3169 vero
630 3127 851 3170 exactum
893 3123 975 3167 vix
1014 3121 1139 3167 intra
1177 3117 1388 3167 triduum
1425 3123 1602 3168 mutari
1642 3123 1862 3183 cernitur,
1901 3126 2063 3185 partes
2104 3123 2229 3169 enim
2268 3110 2543 3183 aequales‘

246 3194 604 3241 accessionibus
658 3194 736 3242 vel
778 3193 1140 3243 decessionibus
1195 3192 1465 3256 superficiei
1518 3193 1820 3244 illuminatae
1858 3195 1906 3241 in
1947 3193 2106 3242 medio
2147 3193 2341 3256 quidem
2381 3192 2500 3241 disci

248 3265 540 3348 objiciuntur
578 3267 706 3314 visui
745 3281 966 3329 magnae,
1008 3271 1061 3313 ut
1101 3266 1251 3326 sinus,
1292 3267 1340 3312 in
1380 3268 1595 3328 margine
1635 3282 1750 3315 vero
1790 3267 1908 3315 disci
1946 3281 2142 3330 parvae,
2182 3274 2235 3315 ut
2274 3268 2537 3330 sagittae,
2528 3249 2546 3302 ξ’

247 3343 301 3384 ut
335 3337 435 3398 jam
476 3337 669 3385 dictum.
748 3340 922 3402 Itaque
962 3340 1051 3386 etsi
1093 3343 1279 3385 tantum
1319 3338 1535 3386 absimus
1576 3341 1638 3388 ab
1679 3341 1922 3402 ipsissima
1950 3341 2272 3403 oppositione,
2314 3346 2366 3387 ut
2405 3339 2535 3387 cir·

250 3409 387 3457 culus
426 3411 627 3458 visionis
682 3419 814 3460 secet
866 3411 1096 3460 circulum
1136 3410 1504 3459 illuminationis
1542 3414 1589 3459 in
1630 3418 1766 3476 parte
1811 3412 2037 3470 minima,
2093 3412 2301 3463 habetur
2337 3418 2500 3460 tamen
2526 3373 2535 3435 ¹

248 3495 334 3547 pro
375 3487 602 3542 tangente
642 3482 779 3530 illum
819 3490 866 3532 et
905 3484 1071 3548 phasis
1111 3498 1197 3548 pro
1238 3483 1522 3546 plenilunio.
2438 3499 2448 3507 “
2525 3438 2534 3516 ¹

398 3553 657 3617 Quomodo
707 3559 947 3617 arquitur
988 3557 1141 3604 Luna
1190 3571 1406 3604 crescens
1452 3563 1498 3604 et
1546 3555 1857 3605 decrescens?
1903 3555 2151 3606 Matutina
2199 3571 2287 3605 seu
2337 3534 2531 3611 Orien-‘3

246 3626 378 3691 talis,
418 3631 466 3674 et
505 3626 728 3674 cornibus
770 3628 846 3676 vel
886 3630 1035 3691 gibbo
1077 3643 1303 3677 occasum
1329 3634 1616 3689 monstram,
1656 3631 1726 3676 sie
1763 3630 1888 3676 utin
1930 3631 2106 3678 nostris
2141 3631 2277 3678 zonls
2316 3630 2363 3675 in
2392 3618 2529 3704 eam}

249 3699 445 3748 obviam
483 3697 651 3746 dextra
688 3713 859 3747 manus
899 3701 1105 3750 adversa
1143 3703 1287 3750 inseri
1324 3716 1470 3765 posse
1510 3701 1756 3749 videatur:
1804 3706 1919 3748 tunc
1958 3701 2207 3751 decrescit.
2283 3680 2528 3774 Vesper-,

248 3774 351 3821 tina
389 3785 504 3822 vero
542 3784 631 3819 seu
670 3771 886 3833 occidua,
927 3779 974 3821 et
1013 3775 1236 3822 cornibus
1275 3774 1356 3822 vel
1392 3774 1541 3837 gibbo
1581 3774 1737 3822 ortum
1773 3779 2063 3838 monstram,
2105 3781 2286 3825 etcum
2328 3787 2527 3823 occur-

2530 3169 2541 3207 i
