2554 4140
149 137 258 188 ⁴26
991 131 1230 190 Epitums
1259 131 1580 180 Asu-neniae

149 283 409 334 declinatio
443 281 613 346 puncti
647 281 931 346 eclipticas,
980 280 1307 346 multiplicato
1344 283 1454 331 sinu
1493 281 1822 334 inclinationis
1868 282 2111 333 maximae
2156 284 2208 332 in
2245 284 2408 354 smum

150 356 422 420 argumenti
461 355 792 404 inclinationis
830 362 882 405 ct
909 370 941 405 a
977 356 1109 405 facto
1146 356 1348 404 resectis
1388 357 1419 403 5
1461 354 1671 416 ultimis,
1709 363 1916 420 apparet
1954 357 2091 405 sinus
2128 356 2409 408 inclinatio-

149 431 240 480 nis.
315 427 444 478 Vide
478 441 764 493 processum
800 427 884 478 fol.
913 430 1035 478 230.
1078 433 1127 478 et
1163 442 1301 491 seqq.
1377 427 1432 476 Si
1469 441 1560 491 pro
1597 429 1789 479 sinibus
1812 443 2013 479 arcuum
2050 431 2203 479 utaris
2240 444 2408 481 eorum

149 502 482 566 logan-immin,
519 500 864 565 multiplicatio
902 505 1211 551 convertetur
1247 502 1298 548 in
1334 500 1606 565 simplicem
1643 501 1960 552 additionem.

295 574 439 640 Quid
470 581 544 623 eet
577 575 717 624 loeus
746 575 991 638 planetae
1026 575 1330 623 occentu-icus
1365 576 1423 623 in
1459 575 1726 638 ediptien?
1795 575 2042 624 Punctum
2089 573 2213 623 illud
2250 574 2408 640 eclip-

147 647 289 709 ticac,
328 650 378 696 in
416 661 516 711 quo
553 653 746 698 secatur
782 646 871 697 illa
907 664 938 696 a
976 645 1159 697 circulo
1194 646 1553 704 inclinationis,
1600 662 1687 712 per
1721 647 1887 698 locum
1924 648 2246 698 ccceutricum
2282 649 2407 700 sim-

145 720 339 785 pliciter
387 719 572 771 dictum
620 720 863 772 traducto.
940 717 1008 770 Ut
1054 721 1097 768 si
1146 718 1348 783 planeta
1395 721 1447 769 in
1483 720 1562 781 K,
1613 719 1751 771 locus
1804 720 1911 784 ejus
1961 722 2260 771 eceeutrieus
2305 717 2408 789 (eie
2451 711 2457 715 ’
2496 784 2502 788 ,

144 794 429 859 simpliciter
464 793 648 857 dictus)
684 796 750 843 sit
785 794 830 843 N
867 798 917 843 et
950 791 1040 842 NL
1076 789 1287 842 circulm
1324 792 1669 852 inclinationis,
1708 792 1902 858 angulis
1925 792 2086 853 Nm,
2124 791 2259 844 NLO
2295 809 2407 846 rec-

145 869 222 930 tis,
261 869 353 917 erit
387 867 429 917 L
467 866 605 917 locus
642 865 871 931 planetae
911 867 1209 915 eceentricus
1259 867 1308 914 in
1347 866 1589 931 ecliptica.
1661 866 1773 916 Non
1812 864 1989 916 dicitur
2034 865 2172 916 locus
2210 866 2409 932 eclipti-

145 956 230 991 cus
274 940 585 1005 simpliciter,
637 942 755 1004 quia
804 940 885 989 hic
935 937 1147 988 involvit
1190 940 1341 989 etiam
1388 938 1792 1004 inaequalitatem
1830 937 2121 1001 secundm,
2169 937 2279 989 libri
2321 939 2404 993 vl.

143 1015 426 1078 materiam3
463 1013 551 1064 sed
588 1012 784 1063 additur
821 1026 920 1062 vox
958 1013 1276 1078 eccentricus,
1311 1018 1368 1063 ut
1404 1012 1758 1077 intelligamus,
1797 1011 1860 1063 de
1898 1011 1984 1062 illo
2033 1012 2144 1063 loco
2180 1014 2280 1077 agi,
2319 1016 2408 1078 qui
2479 1045 2489 1054 .

144 1087 491 1139 determinatur
526 1087 621 1136 sub
658 1085 887 1150 ecliptica
920 1099 1008 1149 per
1043 1084 1203 1136 solum
1241 1088 1590 1148 eccentricum,
1627 1091 1817 1136 remoto
1847 1086 1954 1150 jam
1992 1099 2233 1137 concursu
2270 1087 2405 1142 orbia

142 1163 331 1227 magni,
371 1159 433 1211 de
469 1174 568 1224 quo
606 1158 732 1210 libro
760 1159 847 1209 VI.
2455 1189 2474 1221 ¹·

293 1235 438 1299 Quae
473 1240 701 1283 ceresam
730 1234 975 1297 planetae
1010 1220 1276 1319 lonfitud‘o
1312 1231 1623 1283 eecentriea?
1695 1232 1854 1283 Arcus
1890 1229 2148 1296 eclipticae
2195 1233 2245 1280 in
2284 1246 2406 1284 eon-
2439 1250 2486 1258 ⁴·

142 1309 399 1372 sequentia
435 1311 718 1357 numeratus
769 1323 800 1357 a
832 1307 1073 1371 principio
1111 1307 1295 1356 Arietis
1344 1319 1501 1369 usque
1538 1303 1603 1355 ad
1641 1304 1875 1356 circulum
1924 1305 2255 1355 inclinationis
2292 1305 2407 1371 pla·-
2465 1317 2488 1377 ‘.

141 1387 300 1443 netse,
336 1394 425 1430 seu
463 1378 625 1430 locum
662 1381 987 1431 eccenuieum
1020 1380 1072 1428 in
1109 1378 1354 1444 ecliptica.
1427 1379 1623 1429 Dicitur
1657 1379 1952 1439 eccentrica,
2003 1391 2101 1428 non
2140 1377 2274 1443 quod
2310 1393 2407 1434 uu·-
2468 1419 2471 1424 ⁷

141 1460 352 1505 meretur
390 1455 439 1502 in
478 1455 776 1514 eccentrico,
816 1452 904 1504 sed
942 1454 1062 1517 quia
1097 1453 1394 1503 ecoentricus
1432 1459 1665 1503 causam
1700 1450 1852 1501 illam.

295 1527 440 1592 Quae
476 1526 664 1576 dicitiu-
699 1526 927 1577 reduetio
965 1526 1037 1576 ad
1070 1524 1394 1591 eclipticam?
1466 1525 1625 1575 Arcus
1656 1538 1860 1590 parvus,
1898 1538 1998 1589 quo
2030 1522 2260 1576 differunt
2281 1527 2407 1579 inter

140 1614 193 1651 se
230 1601 332 1651 bini
369 1614 539 1661 arcus,
590 1599 717 1650 alter
752 1600 968 1660 orbitae,
1018 1598 1143 1650 alter
1179 1599 1464 1663 eclipticas,
1510 1613 1543 1649 a
1578 1599 1822 1648 communi
1860 1596 1993 1648 nodo
2031 1599 2212 1663 incepti
2252 1604 2304 1651 et
2339 1597 2404 1651 ad
2455 1601 2462 1606 '

139 1673 374 1725 circulum
412 1673 743 1724 inclinationis
779 1673 1042 1723 terminati.
1117 1670 1183 1724 Ut
1221 1672 1302 1723 bic
1339 1670 1614 1724 differentia
1652 1673 1779 1723 inter
1814 1670 1915 1721 MN
1954 1677 2004 1724 et
2040 1670 2154 1721 ML.
2492 1726 2493 1729 Ἴ

286 1747 551 1813 Quomodo
585 1746 953 1811 computatur?
1023 1743 1135 1796 Non
1173 1746 1316 1796 aliter
1339 1759 1489 1810 quam
1512 1745 1641 1797 libro
1666 1743 1757 1795 111.
1783 1744 1867 1795 i'ol.
1894 1745 2000 1795 2³4
2025 1758 2093 1795 ss.
2132 1744 2407 1801 differentia

137 1823 437 1872 ascensionis
462 1827 625 1871 rectae
673 1828 723 1870 et
760 1835 903 1871 arcus
948 1819 1205 1884 eclipticas
1254 1817 1612 1884 respondentis.
1686 1816 2045 1883 multiplicatur
2089 1819 2228 1869 sinus
2264 1833 2405 1872 coin·-

136 1894 368 1959 plementi
406 1893 736 1948 inclinationis
773 1894 1017 1944 maximae
1068 1894 1118 1942 iu
1156 1898 1439 1958 tangentem
1486 1892 1761 1955 argumenti
1810 1890 2171 1954 inclinationis,
2221 1898 2273 1943 et
2307 1893 2402 1943 ab·

135 1970 283 2019 sectis
320 1982 353 2018 a
388 1967 520 2018 sacto
561 1968 591 2017 5
628 1969 912 2032 postremis,
965 1972 1175 2031 apparet
1211 1972 1417 2030 tangens
1461 1966 1738 2030 argumenti
1775 1963 1981 2017 reducti.
2056 1963 2151 2015 Vel
2188 1963 2399 2019 inclina·
2462 2016 2464 2018 ,

136 2043 283 2092 tionis
322 2042 564 2091 maximae
601 2040 1031 2104 antilogaritbmus
1067 2038 1263 2091 additur
1286 2037 1720 2103 mesologaritbmo
1746 2039 2023 2104 argumenti
2044 2045 2401 2104 acervaturque
2455 2038 2464 2044 ’

138 2113 234 2166 hoc
268 2113 416 2164 modo
453 2112 914 2179 mesologarithmus
950 2126 1056 2178 arg.
1092 2112 1296 2164 reducti.
1308 2107 1383 2181 ⁸⁷)
2448 2118 2467 2195 ξ’
2515 2155 2518 2165 1

283 2186 636 2251 Compendinm
685 2186 881 2248 utilius,
932 2188 1083 2237 etiam
1127 2199 1219 2251 pro
1254 2186 1571 2248 ascensione,
1618 2185 1686 2235 eit
1729 2184 1839 2235 boc.
1914 2182 2134 2235 Maxima
2177 2182 2460 2236 reductio
2443 2215 2446 2221 ·

136 2262 265 2312 circa
299 2259 506 2325 gradum
546 2258 642 2310 45⁰
678 2275 710 2311 a
745 2260 878 2312 uodo
915 2259 1066 2311 ducta
1114 2261 1163 2309 in
1200 2260 1361 2309 sinum
1398 2271 1541 2309 arcus
1578 2257 1819 2323 cuiusque
1867 2254 2134 2322 duplicati,
2183 2258 2401 2312 absectie
2447 2228 2466 2297 l

141 2335 172 2385 5
210 2333 411 2397 ultimis,
455 2334 709 2385 constituit
744 2334 1080 2385 reductionem
1119 2334 1252 2383 arcui
1288 2333 1542 2397 proposito
1579 2329 1757 2396 simplo
1796 2329 2028 2382 debitam.
2520 2342 2523 2346 ’

96 2426 105 2433 ’
283 2407 550 2473 Quomodo
584 2406 838 2458 nundum
874 2408 970 2459 hoc
1005 2406 1295 2457 reductione
1330 2411 1377 2455 et
1412 2404 1486 2455 od
1521 2403 1687 2468 quid?
1758 2401 1969 2468 Quando
2004 2402 2203 2468 planeta
2240 2366 2430 2471 pergit

136 2495 167 2530 a
202 2480 347 2531 nodis
382 2480 447 2531 ad
484 2480 678 2542 limites,
716 2481 983 2532 auferenda
1017 2485 1095 2530 eet
1118 2478 1337 2530 reductio
1362 2478 1428 2528 ab
1454 2476 1787 2528 inclinationis
1814 2483 2119 2542 argumento,
2155 2476 2436 2543 adde

137 2567 245 2604 cum
284 2569 313 2605 a
349 2554 588 2604 limitibus
625 2553 690 2604 ad
727 2554 913 2616 nodos,
968 2552 1199 2619 qnodque
1238 2552 1333 2602 boc
1366 2556 1516 2617 pacto
1553 2550 1833 2613 coniicitur,
1875 2548 2097 2601 additum
2132 2550 2244 2603 loco
2278 2549 2409 2603 nodi
2508 2558 2518 2569 “

135 2626 443 2678 ascendentis
483 2628 736 2678 constituit
773 2627 1128 2693 longitudinem
1168 2626 1264 2676 loci
1302 2624 1531 2690 planetae
1570 2626 1905 2675 eccentricam.

286 2700 425 2767 Quid
459 2701 689 2766 appellas
724 2699 1102 2753 curtaticmem?
1177 2698 1268 2749 Est
1303 2696 1618 2763 portiuncula
1651 2696 1917 2748 distantiae
1942 2695 2172 2762 planetas
2208 2710 2243 2748 a
2277 2710 2395 2749 cen·
2502 2717 2512 2748 ι

534 2793 617 2836 τι..
638 2792 696 2829 ss.
1090 2781 1166 2822 tro
1218 2770 1376 2835 Solis,
1437 2768 1738 2836 respondens
1796 2771 2009 2836 sagittae
2066 2769 2402 2823 inclinationis

1081 2845 1342 2910 planetae,
1391 2846 1441 2894 in
1489 2859 1551 2895 ea
1597 2845 1939 2909 proportione,
1992 2846 2043 2894 in
2087 2858 2189 2908 qua
2237 2849 2402 2896 totum
2451 2867 2454 2873 ·
2501 2863 2510 2893 ·,

1082 2918 1402 2969 intervallum
1440 2916 1704 2983 respondet
1738 2918 1869 2968 sinui
1905 2923 2028 2969 toto.
2368 2934 2402 2967 »a
2498 2935 2504 2956 ι

1197 3001 1267 3048 sn
1296 3002 1334 3047 A
1367 3000 1460 3058 801,
1492 3001 1543 3057 P,
1575 2999 1614 3057 Q
1644 2998 1740 3059 pon
1769 2999 2027 3059 eclipticas,
2058 3000 2181 3047 nx
2211 3001 2401 3060 mne-v
2497 2992 2505 3022 ¹

1080 3072 1232 3113 sentet
1260 3066 1447 3126 planum
1478 3066 1730 3126 ecliptieae,
1759 3067 1886 3114 EAG
1906 3066 2091 3126 planum
2112 3067 2304 3126 orbitae3
2333 3064 2399 3114 nte

1081 3132 1268 3191 planeta
1299 3133 1395 3190 jam
1434 3134 1481 3180 in
1511 3133 1552 3179 E
1582 3133 1652 3180 vel
1684 3131 1746 3190 G,
1789 3139 1839 3178 et
1876 3139 2035 3180 nunu-o
2063 3134 2105 3180 A
2145 3130 2421 3192 inter-vene„

997 3221 1000 3224 Δ
1079 3198 1185 3256 ΑΕ,
1227 3198 1310 3245 AG
1340 3198 1602 3247 scribantur
1630 3211 1766 3246 arcus
1796 3198 1906 3256 ΗΕ,
1951 3198 2059 3257 Gr,
2102 3205 2150 3246 et
2177 3212 2237 3247 ex
2265 3198 2323 3258 8,
2348 3196 2400 3254 Θ.

1079 3264 1375 3310 demittantur
1404 3263 1804 3323 perpendiculares
1831 3265 1881 3311 iu
1908 3263 2008 3316 ΤΧ.
2036 3279 2155 3324 qnae
2182 3266 2275 3314 sint
2291 3262 2403 3336 ER,⁴
2431 3312 2433 3314 .

1079 3329 1167 3387 GS,
1198 3336 1333 3376 erunt
1363 3330 1451 3375 HR
1486 3336 1533 3376 et
1562 3329 1635 3376 SF
1666 3331 1939 3378 curationes.

1232 3405 1372 3471 Quid
1406 3405 1750 3458 mantuana
1786 3406 2027 3459 cunata?
2062 3399 2393 3465 Eutrectain'

1080 3478 1229 3544 plano
1281 3478 1538 3544 eclipticas
1590 3481 1716 3532 inter
1763 3487 1980 3532 centrum
2017 3480 2149 3536 Solis
2191 3487 2242 3533 et
2276 3475 2426 3556 pue}
2485 3476 2522 3561 l·

1080 3550 1445 3617 pendicularem
1484 3567 1544 3603 ex
1583 3558 1748 3604 centro
1787 3554 2004 3616 corporis
2029 3552 2274 3619 planetae.
2327 3549 2391 3630 lq
2484 3603 2490 3624 -.

1081 3625 1177 3675 hoc
1213 3624 1488 3687 schemate,
1538 3625 1736 3692 planeta
1779 3626 1831 3675 in
1870 3625 1911 3675 E
1951 3627 2030 3677 vel
2060 3625 2108 3678 G
2144 3632 2396 3698 versante,
2482 3629 2524 3700 1ἶ·>

1091 3705 1166 3747 est
1203 3698 1295 3749 AR
1333 3698 1413 3750 vel
1440 3697 1524 3749 As
1563 3697 1795 3749 distantis
1832 3705 2039 3751 curtata

1238 3786 1501 3851 Quomodo
1525 3791 1852 3849 computatur
1875 3785 2123 3837 distantia
2147 3782 2388 3838 wuda?

137 3854 388 3906 Distantia
421 3853 701 3923 proposita,
756 3867 985 3917 expressa
1030 3859 1243 3908 numeris
1290 3859 1606 3911 dimensionis
1651 3860 1828 3939 cuique
1873 3859 2102 3926 planetae
2143 3854 2386 3928 propriae,¹
