2554 4140
203 107 267 155 27
276 108 307 155 Ο
1072 102 1305 159 Epitomes
1337 100 1651 145 Astronomiae

203 266 294 299 axe
332 251 509 313 posit0,
549 250 620 296 sic
659 255 712 296 ut
750 251 855 296 axis
896 263 1003 297 cum
1041 250 1185 310 linea,
1226 263 1352 312 quae
1393 256 1555 297 centra
1580 247 1710 297 Solis
1748 255 1796 297 et
1820 249 1997 299 Terrae
2037 254 2292 312 connectit,
2333 268 2452 301 con-

201 330 405 371 stantem
455 327 647 380 tueatur
698 316 931 382 angulum
982 323 1263 385 obliquum,
1319 323 1366 367 in
1423 321 1570 383 plano
1622 327 1782 369 tamen
1836 323 1898 370 ad
1950 324 2150 387 planum
2202 326 2452 388 eclipticas

200 402 347 454 16610,
387 408 706 457 quaecunque
745 397 957 443 varietas
997 402 1044 443 et
1083 393 1368 443 vicissitudo
1398 395 1634 454 contingit
1672 393 1734 441 ad
1762 397 2052 456 positionem
2094 397 2329 459 cujusque
2362 413 2452 446 an-

199 467 301 528 guli
340 467 692 526 inclinationis,
751 481 808 515 ea
841 468 947 529 Jam
985 481 1069 531 per
1107 481 1286 514 annum
1323 473 1478 514 totum
1521 467 1806 514 vicissitudo
1845 467 1980 516 nulla
2018 476 2170 528 esset,
2222 470 2307 518 sed
2345 470 2453 519 loca

200 539 391 588 diversa
428 538 640 587 Telluris
677 545 812 588 tanto
860 540 1034 601 majori
1074 539 1353 587 diversitate
1393 539 1631 596 afficeret,
1686 545 1870 601 quanto
1910 548 2039 588 esset
2078 541 2342 604 obliquior,
2383 546 2453 590 sic

199 617 252 658 nt
289 610 411 670 loca,
454 626 579 674 quae
619 626 746 659 nunc
783 612 932 660 semel
971 614 1018 658 in
1059 625 1186 658 anno
1225 610 1539 670 Soldeserit,
1580 619 1693 658 tunc
1732 619 1982 660 aeternum
2020 613 2150 662 Solis
2189 613 2450 679 conspectu

200 691 362 732 essent
400 686 605 746 privata,
647 699 773 746 quae
813 684 976 734 Solem
1017 683 1197 732 habent
1235 684 1385 731 semel
1424 686 1472 730 in
1513 697 1640 731 anno
1680 698 1775 732 non
1817 685 2130 747 occidentem,
2171 694 2287 736 tunc
2322 688 2452 736 illius

192 757 298 818 jugi
350 761 612 820 conspectu
649 757 943 816 fruerentur,
994 770 1084 804 nec
1122 756 1212 803 sub
1250 763 1544 818 aequatore,
1601 755 1686 803 sed
1725 757 1815 805 sub
1857 760 2068 821 tropice,
2125 768 2210 807 aut
2246 760 2307 827 (si
2347 763 2453 810 axis

197 829 341 891 plane
379 836 560 877 stratus
600 837 729 878 esset
767 832 814 876 in
854 830 1054 891 planum
1095 829 1363 891 eclipticae,
1404 828 1464 876 ad
1504 828 1667 876 Solem
1705 829 1974 895 porrectus)
2011 832 2102 879 sub
2146 834 2251 896 ipso
2288 833 2453 882 mundi

197 900 310 965 polo
349 915 537 965 semper
576 901 739 950 Solem
782 901 1059 950 verticalem
1098 901 1346 949 haberent.
1423 901 1575 949 Fixae
1613 907 1766 948 totum
1806 903 2057 951 zodiacum
2097 906 2278 953 emetiri
2309 906 2452 955 vide-

197 980 359 1023 rentur
395 969 567 1037 spatio‘
593 989 772 1035 annuo,
811 974 925 1036 polo
953 973 1130 1022 Terrae
1172 974 1250 1021 vel
1288 974 1378 1021 sub
1420 976 1527 1038 ipsa
1566 973 1789 1036 ecliptica
1828 975 1907 1022 vel
1949 977 2040 1024 sub
2080 977 2176 1025 alio
2214 977 2450 1040 parallelo

196 1049 449 1095 circuitum
501 1062 715 1095 annuum
769 1046 1071 1095 absolvente.
1148 1047 1225 1094 Ita
1275 1046 1423 1106 fixae,
1480 1061 1605 1111 quae
1658 1047 1752 1094 loci
1804 1050 2042 1096 rationem
2091 1050 2300 1111 habent,
2355 1065 2450 1099 non

196 1120 337 1180 fixae,
377 1120 479 1181 Sol,
520 1121 601 1182 qui
640 1119 816 1181 locati,
867 1119 1335 1183 fixus‘censeretur,
1389 1121 1505 1181 quin
1548 1122 1783 1183 oppositis
1823 1123 1934 1168 anni
1977 1123 2194 1185 partibus
2232 1125 2279 1170 in
2318 1131 2452 1172 motu

197 1193 369 1241 diurno
421 1194 684 1241 contrarias
734 1191 978 1242 incederet
1022 1193 1156 1254 vias;
1209 1207 1395 1255 magna.
1425 1199 1554 1240 essct
1606 1193 1824 1244 confusio
1877 1201 2116 1256 motuum,
2168 1195 2451 1250 difficillima

198 1265 582 1328 comprehensio.

338 1338 440 1386 Nec
479 1337 611 1386 aliud
651 1340 910 1400 quicquam
948 1343 1245 1400 sequeretur,
1287 1339 1327 1384 si
1366 1335 1576 1399 angulus
1615 1337 1737 1384 inter
1775 1352 1916 1386 axem
1943 1339 2152 1388 Telluris
2192 1347 2240 1390 et
2275 1340 2451 1391 lineam

198 1418 363 1459 centra
402 1417 766 1459 connectentem
807 1417 936 1459 esset
974 1412 1020 1457 in
1060 1409 1207 1474 plano
1248 1409 1446 1472 obliquo
1477 1408 1549 1462 ,ad
1589 1406 1885 1473 eclipticam:
1927 1413 2017 1459 nisi
2058 1413 2189 1476 quod
2228 1420 2341 1462 tunc
2367 1414 2451 1463 Sol
2527 1427 2538 1433 “

197 1498 291 1531 11011
346 1484 437 1531 sub
476 1485 661 1546 tropico
702 1483 908 1544 circu10,
965 1498 1049 1545 per
1090 1485 1226 1530 initia
1266 1481 1437 1530 Cancri
1493 1481 1571 1530 vel
1613 1481 1891 1545 Capricorni
1933 1484 2179 1547 traducto,
2228 1486 2313 1535 sed
2359 1490 2451 1536 sub
2528 1539 2530 1543 ,

196 1556 361 1619 aliquo
414 1557 628 1604 interiori
677 1562 725 1605 et
773 1553 883 1621 (axe
930 1562 1044 1603 tune
1091 1557 1137 1602 in
1185 1555 1386 1619 planum
1434 1555 1798 1619 procumbente)
1849 1572 2034 1606 rursum
2086 1561 2133 1606 111
2181 1556 2365 1622 tropico
2406 1562 2451 1608 in
2525 1554 2529 1557 ’

195 1628 345 1678 13111111
385 1628 709 1677 ambulatorio
747 1631 931 1676 moveri
959 1629 1218 1677 videretur.
1298 1626 1491 1690 Ubique
1516 1626 1653 1676 deest
1681 1628 1758 1676 vel
1786 1631 2067 1679 vicissitudo
2107 1639 2446 1696 tempestatum
2521 1636 2525 1643 ‘

195 1704 324 1764 anni,
368 1701 445 1750 vel
483 1701 731 1750 distinctio
769 1716 999 1749 zonarum
1041 1701 1102 1750 ad
1143 1700 1503 1749 vicissitudines
1542 1702 1923 1764 accommodata,
1957 1703 2044 1768 *vel
2086 1711 2355 1767 utrumque.

340 1773 468 1823 Cum
495 1790 610 1837 erqo
632 1776 841 1835 rejectus
874 1777 938 1822 sit
975 1774 1198 1836 anqulus
1231 1777 1348 1824 axis
1386 1788 1501 1822 cum
1526 1774 1777 1835 eclipticae
1811 1776 1971 1838 plano
1996 1783 2172 1838 rectae,
2212 1793 2275 1826 ne
2299 1776 2447 1827 nulla

189 1853 307 1897 esset
343 1847 645 1907 vicissitudO,
684 1850 867 1908 rejecta
893 1849 955 1896 sit
978 1849 1243 1896 inclinatio
1270 1847 1471 1905 totalis,
1511 1860 1599 1894 seu
1637 1862 1779 1896 mera
1813 1851 2053 1911 projectio
2092 1853 2204 1899 axis
2242 1853 2295 1898 in
2328 1852 2451 1914 pla·
2516 1867 2524 1879 v·

192 1935 320 1970 num
359 1921 627 1982 eclipticae,
668 1936 732 1969 ne
769 1922 933 1968 nimia
972 1927 1112 1969 esset.-
1150 1934 1244 1968 cur
1280 1935 1386 1968 non
1425 1919 1601 1968 electus
1626 1926 1695 1968 est
1732 1922 1953 1983 anqulus
1987 1922 2181 1971 medius
2216 1925 2349 1971 inter
2382 1925 2451 1972 90
2528 1918 2554 1982 J

195 2001 240 2042 et
279 1995 327 2055 Ο,
366 2008 429 2042 36.
470 1991 576 2054 45⁰,
616 1992 942 2042 semirectus?
979 1991 1031 2042 Si
1070 1992 1279 2055 angulus
1318 1994 1409 2040 iste
1448 1993 1730 2041 3611111661113
1769 2000 1911 2055 63361,
1949 2008 2102 2043 zonae
2142 2002 2327 2044 tantum
2353 2002 2449 2044 tres
2490 2012 2532 2052 ,·

193 2071 378 2127 6336111,
429 2081 526 2120 ‚una
566 2067 777 2122 torrida,
832 2065 957 2114 duae
995 2065 1224 2127 frigidae,
1278 2073 1325 2114 et
1359 2066 1447 2114 ubi
1487 2065 1665 2114 desinit
1702 2072 1887 2115 aestate
1927 2066 2010 2115 Sol
2051 2067 2151 2116 fieri
2193 2068 2449 2128 verticalis,
2489 2086 2536 2132 „i

192 2138 370 2187 ibidem
419 2138 657 2188 desineret
706 2141 750 2186 in
801 2138 1009 2187 solstitio
1056 2138 1258 2187 hiberno
1312 2139 1438 2187 oriri.
1516 2137 1798 2187 Contrariae
1850 2139 2112 2202 qualitates
2161 2143 2362 2190 aestatis
2402 2148 2448 2190 61

194 2213 365 2260 hiemis
405 2213 473 2260 sic
512 2212 635 2260 inter
671 2226 723 2260 se
764 2211 1070 2259 distributum
1126 2210 1361 2259 haberent
1407 2210 1608 2274 globum
1647 2210 1881 2271 Telluris,
1936 2219 1988 2261 ut
2026 2210 2160 2262 nulla
2208 2214 2367 2263 media
2407 2220 2454 2262 et
2516 2210 2527 2241 ·’

195 2290 462 2348 temperata
513 2286 645 2347 regio
695 2282 1034 2344 intercederet;
1085 2299 1191 2332 cum
1243 2283 1366 2332 alias
1414 2283 1700 2332 naturaliter
1746 2284 2009 2347 qualitates
2057 2288 2180 2335 istae
2220 2289 2452 2352 recipiant

196 2357 426 2408 medium.
1104 2380 1107 2384 ·
2450 2399 2454 2405 .

346 2428 484 2478 Unde
522 2431 680 2491 iyitur
709 2435 862 2492 putas
896 2428 1177 2477 desumlam
1216 2443 1312 2485 esse
1351 2444 1383 2477 a
1420 2431 1788 2490 sapientissimo
1826 2429 2081 2489 conditore
2119 2433 2452 2492 quantitatem

193 2503 386 2566 anyuli,
428 2517 527 2564 quo
565 2504 676 2550 axis
722 2501 931 2550 Telluris
967 2503 1264 2562 inclinatur,
1304 2516 1390 2550 seu
1430 2501 1567 2564 quod
1603 2501 1733 2549 idem
1776 2509 1869 2559 est,
1918 2502 2266 2552 declinationis
2300 2505 2452 2567 eclip-
2508 2536 2510 2541 ,

191 2576 351 2626 ticae?
401 2573 638 2638 Equidem
678 2582 723 2624 et
763 2588 931 2639 precor
970 2582 1104 2624 casta
1142 2582 1326 2635 mente,
1375 2581 1430 2621 ut
1467 2575 1676 2638 propitio
1716 2573 1848 2622 illius
1887 2578 2108 2636 numine,
2151 2582 2202 2624 ut
2240 2577 2449 2636 favente,
2510 2590 2513 2597 ⁴

193 2655 245 2697 ut
295 2648 508 2697 dictante
546 2646 677 2696 illius
726 2649 896 2712 spiritu
951 2647 1009 2695 de
1062 2647 1374 2696 consiliorum
1427 2648 1533 2710 ejus
1574 2649 1761 2695 arcanis
1803 2647 2035 2698 disserere
2083 2650 2353 2712 possimus,
2405 2655 2452 2698 et
2515 2692 2518 2701 .

192 2722 286 2782 saS,
339 2722 455 2784 quin
508 2726 556 2770 ct
597 2720 680 2783 jus
732 2734 837 2769 esse
876 2721 1126 2782 existimo,
1174 2719 1418 2783 inquirere
1457 2717 1763 2769 modeste'in
1811 2735 2059 2782 numeros,
2115 2736 2365 2770 mensuras
2405 2728 2451 2771 et
2522 2730 2527 2783 j

190 2793 427 2856 pondera,
482 2792 545 2843 ad
584 2799 706 2856 quas
744 2791 939 2861 regulas
976 2795 1081 2856 ipse
1120 2789 1284 2842 omnia
1321 2791 1559 2854 condidit,
1615 2794 1730 2854 quia
1769 2795 1870 2855 ipsc
1909 2793 2079 2843 harum
2120 2809 2277 2843 rerum
2315 2795 2446 2844 noti-

194 2868 309 2916 tiam
348 2866 532 2916 homini
570 2880 734 2923 secum
776 2866 1219 2914 communem-fecit
1257 2880 1412 2927 eaque
1451 2867 1499 2913 in
1525 2879 1575 2914 re
1615 2879 1709 2913 non
1748 2868 1994 2916 minimam
2022 2867 2307 2931 particulam
2347 2873 2448 2916 sta-
2517 2920 2521 2935 ,

194 2942 284 2987 tuit
327 2941 552 3002 imaginis
601 2953 718 2987 suae
758 2940 804 2985 in
843 2937 1061 2998 homine,
1115 2940 1465 3001 comprobanS,
1512 2951 1658 3000 quam
1707 2938 1910 3000 fecerat,
1965 2947 2018 2988 ut
2066 2938 2208 2989 valde
2257 2941 2447 3000 bonam,

192 3012 482 3074 probaturus
535 3010 687 3061 multo
743 3012 922 3074 magis,
974 3013 1015 3059 si
1068 3010 1215 3074 hujus
1267 3012 1492 3075 imaginis
1543 3010 1723 3058 lumine
1763 3012 1908 3060 etiam
1947 3028 2089 3061 usum
2125 3026 2446 3074 numerorum,

194 3084 462 3147 ponderum
492 3090 540 3134 et
564 3099 912 3142 mensurarum,
953 3099 1098 3147 quem
1122 3086 1226 3149 ipse
1253 3081 1458 3132 creando
1487 3081 1852 3143 demonstravit,
1893 3087 1939 3132 in
1969 3086 2256 3148 cognitionis
2294 3085 2504 3135 lucem

192 3157 503 3220 proferamus
579 3157 838 3222 Nonxsunt
877 3158 1005 3206 enim
1043 3157 1166 3206 haec
1204 3171 1381 3206 arcana
1419 3155 1563 3216 talia,
1615 3170 1819 3219 quorum
1859 3160 2152 3207 scrutatione
2201 3159 2343 3207 nobis
2381 3160 2451 3218 sit,

195 3229 527 3290 interdictum,
581 3229 666 3279 sed
705 3235 818 3278 sunt
856 3231 996 3278 nobis
1035 3229 1225 3294 speculi·
1259 3230 1366 3278 loco
1407 3230 1582 3293 posita,
1622 3235 1674 3275 ut
1713 3228 1902 3278 illorum
1943 3231 2265 3294 explicatione
2304 3232 2446 3282 boni-

195 3308 344 3353 tatem
382 3308 430 3351 et
469 3303 756 3369 sapientiam
797 3302 1039 3352 Creatoris
1079 3302 1434 3366 quadamtenus
1472 3303 1759 3350 intueamur.

340 3374 462 3422 Cum
512 3380 674 3423 autem
720 3375 815 3424 duo
862 3377 1167 3439 potissimum
1221 3377 1317 3423 sint
1356 3389 1610 3423 causarum
1640 3387 1867 3437 genera,
1926 3389 2051 3436 quae
2094 3375 2294 3424 Creator
2333 3374 2442 3438 Opt.

195 3447 326 3496 Max.
364 3449 546 3511 passim
585 3453 780 3495 secutus
829 3463 934 3496 esse
974 3447 1368 3512 deprehenditur:
1418 3446 1656 3506 formalis,
1709 3461 1795 3494 seu
1833 3446 2141 3509 pulchritudo
2181 3448 2443 3513 archetypi,

195 3527 242 3568 et
278 3518 464 3579 finaliS,
512 3533 600 3567 seu
637 3518 822 3567 utilitas
860 3522 1184 3569 animantum:
1238 3522 1678 3583 igitur'existimo,
1717 3520 1757 3566 si
1798 3517 1996 3567 Creator
2034 3520 2126 3569 hae
2163 3522 2211 3567 in
2252 3522 2441 3569 consor-

192 3594 406 3647 matione
444 3593 736 3658 respexisset
776 3592 1184 3654 pulchritudinem
1223 3593 1484 3655 figurarum
1527 3591 1998 3653 demonstrabilium,
2035 3608 2141 3642 vnon
2182 3590 2441 3651 electurum

193 3666 362 3715 fuisse«
396 3663 862 3728 quindeeangulum,
912 3665 1050 3726 cujus
1096 3667 1225 3714 latus
1265 3664 1601 3714 abscindit'de
1641 3663 1821 3712 circulo
1863 3661 1976 3725 24⁰,
2031 3672 2263 3728 quantam
2314 3665 2440 3714 01111-
2499 3651 2535 3673 '¹

194 3739 427 3802 quitatem
467 3736 718 3801 eclipticae
759 3736 1079 3785 observarunt
1114 3737 1238 3799 Indi,
1278 3738 1426 3802 paulo
1464 3739 1622 3785 minus
1658 3736 2018 3799 EratostheneS,
2057 3752 2124 3786 sc.
2153 3738 2246 3785 23⁰
2274 3733 2439 3803 5172‘.
2503 3741 2508 3744 '

196 3810 432 3873 Quamvis
471 3811 600 3859 enim
638 3807 1079 3872 quindecangulum
1131 3812 1193 3858 sit
1240 3811 1396 3874 figura
1434 3808 1847 3870 demonstrabiliS,
1899 3810 2244 3860 demonstratio
2282 3816 2439 3860 tamen
2509 3829 2513 3834 ·
