2554 4140
902 114 1252 172 Regiomontani
1285 117 1332 160 et
1362 112 1603 163 Waltheri.
2285 122 2312 168 7
2323 120 2389 169 53

122 263 295 314 diurno
344 262 685 328 ephemeridis.
758 262 890 326 Ergo
932 269 1017 314 30.
1055 263 1176 326 Maj.
1213 279 1263 327 p.
1302 279 1367 313 m.
1415 264 1465 314 h.
1508 269 1555 314 9.
1602 262 1684 313 14¹
1729 263 1952 312 scribitur
2006 269 2044 319 (ζ
2100 262 2390 312 observatus

120 340 168 384 in
210 333 305 386 20⁰
344 336 394 386 0‘
432 341 497 398 52,
538 338 570 386 i.
610 351 655 385 e.
694 337 745 383 in
787 341 871 388 20.
915 333 1070 403 4¹s„⁰
1122 338 1210 385 lat.
1255 341 1279 384 1
1327 335 1411 385 10‘
1449 338 1497 388 b.
1576 337 1817 400 Computo
1860 333 1955 385 20⁰
1999 331 2148 402 11¹l2‘
2186 338 2252 396 εὶ,
2303 336 2390 385 lat.

124 415 169 459 1.
202 409 335 477 19¹!2
362 411 437 471 b.,
478 409 641 473 locum
667 411 988 458 eccentricum
1025 404 1119 458 230
1151 407 1234 458 13‘
1261 405 1345 477 1η).
1423 409 1519 458 Hic
1555 409 1664 458 finis
1692 411 2088 458 observationum
2126 407 2391 458 Waltheri.

268 481 412 543 Quod
451 483 628 530 attinet
665 483 871 544 primam
910 482 1302 545 Regiomontani,
1343 484 1385 530 si
1425 483 1682 544 diligenter
1720 483 2018 545 pensitemus
2060 482 2232 542 verba,
2275 483 2393 530 certi

122 554 408 615 reddemur,
458 554 906 616 Regiomontanum
944 556 994 601 in
1036 557 1405 617 consignatione
1445 556 1542 603 diei
1590 555 1941 603 hallucinatum
1982 569 2090 602 esse
2150 561 2198 602 et
2237 556 2392 616 scrip-

119 630 243 676 sisse
283 628 330 677 d.
373 633 422 676 2.
465 627 617 688 Dec.‚
659 642 786 689 quae
825 634 931 676 erat
973 633 1017 679 1.
1056 627 1178 678 Dee.
1254 627 1356 676 Aut
1397 627 1589 690 decepit
1627 643 1678 676 se
1717 630 1903 690 ipsum,
1950 641 2059 675 cum
2098 628 2169 674 sic
2207 628 2392 675 scribe-

118 707 217 749 ret:
266 700 361 748 Die
402 705 451 749 2.
491 700 613 749 Dec.
653 701 702 747 in
742 702 879 749 initio
927 701 1085 748 noctis
1138 700 1259 748 vidit
1297 699 1379 750 J0.
1422 701 1480 749 de
1521 701 1829 763 Monteregio
1869 699 2055 747 Romae
2094 698 2304 748 Martem
2343 706 2392 748 et

118 773 399 822 Saturnum.
475 772 643 835 Nuper
680 772 888 822 Romam
926 779 1151 834 venerat,
1204 788 1317 822 nam
1357 773 1404 823 d.
1446 779 1530 824 22.
1569 773 1686 822 Jun.
1731 771 2053 836 praecedente
2091 772 2252 821 adhuc
2290 777 2395 821 erat

118 848 167 892 in
223 844 418 894 Mellico
469 845 719 896 Austriae.
797 845 920 894 Cum
975 847 1123 908 igitur
1171 846 1430 910 horologia
1480 846 1704 895 Romana
1761 847 1996 907 incipiant
2051 859 2160 893 cum
2215 859 2393 894 occasu

118 917 274 978 Solis,
327 918 431 967 fieri
479 925 665 981 potest,
718 924 773 966 ut
805 918 1228 981 Regiomontanus
1283 927 1476 969 noctem
1530 918 1904 983 praecedentem
1959 920 2259 966 accensuerit
2298 917 2394 966 diei

118 993 341 1052 sequenti
384 996 432 1039 2.
474 992 595 1042 Dec.
674 990 881 1053 Vesperi
920 991 1138 1039 cubitum
1177 994 1355 1051 iturus,
1405 999 1577 1056 typum
1616 991 1790 1039 rudem
1830 991 2001 1038 fecisse
2044 990 2234 1038 videtur
2273 993 2393 1038 situs

64 1127 67 1130 y
117 1063 357 1125 siderum,
397 1078 539 1112 mane
578 1077 697 1111 vero
734 1078 965 1125 surgens,
1008 1078 1117 1112 cum
1149 1064 1254 1126 jam
1295 1073 1506 1115 curreret
1547 1070 1592 1113 2.
1631 1065 1791 1124 Dec.‚
1832 1063 2220 1125 descriptionem,
2262 1063 2395 1126 quod

57 1133 62 1140 ’
118 1144 324 1199 apparet
363 1151 425 1185 ex
463 1150 552 1196 e0,
592 1137 710 1198 quia
756 1137 909 1184 utitur
947 1137 1111 1184 verbis
1162 1140 1413 1200 praeteriti
1449 1139 1709 1200 temporis:
1785 1135 1924 1185 Vidit
1962 1142 2048 1183 etc.
2091 1134 2311 1184 Martem
2350 1143 2396 1184 et

116 1209 424 1269 Saturnum,
451 1211 542 1272 qui
565 1208 840 1257 secundum
872 1209 1245 1271 lonyitudinem
1272 1211 1468 1260 zodiaci
1487 1210 1825 1259 censebantur
1849 1210 2107 1267 conjuncti
2131 1223 2192 1257 ex
2209 1224 2395 1258 nume-

114 1285 186 1330 ris
231 1282 532 1342 almanach,
581 1281 720 1344 quod
770 1288 943 1330 tamen
994 1285 1129 1330 visui
1180 1297 1287 1332 non
1335 1285 1601 1346 apparuit.
1689 1282 1832 1330 Tunc
1869 1283 2004 1329 enim
2055 1281 2396 1331 consideranti

116 1355 242 1403 mihi
279 1355 413 1404 duae
449 1355 617 1403 stellae
651 1354 800 1417 fixae,
841 1369 974 1416 quae
1010 1362 1131 1404 sunt
1167 1357 1224 1403 in
1262 1359 1426 1418 capite
1466 1357 1526 1423 fg
1551 1393 1563 1415 ,
1609 1370 1725 1403 cum
1763 1355 1906 1402 stella
1935 1351 2116 1402 Martis
2156 1358 2396 1403 aestima—

118 1429 311 1477 bantur
347 1431 404 1476 in
442 1443 555 1476 una
592 1428 731 1475 linea
767 1433 906 1475 recta
943 1433 1029 1475 etc.
1106 1427 1203 1477 Sed
1254 1431 1569 1492 praecipuum
1609 1433 1948 1491 argumentum
1998 1427 2146 1490 hujus
2182 1428 2395 1476 halluci-

115 1502 329 1549 nationis
380 1501 652 1549 continetur
702 1500 864 1549 verbis
921 1502 1266 1563 sequentibus,
1320 1517 1428 1551 cum
1468 1505 1565 1550 ait:
1623 1501 1889 1549 Dis-tantia
1942 1507 2112 1548 autem
2169 1503 2302 1549 inter
2351 1495 2390 1564 f)

115 1580 162 1622 et
215 1580 253 1630 (ς
297 1574 554 1636 aequabat
599 1588 740 1633 eam,
798 1588 930 1635 quae
979 1577 1113 1622 inter
1151 1574 1282 1623 duas
1318 1576 1485 1624 stellas
1536 1575 1694 1622 dictas
1740 1579 1834 1634 est,
1887 1573 2207 1635 distantiam,
2266 1590 2396 1636 quae

120 1646 323 1710 quidem
375 1645 433 1694 2⁰
477 1647 584 1710 fere
638 1647 1000 1708 complectitur.
1083 1646 1211 1696 Sane
1260 1652 1439 1711 reperit
1485 1647 1655 1711 Tycho
1708 1645 2028 1695 differentiam
2081 1646 2395 1696 latitudinum

119 1715 179 1769 20
219 1718 332 1780 22’,
388 1718 751 1782 longitudinum
803 1733 900 1767 non
950 1718 1078 1768 ultra
1119 1725 1216 1770 13¹.
1298 1721 1393 1769 Sed
1447 1725 1787 1783 argumentum
1834 1721 1883 1766 in
1933 1721 2251 1782 sequentibus
2303 1735 2394 1784 ego

116 1799 383 1856 pertexam.
457 1792 571 1855 Ipse
625 1794 754 1841 enim
803 1805 912 1840 cum
952 1807 1092 1840 suam
1141 1795 1612 1856 argumentationem
1661 1792 1719 1841 de
1759 1806 1918 1841 errore
1960 1791 2017 1841 2⁰
2056 1793 2391 1854 conclusisset,

119 1866 367 1915 subnectit
404 1878 587 1914 novum
627 1865 1017 1927 paragraphum:
1071 1865 1172 1914 Die
1209 1867 1257 1915 5.
1298 1866 1419 1918 Dec.
1459 1866 1664 1915 adverte
1703 1868 1897 1924 oculos,
1945 1872 2068 1913 tunc
2106 1869 2241 1914 enim
2282 1869 2395 1914 visu

116 1937 427 1987 videbantur
477 1940 752 1998 conjuncti.
828 1937 1065 1986 Habebat
1117 1939 1277 1988 adhuc
1327 1942 1376 1986 in
1428 1941 1592 2003 animo
1652 1939 1779 1986 diem
1848 1944 1903 1998 2,
1958 1955 1987 1987 a
2039 1953 2135 2001 quo
2183 1939 2395 1987 triduum

116 2018 341 2060 numerat
377 2025 534 2074 usque
572 2010 636 2059 ad
673 2010 870 2073 plenam
898 2011 1308 2074 conjunctionem,
1351 2014 1540 2062 sciebat
1576 2014 1703 2060 enim
1731 2011 1926 2059 Saturni
1969 2012 2166 2073 quidem
2206 2019 2394 2061 motum

120 2084 270 2132 tridui
309 2098 417 2133 esse
457 2098 498 2135 c.
531 2082 629 2145 18⁴,
670 2083 843 2132 Martis
881 2097 997 2132 vcro
1040 2082 1098 2132 20
1131 2084 1216 2134 21’
1243 2100 1308 2146 c.,
1349 2101 1505 2148 eoque
1545 2086 1905 2148 superationem
1939 2084 2040 2133 fore
2079 2085 2227 2148 paulo
2269 2085 2397 2136 ultra

123 2152 207 2218 20,
247 2163 482 2220 quantam
521 2171 581 2206 ex
619 2156 882 2205 collatione
923 2156 986 2204 ad
1011 2157 1135 2206 fixas
1173 2161 1522 2208 aestimaverat
1560 2172 1726 2207 eorum
1755 2157 2049 2208 distantiam.
2125 2157 2251 2206 Nam
2278 2158 2396 2207 lat-i-

118 2230 239 2279 tudo
276 2225 314 2294 l')
362 2230 589 2279 australis
629 2236 747 2290 erat,
786 2229 961 2278 Martis
1000 2230 1169 2279 itidem
1206 2231 1452 2293 australis,
1493 2246 1583 2281 nec
1620 2229 1773 2278 multo
1801 2231 1957 2294 major
1997 2246 2143 2292 quam
2170 2231 2395 2294 Saturni3

118 2317 269 2367 quare
309 2303 542 2353 distantia
579 2303 885 2366 planetarum
924 2317 1048 2366 pene
1087 2309 1192 2352 tota
1230 2307 1498 2367 imputatur
1523 2303 1832 2367 longitudini.
1909 2303 1983 2352 Sit
2011 2305 2136 2352 enim
2166 2304 2398 2354 distantia

117 2383 270 2437 tanta,
310 2381 496 2439 quanta
531 2375 752 2435 fixarum,
792 2389 860 2425 sc.
903 2375 960 2424 20
1002 2374 1100 2437 22’,
1142 2383 1190 2425 et
1231 2377 1453 2426 differant
1490 2378 1718 2442 planetae
1770 2379 1819 2424 in
1858 2376 2117 2426 latitudine
2161 2373 2241 2426 1⁰:
2297 2377 2395 2429 diff.

118 2448 249 2512 long.
287 2449 559 2499 remanebit
599 2446 656 2497 20
696 2447 760 2508 9‘,
817 2463 963 2511 quam
1004 2449 1127 2497 vidit
1168 2451 1442 2500 confectum
1483 2453 1539 2499 iri
1577 2453 1625 2498 in
1667 2450 1843 2499 triduo.
1919 2449 2058 2498 Haec
2097 2451 2245 2512 igitur
2284 2465 2398 2513 per-

122 2524 304 2586 scripta
356 2536 466 2571 cum
504 2527 666 2571 essent
705 2520 751 2570 d.
797 2526 846 2572 2.
887 2521 1033 2583 Dec.‚
1087 2525 1406 2586 sequentibus
1446 2524 1619 2573 diebus
1671 2524 1958 2572 observator
2008 2522 2232 2585 adjunxit
2272 2525 2395 2572 ista:

124 2597 313 2657 Aspexi
358 2595 448 2644 hoc
500 2594 579 2642 die
617 2592 741 2659 (5.),
791 2593 879 2642 sed
928 2594 1091 2643 nubes
1135 2597 1494 2659 impedimento
1538 2598 1700 2661 fuere.
1799 2596 1989 2644 Verum
2039 2598 2095 2643 in
2139 2598 2394 2660 principio

116 2670 278 2718 noctis
304 2668 352 2717 6.
380 2667 501 2716 Dec.
542 2670 804 2729 aspiciem,
845 2666 953 2716 vidi
980 2664 1200 2717 Martem
1230 2671 1348 2730 jam
1376 2672 1697 2732 praeteriisse
1725 2668 2014 2717 Saturnum
2052 2684 2145 2730 per
2169 2669 2394 2737 yradum

120 2747 167 2789 et
203 2741 493 2800 dimidium,
549 2740 795 2788 distantia
842 2742 978 2788 enim
1029 2743 1162 2790 inter
1200 2757 1279 2792 eos
1324 2750 1435 2791 erat
1482 2743 1588 2806 fere
1625 2742 2048 2804 subsesquialtera
2095 2741 2166 2789 ad
2201 2742 2393 2790 distan-

118 2816 262 2875 tiam,
316 2829 448 2876 quae
493 2815 626 2861 inter
675 2813 805 2862 duas
851 2814 1017 2862 stellas
1069 2817 1247 2879 capitis
1294 2816 1354 2882 ,ὅ
1401 2822 1536 2865 sunt.
1613 2816 1675 2863 Et
1725 2829 1845 2863 sane
1886 2815 1972 2863 bes
2013 2813 2072 2862 de
2113 2811 2169 2863 20
2197 2814 2283 2863 22’
2321 2821 2394 2864 est

126 2885 181 2934 10
221 2885 322 2935 34’.
398 2886 561 2935 Tanta
601 2887 643 2934 si
682 2887 773 2934 fuit
814 2886 1046 2935 distantia
1084 2888 1390 2951 planetarum
1433 2888 1758 2939 differentium
1810 2889 1857 2934 in
1896 2887 2153 2936 latitudine
2195 2903 2280 2952 per
2323 2886 2392 2949 1⁰,

117 2959 211 3007 suit
261 2960 410 3021 igitur
462 2958 560 3007 diff.
600 2959 733 3021 long.
782 2955 837 3008 10
880 2958 986 3020 12’,
1040 2962 1207 3025 itaque
1260 2963 1302 3010 si
1350 2969 1522 3011 exacta
1572 2962 1663 3009 fuit
1701 2962 1999 3024 comparatio
2041 2960 2394 3022 distantiarum,

122 3031 502 3095 deprehenditur
568 3038 605 3088 ό
664 3034 788 3080 inter
847 3039 1106 3096 utramque
1169 3034 1607 3084 considerationem
1670 3048 1928 3097 superasse
1982 3040 2166 3082 motum
2214 3028 2251 3098 T>
2307 3049 2394 3097 per

121 3102 178 3154 3⁰
219 3103 305 3154 21‘
354 3110 403 3152 et
452 3106 525 3153 sic
569 3112 822 3167 promotus
871 3120 977 3155 esse
1026 3108 1247 3169 longiuS‚
1302 3114 1538 3171 quantum
1589 3122 1655 3155 sc.
1695 3103 1727 3166 Τ)
1782 3112 1855 3155 est
1908 3114 2176 3170 promotus.
2254 3106 2395 3156 Haec

115 3173 221 3240 jam
261 3191 599 3239 comparemus
639 3191 748 3225 cum
790 3179 1049 3228 intervallo
1091 3179 1292 3229 dierum.
1368 3181 1494 3229 Nam
1533 3181 1574 3229 si
1615 3180 1784 3228 similis
1826 3186 1898 3227 cst
1938 3181 2219 3228 observatio
2259 3181 2394 3245 prin—

119 3251 246 3313 cipio
286 3252 539 3312 utriusque
591 3249 712 3310 diei,
784 3251 1098 3313 quatriduum
1149 3253 1308 3302 solum
1347 3254 1622 3303 intercessit
1671 3259 1717 3301 et
1757 3254 2003 3316 superatio
2046 3251 2218 3301 diurna
2259 3259 2296 3310 <s
2342 3254 2395 3302 fit

121 3322 207 3372 50¹
246 3329 295 3372 et
331 3324 401 3372 sic
438 3329 601 3371 motus
642 3321 841 3370 diurnus
885 3323 983 3386 56‘,
1025 3325 1158 3388 quod
1197 3327 1398 3374 nimium
1438 3331 1527 3376 est.
1602 3324 1687 3374 Sin
1715 3331 1876 3373 autem
1905 3325 1981 3374 die
2011 3330 2057 3373 2.
2087 3326 2206 3374 Dee.
2247 3326 2394 3375 intel-

116 3394 316 3458 ligenda
355 3402 428 3445 est
466 3409 565 3443 nox
603 3395 914 3460 praecedens,
958 3396 1034 3447 die
1072 3412 1189 3447 vero
1234 3405 1281 3447 6.
1322 3400 1441 3448 Dec.
1482 3412 1579 3447 nox
1621 3413 1860 3460 sequenS,
1905 3403 1932 3447 5
1975 3398 2078 3447 dies
2119 3399 2393 3448 intercede-

118 3475 225 3517 rent
263 3475 312 3518 et
349 3470 598 3533 superatio
638 3467 811 3517 diurna
854 3474 891 3525 ό
936 3469 990 3518 fit
1018 3470 1104 3519 40¹
1143 3477 1190 3520 et
1229 3473 1299 3519 sic
1337 3471 1538 3520 diurnus
1577 3472 1682 3534 ipse
1712 3469 1812 3520 46¹.
1870 3472 1955 3521 Et
1993 3486 2104 3520 ecce
2143 3474 2191 3519 in
2234 3473 2393 3520 omni-

121 3541 214 3590 bus
251 3541 609 3605 hypothesibus
650 3540 850 3589 diurnus
892 3542 984 3591 hoc
1022 3544 1120 3591 situ
1163 3549 1210 3593 et
1246 3543 1418 3593 habitu
1460 3543 1525 3593 ad
1565 3541 1634 3610 Θ
1675 3550 1748 3592 cst
1787 3548 1978 3603 tantuS,
2033 3558 2100 3594 sc.
2144 3543 2228 3592 47‘
2267 3544 2391 3605 scre3

116 3627 230 3662 nam
269 3614 333 3663 ad
371 3628 628 3677 vesperam
670 3619 717 3662 6.
760 3614 880 3663 Dec.
920 3621 1149 3679 computo
1195 3612 1250 3664 10
1281 3614 1432 3684 11¹l2‘
1469 3625 1582 3669 τίείς.
1662 3616 1784 3678 Quis
1825 3617 2039 3678 dubitet,
2082 3619 2197 3679 quin
2237 3618 2394 3679 prima

123 3688 404 3736 observatio
437 3688 508 3741 sit
545 3687 675 3736 sacta
714 3701 948 3750 vespera,
1004 3702 1130 3751 quae
1171 3691 1390 3752 sequitur
1428 3690 1558 3739 diem
1604 3694 1648 3738 1.
1679 3690 2002 3739 Decembris?
2065 3690 2138 3737 Ne
2178 3704 2292 3737 vero
2335 3689 2392 3737 de

118 3759 197 3810 die
241 3765 286 3809 6.
327 3766 472 3810 nocte
509 3774 612 3824 seq.
651 3762 802 3810 ctiam
842 3761 1085 3811 dubitatio
1125 3767 1267 3824 esset,
1310 3776 1421 3812 ecce
1463 3762 1792 3813 characterem
1818 3763 2194 3814 irrefutabilcm:
2237 3760 2394 3810 Luna

203 3857 361 3900 Keplerl
385 3856 524 3901 opera.
559 3858 626 3894 Vl.
1949 3855 2014 3898 48
