2554 4140
231 93 286 147 51
302 91 333 140 4
1067 89 1303 146 Epitomes
1334 85 1649 145 Astronomiae

234 242 399 286 nostro
440 235 610 284 seculo
638 235 807 283 Venus
845 235 1012 285 Solem
1051 238 1283 300 eclipsare
1321 245 1407 286 aut
1444 238 1799 288 subtercurrere
1835 253 1932 288 non
1970 243 2145 301 potest.
2221 237 2487 287 Mercurius

232 323 361 368 vere,
409 310 499 356 etsi
541 308 707 355 'crebro
748 309 875 356 eirca
912 309 1066 358 nodos
1104 325 1218 358 suos
1258 310 1362 358 Soli
1395 310 1616 371 jungitur
1652 311 1878 372 inseriuS‚
1928 325 2034 360 raro
2074 317 2236 358 tamen
2275 310 2337 358 ad
2376 317 2486 359 tan-

237 390 332 429 tam
374 382 790 443 propinquitatem
818 383 967 442 venit,
1007 390 1060 430 ut
1098 384 1188 431 sub
1215 382 1381 430 Solem
1419 384 1644 442 incurrat,
1685 384 1746 431 ob
1786 392 1945 432 motus
1971 383 2368 446 inaequalitatem
2407 385 2485 430 in-

232 454 652 514 clinationumque
690 467 808 501 suae
851 454 1037 503 orbitae
1075 455 1475 516 magnitudinem.

378 526 510 586 Quid
546 539 708 573 censes
745 540 841 574 csse
877 529 1107 575 maculas
1143 529 1258 575 illas
1294 530 1352 574 in
1392 527 1524 587 Sole,
1579 541 1802 588 quarum
1854 529 2059 589 aliquae
2093 543 2192 589 pro
2232 527 2484 578 Mercurio

233 601 286 646 in
343 598 454 648 Sole
499 613 775 659 perperam
826 606 945 648 sunt
997 600 1324 647 venditatae?
1379 599 1590 647 Rursum
1640 598 1720 646 hic
1767 598 1825 647 de
1873 601 2017 648 rebus
2065 599 2308 648 solaribus
2346 607 2482 648 tanto

232 673 389 718 miuus
438 670 698 731 habemus,
751 672 882 734 quod
933 686 1298 732 asseveremus,
1352 687 1498 734 quam
1550 670 1610 719 de
1656 670 1936 731 lunaribus,
1993 679 2175 734 quanto
2219 673 2305 721 Sol
2342 673 2484 722 Luna

228 743 484 791 sublimior
522 749 594 792 est
619 757 746 805 aque
784 745 925 792 nobis
952 747 1193 793 remotior.
1258 744 1383 793 Sunt
1409 751 1570 792 tamen
1610 742 1776 805 aliqua
1802 744 2005 792 maculis
2044 744 2176 794 hisee
2206 748 2481 794 communia

232 831 340 864 cum
378 818 555 864 nostris
593 817 820 864 nubibus,
900 816 1112 864 Primum
1150 819 1295 866 sicuti
1335 819 1376 865 si
1415 819 1524 879 quis
1562 816 1762 864 Terram
1799 817 1976 864 intueri
2016 824 2181 878 posset
2219 833 2278 867 ex
2318 819 2483 881 aliquo

229 887 324 937 fixo
364 888 472 937 loco
511 888 720 938 aetheris
760 903 929 955 versus
968 889 1153 950 Solem,
1204 889 1286 938 ille
1326 889 1514 938 videret
1550 890 1706 937 nubes
1744 891 1792 936 in
1832 887 1962 936 illius
2002 889 2133 937 disco
2173 892 2299 940 intra
2338 891 2484 939 dimi-

230 960 359 1010 diam
397 962 523 1010 diem
561 961 830 1009 naturalem
870 966 1087 1010 converti
1126 963 1189 1010 ab
1230 977 1314 1011 ora
1354 961 1579 1011 orientali
1616 961 2084 1025 in-occideirtalem,
2123 963 2191 1011 sic
2227 970 2390 1014 tamen
2430 972 2484 1013 ut

229 1035 431 1082 nubium
469 1034 664 1096 aliquae
702 1033 953 1095 paululum
991 1042 1370 1098 praecurrerent,
1409 1035 1552 1095 aliae,
1593 1049 1798 1097 quarum
1834 1039 1994 1082 motus
2033 1047 2178 1096 super
2209 1035 2407 1085 Terram
2434 1038 2483 1084 in

232 1114 388 1155 ortum
428 1114 515 1167 est,
556 1108 603 1152 in
641 1106 733 1154 hoc
767 1107 871 1168 jam
913 1109 1177 1156 universali
1214 1115 1350 1156 motu
1389 1107 1775 1170 relinquerentur
1812 1105 2060 1165 nonnihi13
2115 1109 2185 1156 sic
2224 1111 2372 1157 etiam
2409 1116 2484 1158 est

234 1193 342 1228 cum
383 1178 584 1227 maculis
625 1178 770 1227 Solis.
845 1179 1139 1242 Plerumque
1189 1195 1398 1244 namque
1447 1187 1645 1228 manent
1695 1182 1743 1227 in
1784 1180 1919 1228 disco
1959 1178 2088 1227 Solis
2135 1194 2221 1242 per
2274 1180 2376 1229 dies
2420 1185 2482 1229 12

232 1259 322 1311 aut,
362 1254 438 1312 13,
481 1251 675 1313 aliquae
713 1257 872 1300 tamen
915 1252 1230 1314 munusculo,
1284 1254 1411 1302 aliae
1451 1251 1784 1313 breviuscule,
1833 1259 1881 1300 et
1921 1251 2253 1313 ingrediuntur
2293 1253 2489 1315 quidem

230 1326 292 1372 ab
348 1331 478 1384 ortu,
533 1324 686 1373 videri
739 1324 965 1373 desinunt
1010 1327 1073 1374 ab
1113 1340 1306 1375 occasu.
1383 1325 1574 1374 Deinde
1613 1326 1761 1384 sicut,
1814 1327 1899 1387 qui
1937 1324 2146 1373 Telluris
2196 1328 2488 1375 rotationem

226 1395 579 1459 specularetur,
628 1397 710 1445 ille
761 1398 866 1446 sive
915 1399 1069 1447 nubes
1116 1400 1221 1447 sive
1267 1399 1543 1448 maculosas
1591 1397 1863 1461 superficiei
1919 1403 2080 1459 partes
2134 1398 2320 1447 videret
2361 1401 2489 1448 circa

229 1480 467 1518 extremas
507 1483 616 1517 oras
656 1468 821 1517 tardas
859 1477 908 1518 et
944 1471 1125 1555 figuras
1166 1485 1330 1520 earnm
1370 1486 1675 1535 compressas
1712 1477 1910 1533 propter
1948 1485 2101 1519 conv
2096 1472 2308 1520 xitatem
2352 1473 2488 1534 globi
2526 1531 2533 1535 ,

226 1557 256 1589 a
295 1543 403 1589 visu
440 1541 688 1590 reductam
717 1556 922 1604 sursum,
962 1545 1010 1590 in
1050 1543 1210 1592 medio
1240 1544 1374 1593 disco
1413 1545 1618 1594 veloces,
1634 1550 1682 1592 et
1719 1543 1900 1606 figuras
1928 1542 2219 1606 explicatae,
2261 1546 2331 1592 sic
2357 1545 2487 1594 idem

228 1616 373 1662 etiam
413 1616 650 1677 contingit
690 1614 841 1663 videri
881 1618 928 1663 in
975 1617 1177 1669 maculis
1217 1616 1362 1667 Solis,
1439 1617 1550 1666 Hoc
1588 1618 1970 1679 experimentum
2009 1616 2188 1664 refutat
2227 1615 2361 1677 illos,
2404 1619 2487 1680 qui

228 1688 656 1736 comminiscuntur
706 1689 870 1737 nescio
924 1703 1068 1751 quam
1109 1690 1411 1752 superficiem
1450 1691 1777 1753 sphaericam,
1831 1703 1957 1751 quae
1996 1690 2045 1737 in
2084 1702 2267 1737 morem
2305 1689 2486 1739 loricae

226 1757 502 1822 pellucidae
542 1762 709 1823 opacis
748 1762 1045 1823 corpusculis
1083 1764 1146 1810 sit
1185 1770 1410 1813 contexta
1448 1762 1735 1825 incedatque
1775 1763 1864 1810 sub
1905 1761 2019 1810 Sole
2058 1762 2210 1810 instar
2247 1761 2485 1824 sphaerae

230 1831 527 1894 planetariae
575 1833 852 1882 tardissimo
900 1841 1050 1883 motu.
1124 1834 1249 1884 Nam
1297 1838 1338 1885 si
1388 1836 1481 1885 hoc
1531 1843 1682 1895 esset,
1744 1834 1965 1884 maculae
2012 1849 2202 1898 semper
2254 1835 2485 1898 aequales

228 1904 424 1954 diurnos
463 1906 697 1955 haberent
736 1909 782 1953 in
825 1906 957 1956 disco
985 1906 1114 1956 Solis
1155 1915 1254 1957 tam
1294 1910 1420 1958 circa
1457 1923 1582 1969 orae,
1625 1923 1770 1971 quam
1810 1909 1858 1954 in
1897 1906 2073 1957 medio.
2150 1906 2317 1956 Tertio
2355 1909 2483 1957 sicut

226 1979 379 2027 nubes
418 1980 650 2040 oriuntur,
692 1978 987 2040 dividuntur,
1028 1980 1338 2043 dissipantur,
1379 1987 1676 2045 vanescunt,
1715 1983 1786 2029 sic
1817 1982 1963 2029 etiam
2003 1979 2224 2029 videmus
2262 1979 2485 2030 macula-

227 2065 331 2098 rum
371 2050 563 2114 aliquas
603 2052 813 2114 incipere
854 2067 1086 2115 apparere
1142 2054 1188 2100 in
1234 2053 1392 2103 medio
1448 2053 1568 2103 disci
1607 2053 1734 2102 Solis
1773 2053 2120 2101 minutissimas
2158 2067 2487 2116 successuque

228 2122 412 2171 dierum
450 2123 790 2186 grandescere,
831 2125 953 2173 alias
991 2139 1231 2174 rarescere
1271 2134 1318 2174 et
1357 2141 1646 2176 evanescere
1686 2131 1949 2187 antequam
1986 2125 2049 2174 ad
2086 2127 2352 2187 marginem
2392 2140 2480 2175 ex-
2552 2156 2554 2163 ι

226 2201 432 2244 tremum
469 2197 689 2256 veniant,
729 2197 919 2258 aliquas
957 2199 1106 2246 etiam
1145 2198 1296 2246 dividi
1334 2201 1380 2245 in
1423 2199 1543 2248 duas
1580 2204 1666 2247 aut
1703 2205 1816 2247 tres.
1894 2197 2101 2259 Quart0,
2141 2200 2267 2247 sieut
2303 2213 2479 2262 super-

228 2268 360 2317 ficies
398 2268 609 2318 Telluris
647 2270 880 2318 imbribus
919 2269 1145 2319 humecta
1192 2272 1339 2319 etiam
1393 2279 1504 2334 post
1557 2271 1800 2320 discussas
1838 2272 1994 2319 nubes
2044 2271 2166 2319 susci
2206 2273 2361 2333 magis
2401 2277 2476 2320 est

231 2341 434 2403 coloris,
484 2342 596 2391 inde
634 2343 845 2403 virescit,
897 2344 968 2391 sic
1006 2346 1154 2392 etiam
1192 2359 1252 2392 ex
1290 2344 1496 2393 adverso
1537 2350 1698 2407 partes
1737 2343 1894 2403 Solis,
1945 2345 1991 2390 in
2045 2344 2221 2405 quibus
2261 2344 2484 2393 maculae
2549 2370 2554 2401 :

237 2413 461 2462 videntur
499 2415 689 2475 discuti,
730 2421 839 2477 post
877 2429 959 2463 eas
999 2415 1240 2464 discussas
1279 2416 1531 2466 lucescunt
1568 2423 1900 2479 apparentque
1940 2418 2082 2478 quasi
2119 2416 2399 2466 flammulae
2438 2419 2487 2464 in
2547 2441 2554 2474 ς

236 2485 369 2534 disco
409 2486 520 2536 hinc
559 2487 671 2536 inde
709 2502 930 2551 sparsae,
971 2488 1211 2551 siquidem
1252 2489 1380 2538 bono
1419 2490 1685 2553 telescopio
1724 2490 1912 2554 species
1947 2488 2077 2538 Solis
2114 2503 2260 2552 super
2298 2503 2488 2553 papyro

236 2561 478 2622 pingatur.
555 2559 678 2611 vide
719 2563 864 2608 etiam
902 2560 1025 2609 libro
1064 2561 1152 2610 IV.
1193 2561 1274 2610 fol.
1318 2564 1438 2611 343.

383 2631 523 2680 Num
562 2648 682 2682 vcro
721 2635 874 2681 etiam
912 2634 1019 2682 alia
1056 2634 1224 2682 sidera
1260 2637 1328 2683 sic
1365 2651 1398 2682 a
1424 2634 1580 2682 Luna
1623 2634 1945 2683 occultantur
1981 2640 2040 2682 ut
2066 2633 2167 2694 Sol,
2208 2641 2302 2683 aut
2337 2637 2493 2684 etiam

232 2719 264 2751 a
301 2719 350 2752 se
387 2705 546 2767 ipsis?
599 2705 778 2755 Stellas
820 2712 918 2753 tam
965 2706 1086 2754 fixas
1127 2722 1272 2769 quam
1325 2709 1555 2756 erraticas
1594 2722 1625 2755 a
1662 2707 1805 2754 Luna
1844 2706 2111 2768 occultari,
2160 2722 2285 2769 pene
2325 2710 2496 2770 quoti-

236 2775 431 2825 dianum
471 2784 559 2828 est.
633 2779 783 2828 Fixas
824 2793 940 2827 vero
980 2795 1011 2833 a
1048 2779 1258 2844 planetis
1299 2786 1384 2828 aut
1422 2780 1593 2829 horum
1633 2781 1904 2842 superiores
1943 2779 2005 2828 ab
2045 2779 2353 2853 inferioribus
2391 2782 2491 2843 tegi
2524 2823 2526 2828 ,

231 2849 713 2911 subtercurrentibuS,
756 2851 1019 2900 identidem
1059 2852 1253 2914 quidem
1294 2854 1636 2912 observamuS,
1683 2866 1777 2900 non
1818 2858 1980 2901 tamen
2018 2853 2088 2900 ita
2127 2828 2317 2913 crebr0,
2369 2859 2423 2900 ut
2460 2868 2493 2902 a
2537 2875 2541 2898 ;

234 2920 388 2984 Luna,
431 2925 545 2986 quia
583 2937 786 2986 corpora
825 2938 990 2973 eorum
1028 2932 1139 2973 sunt
1179 2925 1338 2986 exilia,
1379 2932 1540 2974 motus
1579 2924 1728 2985 tardi,
1779 2923 1964 2974 lumina
2001 2926 2147 2983 etiam
2186 2925 2489 2987 quarundam
2527 2932 2533 2938 ‘

238 2993 360 3042 adeo
419 2997 573 3055 clara,
630 3003 684 3044 ut
741 2998 928 3045 vicinas
986 2998 1152 3046 stellas
1212 2998 1476 3047 hebetioris
1533 2998 1731 3046 luminis
1789 2997 1937 3049 facile.
1988 2998 2276 3059 opprimant.
2361 2997 2489 3048 Vide

235 3069 484 3130 utriusque
522 3071 712 3130 generis
753 3069 976 3132 exempla
1014 3072 1062 3117 in
1102 3071 1444 3120 Astronomiae
1471 3071 1616 3119 Parte
1645 3069 1838 3133 Optica‚
1877 3069 1958 3118 fol.
1999 3071 2118 3117 304.
2183 3075 2248 3127 (ΙΙ.
2282 3076 2400 3131 320.)
2472 3087 2475 3089 ·
2541 3096 2542 3099 =

379 3144 515 3201 Quae
551 3145 687 3191 ratio
725 3148 819 3201 est,
861 3143 1191 3204 computandi
1226 3145 1394 3193 stellae
1432 3144 1653 3202 alicujus
1691 3144 2071 3191 occultationem
2112 3158 2143 3190 a
2184 3142 2338 3191 Luna
2373 3144 2523 3206 fac--

232 3211 375 3258 tam?
414 3212 654 3262 Utendum
684 3221 756 3264 est
793 3215 901 3263 loco
928 3215 1098 3264 Lunae
1136 3230 1268 3277 ver0,
1309 3231 1368 3264 ex
1403 3215 1793 3279 ephemeridibus
1828 3215 2066 3276 exscripto
2095 3221 2181 3262 ant
2219 3231 2277 3280 θὶς
2305 3213 2487 3263 tabulis
2532 3255 2533 3258 ,

235 3290 528 3346 computate,
568 3301 657 3335 nec
694 3302 793 3335 non
834 3295 881 3336 et
919 3288 1157 3350 parallaxi
1197 3287 1365 3337 Lunae
1404 3291 1616 3351 integra,
1656 3303 1752 3337 non
1792 3287 2027 3335 diminuta
2063 3302 2148 3348 per
2185 3289 2484 3336 subtractio-

232 3368 341 3403 nem
379 3357 641 3418 parallaxis
680 3359 823 3420 Solis,
865 3366 916 3408 ut
952 3363 1086 3423 prius
1126 3363 1171 3407 in
1213 3361 1474 3424 eclipsibus
1510 3361 1652 3410 Solis.
1730 3361 1902 3409 Cetera
1940 3363 1992 3406 ut
2029 3360 2077 3405 in
2118 3359 2288 3422 eclipsi
2329 3357 2412 3426 Θ

380 3432 499 3489 Quis
551 3437 617 3477 est
661 3435 966 3495 praecipuus
1015 3449 1137 3481 usus
1176 3439 1281 3481 tam
1319 3435 1578 3496 eclipsium
1617 3433 1827 3496 Lunae,
1877 3446 2032 3493 quam
2084 3434 2515 3481 occultationum-

239 3501 369 3552 Solis
404 3502 762 3564 stellarumque
792 3520 889 3566 per
925 3507 1352 3566 interpositionem
1392 3510 1614 3568 corporis
1652 3504 1869 3554 Lunae?
1935 3507 1977 3550 1.
2030 3504 2248 3554 Esthoc
2285 3508 2483 3553 unicum
2530 3551 2532 3554 .

232 3576 330 3624 fere
369 3574 713 3622 adminiculum
757 3578 1028 3638 inquirendi
1077 3579 1295 3627 locorum
1346 3579 1678 3642 longitudines
1728 3591 1815 3625 seu
1854 3574 2148 3625 differentias
2188 3577 2485 3627 meridiano·
2530 3575 2531 3579 ’

231 3663 364 3712 rum,
415 3645 473 3696 de
513 3660 609 3708 qua
647 3647 874 3696 methodo
917 3650 1024 3699 vide
1063 3650 1241 3698 librum
1278 3651 1370 3699 III.
1409 3652 1492 3700 fol.
1537 3653 1656 3700 300.
1730 3649 1802 3696 Ac
1853 3649 2055 3711 proinde
2105 3650 2165 3698 ad
2206 3650 2485 3713 hydrogra-
2524 3653 2527 3662 ”

230 3720 396 3784 phiam
435 3725 481 3769 et
518 3732 617 3768 rem
654 3721 899 3768 nautIcam
937 3727 1186 3787 totamque
1226 3723 1350 3774 adeo
1388 3723 1738 3788 geographiam
1785 3729 1858 3770 est
1908 3723 2124 3785 apprime
2176 3723 2310 3772 utilis
2360 3722 2482 3772 haec
