2554 4140
903 106 1042 151 Liber
1070 107 1282 165 Quartus
1345 107 1458 152 Pars
1490 105 1710 152 Secunda·
2329 105 2431 152 347

169 256 285 306 orbe
331 252 559 306 Mercurii
609 252 893 304 collectum:
954 258 1242 307 tenuissima
1291 263 1365 308 est
1411 257 1559 320 igitur
1613 271 1698 320 per
1749 259 1910 320 'partes
1959 255 2010 302 in
2060 252 2259 303 Saturni
2311 250 2429 300 orbe

168 342 325 392 eoque
364 334 413 378 et
448 327 777 388 imbecillima,
818 328 1107 380 densissima
1144 345 1262 381 vero
1301 345 1452 396 penes
1490 330 1784 379 Mercurium
1823 342 1980 391 eoque
2018 327 2300 376 fortissima.

317 401 373 451 Si
418 401 477 449 de
526 403 634 463 ipso
684 416 894 463 corpore
933 403 1063 458 Solis
1109 411 1368 467 aym-etur,
1422 417 1616 466 possem
1651 405 1710 450 in
1746 402 1833 451 illo
1871 401 2135 451 concedere
2172 400 2306 448 hanc
2339 411 2435 460 po-

169 476 380 523 tentiam
431 474 724 523 naturalem
775 478 1012 525 movendi
1022 475 1040 526 '.·
1091 478 1177 526 sed
1227 484 1284 526 tu
1332 477 1499 526 educis
1550 477 1684 524 hanc
1718 476 1999 538 potentiam
2042 472 2361 522 materialem
2401 486 2435 518 a

166 562 397 609 corpore,
448 554 495 596 et
530 549 711 596 statuis
746 563 861 597 eam
897 552 1004 598 sine
1039 551 1258 611 subjecto
1295 553 1351 599 in
1389 550 1700 613 amplissimo
1740 548 1965 596 aethere.-
2023 547 2113 596 hoe
2150 544 2435 595 absurdum

167 619 380 669 videtur.
457 620 738 669 Absurdum
776 636 873 671 non
914 622 1091 672 debere
1130 623 1300 682 videri,
1342 629 1480 689 patet
1519 621 1743 686 exemplo
1783 621 2040 682 magnetiS,
2082 620 2158 669 cui
2185 618 2278 667 hoc
2304 617 2434 666 idem

167 699 343 758 posset
371 693 536 756 objici.
613 693 681 743 At
719 696 1040 760 neutrobique
1082 698 1157 745 vis
1195 697 1318 746 haec
1357 704 1433 746 est
1472 698 1577 746 sine
1618 694 1843 756 subjecto
1884 692 2115 756 analogn.
2182 689 2437 754 Quemad-

167 765 364 815 modum
417 769 545 816 enim
596 769 643 814 in
693 769 801 833 ipso
841 769 975 818 fonte
1011 770 1289 833 subjectum
1328 775 1403 819 est
1440 770 1536 834 ipsi
1573 767 1798 817 facultati
1837 765 2050 815 naturali
2091 779 2267 829 corpus
2308 763 2465 813 Solis

167 854 253 889 seu
291 839 442 889 fibrae
481 857 511 889 a
549 846 712 890 centro
751 849 1005 906 porrectae
1046 845 1092 890 in
1133 844 1568 893 circumferentiam
1621 842 1756 904 ejus:
1809 841 1880 889 sic
1919 840 2067 888 etiam
2106 840 2154 886 in
2195 837 2289 885 hoc
2329 839 2435 900 ipso

169 927 368 976 egressu
405 919 524 978 puto
563 913 959 977 distinguendum
1010 918 1199 965 ratione
1240 919 1366 966 inter
1402 917 1616 982 speciem
1657 914 1870 980 corporis
1910 911 2097 962 Solaris
2138 913 2440 959 immateria-

168 996 294 1048 tam,
338 987 614 1036 effluentem
652 1003 809 1052 usque
849 989 912 1038 ad
952 988 1174 1053 planetas
1214 996 1262 1039 et
1302 989 1453 1051 ultra,
1506 997 1555 1040 et
1593 991 1717 1038 inter
1755 989 1858 1037 vim
1897 1001 1985 1036 seu
2023 986 2273 1047 energiam
2314 984 2437 1045 ejuS,

170 1075 296 1123 quae
336 1063 605 1110 comminus
644 1068 840 1126 prensat
879 1069 927 1111 et
966 1069 1132 1112 movet
1171 1063 1445 1127 planetam,
1487 1070 1541 1112 ut
1579 1062 1666 1111 illa
1703 1063 1767 1110 sit
1804 1060 1953 1123 hujus
1992 1058 2285 1122 subjectum,
2327 1057 2441 1105 licet

168 1148 266 1183 non
304 1135 368 1182 sit
406 1149 597 1199 corpus,
637 1134 724 1184 sed
762 1137 1089 1185 immateriata
1127 1139 1343 1201 corporis
1381 1139 1585 1199 specieS.

315 1209 491 1256 Posses
526 1209 681 1269 huJ‘us
716 1211 791 1257 rei
829 1209 953 1257 dare
990 1210 1316 1274 exemplum?
1373 1209 1654 1259 Genuinum
1710 1205 1989 1272 exemplum
2042 1211 2118 1254 est
2155 1206 2204 1253 in
2242 1202 2353 1253 luce
2393 1210 2442 1252 et

170 1280 332 1330 calore
371 1280 515 1330 Solis.
591 1281 703 1330 Non
753 1287 827 1331 est
875 1282 1104 1344 dubium,
1159 1284 1276 1346 quin
1327 1285 1454 1332 sicut
1492 1283 1579 1333 Sol
1629 1287 1763 1332 totus
1802 1280 1876 1330 est
1912 1280 2212 1338 luminosae,
2265 1278 2336 1326 sic
2374 1278 2439 1326 sit

171 1356 319 1404 etiam
369 1359 504 1403 totus
555 1355 736 1419 ignitus
788 1361 836 1404 et
887 1362 1083 1423 propter
1134 1357 1371 1406 materiae
1410 1357 1702 1420 densitatem
1741 1355 1937 1403 omnino
1978 1352 2205 1402 candenti
2243 1365 2438 1400 massae

169 1430 302 1488 auri,
343 1433 429 1477 aut
466 1429 508 1477 si
551 1428 671 1492 'quid
712 1428 924 1491 densius,
966 1426 1338 1495 comparandus.
1414 1430 1531 1480 Jam
1569 1445 1630 1480 ex
1666 1430 1775 1479 luce
1815 1427 1902 1476 illa
1940 1427 2071 1477 Solis
2110 1425 2356 1489 egreditur
2395 1431 2443 1473 et

171 1501 234 1549 ad
273 1516 363 1551 nos
403 1501 645 1551 delabitur
683 1504 871 1566 species
909 1518 1005 1551 non
1047 1518 1295 1569 corporea,
1335 1518 1433 1553 non
1471 1504 1744 1563 materiata,
1787 1516 1935 1565 quam
1972 1500 2136 1550 lumen
2174 1499 2251 1548 vel
2278 1497 2442 1547 radios

172 1574 302 1624 Solis
343 1575 575 1636 dicimus,
627 1590 754 1638 quae
793 1582 956 1626 tamen
996 1580 1296 1639 quantitates
1337 1585 1386 1626 et
1423 1578 1697 1628 accidentia
1732 1577 1930 1640 recipit:
1970 1575 2114 1624 rectis
2155 1575 2337 1637 quippe
2375 1571 2441 1619 li-

171 1650 276 1698 neis
331 1648 511 1710 effluit,
564 1655 638 1699 est
677 1648 1039 1700 condensabilis
1082 1657 1166 1701 aut
1205 1651 1532 1701 extenuabilis
1571 1657 1618 1700 et
1657 1651 1856 1699 omnino
1896 1647 2077 1698 sectilis
2115 1662 2200 1712 per
2238 1645 2441 1711 specula

173 1727 222 1770 et
260 1723 414 1782 vitra,
466 1737 551 1786 per
589 1736 926 1787 repercussum
965 1738 1032 1773 sc.
1075 1731 1122 1774 et
1160 1725 1528 1785 refractionem,
1569 1731 1622 1773 ut
1661 1724 1892 1774 docemur
1931 1723 1980 1769 in
2019 1721 2209 1785 opticis.
2289 1720 2441 1782 Atqui

170 1795 292 1861 haec
342 1794 534 1859 species
579 1795 702 1845 lucis
740 1796 927 1846 Solaris
975 1797 1128 1847 defert
1167 1800 1314 1847 etiam
1355 1798 1565 1848 calorem
1606 1800 1767 1862 ipsum
1805 1803 1853 1846 et
1891 1810 1977 1860 pro
2017 1797 2206 1843 ratione
2244 1794 2442 1842 sortitu-

52 1844 55 1904 ἶ
139 1889 149 1897 Χ
173 1868 297 1918 dinis
336 1884 482 1931 suae,
523 1871 697 1932 majori
738 1870 816 1920 vel
857 1872 1057 1931 minori,
1099 1886 1197 1935 qua
1235 1871 1407 1921 incidit
1445 1874 1493 1919 in
1535 1886 1741 1936 corpora
1778 1868 2106 1928 illustrabilia,
2147 1868 2257 1932 plus
2296 1868 2442 1916 etiam

126 1963 131 1975 =
172 1942 252 1991 vel
290 1943 450 1992 minus
491 1942 716 1994 calefacit
754 1944 855 1996 illa.
935 1943 1359 2005 Quemadmodum
1399 1946 1548 2007 igitur
1584 1948 1774 2010 species
1812 1945 1908 1992 ista
1947 1957 2034 1991 seu
2072 1941 2251 2000 lumen,
2294 1955 2443 2004 quam

171 2017 381 2080 speciem
422 2022 552 2066 certo
591 2019 772 2066 scimus
811 2019 874 2067 ab
913 2017 998 2067 illa
1037 2018 1166 2067 Solis
1204 2019 1313 2071 lnce
1354 2019 1580 2080 defluere,
1622 2019 1898 2081 subjectum
1938 2022 2013 2066 est
2051 2015 2326 2064 calorificae
2365 2014 2441 2062 fa-

173 2089 394 2150 cultatis,
449 2089 616 2140 itidem
663 2107 695 2140 a
739 2091 856 2140 Sole
907 2106 993 2156 per
1043 2094 1254 2156 speciem
1307 2098 1622 2156 prorogatae:
1675 2094 1745 2141 ita
1794 2093 1942 2142 etiam
1989 2091 2178 2154 species
2228 2089 2443 2153 corporis

171 2162 301 2212 Solis
340 2164 695 2226 immateriata,
749 2164 954 2229 delapsa
991 2165 1054 2214 ad
1095 2165 1318 2230 planetas
1358 2181 1539 2230 nsque,
1594 2168 1820 2216 comitem
1866 2164 2018 2212 habet
2054 2164 2269 2227 speciem
2308 2161 2443 2210 illius

172 2237 367 2285 virtutis
407 2240 710 2300 energeticae
748 2239 795 2286 in
836 2252 1036 2304 corpore
1075 2239 1229 2301 Solis,
1278 2254 1407 2302 quae
1443 2242 1614 2289 nititur
1653 2241 1789 2289 unire
1829 2238 1922 2287 sibi
1962 2237 2168 2298 similia,
2208 2234 2444 2301 repellere

173 2309 442 2359 dissimilia.

239 2397 241 2399 ’
318 2382 608 2433 Evidentius
646 2389 720 2434 est
758 2385 1033 2449 exemplum
1072 2386 1121 2433 in
1160 2385 1330 2436 eadem
1369 2386 1493 2449 luce,
1535 2401 1646 2436 cum
1685 2401 1770 2452 per
1807 2387 1936 2436 vitra
1975 2385 2055 2435 vel
2093 2399 2177 2449 per
2204 2383 2327 2434 telas
2355 2397 2446 2432 co—

174 2456 359 2505 loratas
397 2458 668 2519 transienS,
723 2465 810 2507 aut
848 2457 1076 2508 coloratis
1115 2455 1894 2524 superficiebus*communicata,
1937 2459 2182 2508 coloratur
2219 2464 2268 2508 et
2307 2459 2445 2522 ipsa:

175 2530 259 2578 ubi
298 2530 464 2594 negari
504 2545 602 2580 non
639 2536 816 2594 potest,
854 2532 1013 2582 lucem
1054 2532 1302 2596 (quamvis
1340 2535 1405 2582 sit
1436 2535 1767 2583 immateriata
1794 2535 1982 2597 species
2007 2533 2114 2596 e'jus
2137 2532 2277 2590 lucie,
2317 2545 2444 2594 quae

173 2602 364 2666 allapsa
413 2604 505 2652 fuit
553 2605 601 2651 in
641 2618 815 2669 corpus
857 2604 1146 2672 coloratum)
1184 2606 1287 2656 fieri
1326 2607 1602 2671 subJectum
1643 2607 1819 2657 coloris
1859 2606 1990 2655 illius
2030 2612 2079 2655 et
2117 2606 2259 2668 quasi
2299 2603 2446 2652 vehi-

176 2676 337 2726 culum
379 2679 529 2726 etiam
569 2682 854 2727 extrorsum.
2460 2688 2467 2694 “

323 2750 463 2814 Quid
497 2753 540 2799 si
575 2751 696 2800 haec
732 2754 845 2815 ipsa
882 2752 988 2809 lum,
1028 2767 1134 2801 non
1173 2768 1292 2801 vero
1331 2754 1438 2802 alia
1474 2756 1654 2817 species
1692 2755 1848 2817 ipsius
1887 2753 2110 2815 corporis
2140 2750 2286 2810 Solis,
2326 2756 2446 2798 esset

171 2825 326 2872 etiam
362 2825 639 2885 subjectum
675 2825 940 2888 facultatis
976 2826 1116 2873 illius
1152 2827 1562 2890 apprehensioae,
1603 2842 1709 2890 qua
1735 2826 1824 2876 Sol
1861 2820 2080 2889 corpora
2112 2824 2445 2888 planetarum

170 2897 417 2960 prensat?
469 2898 579 2946 Non
620 2899 929 2962 simpliciter:
982 2914 1096 2947 nam
1135 2899 1330 2948 videtur
1367 2901 1531 2963 potius
1573 2899 1665 2949 hoc
1704 2899 2032 2963 sequendum,
2090 2897 2288 2946 effluere
2326 2911 2443 2961 spe-

174 2971 295 3019 ciem
334 2972 708 3020 imrmteriamm
747 2974 961 3035 corporis
1001 2972 1178 3035 ipsius,
1231 2974 1308 3020 cui
1355 2974 1538 3036 speciei
1589 2978 1638 3022 et
1676 2975 1752 3022 vis
1792 2971 2055 3037 prensandi
2102 2978 2150 3019 et
2187 2970 2298 3036 lux,
2346 2970 2445 3019 luci

174 3058 289 3092 vero
329 3050 377 3093 et
413 3044 545 3094 calor
584 3049 632 3093 et
671 3044 818 3104 color,
860 3045 1116 3107 quodlibet
1154 3060 1212 3094 ex
1252 3059 1341 3094 suo
1381 3047 1515 3096 fonte
1558 3044 1849 3107 derivatum,
1892 3045 2192 3094 inhaereant.

317 3116 418 3166 Dic
456 3132 638 3167 causas
674 3118 830 3178 hujus
865 3119 1198 3167 distinctionis
1234 3121 1513 3182 specierum
1554 3121 2026 3168 immateriatarum
2055 3120 2213 3167 unius
2240 3123 2286 3166 et
2311 3119 2446 3178 ejus-

174 3188 283 3238 dem
320 3191 453 3253 ,qlobi
481 3191 692 3241 Solaris.
763 3194 805 3239 1.
849 3189 1054 3255 Oportet
1091 3193 1347 3240 materiam
1388 3193 1605 3255 corporis
1635 3191 1822 3241 Solaris
1861 3207 1968 3242 esse
2008 3191 2288 3241 distinctum
2328 3191 2446 3254 quid

175 3277 206 3310 a
242 3263 350 3313 luce
387 3266 438 3313 in
477 3265 578 3313 illo.
645 3264 791 3312 Lucis
819 3265 946 3312 enim
978 3263 1223 3312 radiorum
1251 3270 1411 3313 motus
1452 3267 1499 3311 in
1541 3263 1777 3313 directum
1817 3267 2056 3328 contingit
2093 3266 2142 3313 in
2181 3271 2444 3324 momentO,

175 3338 388 3400 corporis
428 3353 544 3388 vero
585 3337 768 3388 Solaris
821 3338 1077 3386 conversio
1124 3337 1178 3384 fit
1228 3339 1274 3384 in
1328 3344 1561 3402 tempore.
1640 3338 1707 3386 At
1744 3340 1786 3386 si
1826 3345 2174 3398 statueremuS,
2229 3340 2444 3402 speciem

78 3479 79 3487 ἵ
131 3471 133 3474 ¹
176 3407 297 3458 lucis
350 3411 528 3460 nudam
581 3426 687 3461 esse
735 3411 1011 3473 subjectum
1050 3414 1099 3458 et
1138 3409 1417 3459 vehiculum
1456 3412 1652 3459 virtutis
1693 3412 1982 3475 prensandi,
2036 3412 2122 3462 lux
2161 3413 2270 3477 ipsa
2315 3411 2445 3461 Solis

178 3483 320 3531 unica
372 3498 565 3534 omnem
620 3486 834 3551 corporis
881 3484 987 3546 ejus
1026 3484 1286 3532 essentiam
1325 3484 1419 3532 sibi
1467 3482 1754 3534 vindicaret.
1829 3485 1967 3537 Idem
2007 3489 2137 3536 enim
2177 3491 2253 3537 est
2293 3486 2445 3548 origi-

176 3553 347 3604 naliter
386 3558 434 3604 in
472 3573 538 3619 re,
580 3557 711 3621 quod
752 3559 997 3606 invenitur
1034 3558 1081 3604 in
1122 3558 1284 3619 specie
1323 3558 1408 3606 rei.
1479 3559 1526 3604 2.
1567 3556 1690 3607 Luci
1718 3557 1951 3624 delapsae
1979 3561 2280 3623 quantitates
2309 3573 2445 3607 com-

179 3633 360 3691 petunt,
402 3631 571 3695 procul
612 3632 760 3680 dubio
799 3645 894 3679 non
937 3630 1077 3694 plane
1116 3629 1383 3678 secundum
1424 3631 1644 3679 intimam
1679 3629 1802 3682 lucis
1829 3636 2107 3695 essentiam,
2148 3632 2235 3682 sed
2263 3646 2443 3680 secun-

179 3697 290 3747 dum
331 3702 514 3766 aliquid
554 3719 584 3753 a
621 3704 730 3753 luce
769 3706 876 3768 ipsa
916 3704 1175 3761 diversum,
1215 3702 1400 3751 scilicet
1438 3705 1555 3767 quia
1595 3711 1668 3754 est
1708 3707 1755 3752 in
1795 3721 1998 3771 corpore
2038 3712 2222 3770 quanto
2251 3711 2298 3752 et
2326 3706 2442 3766 quia

176 3770 371 3832 junctae
407 3779 596 3838 species
635 3784 733 3826 tam
774 3779 986 3842 corporis
1027 3791 1172 3838 quam
1208 3776 1330 3824 lucis
1357 3775 1667 3826 delabuntur.
1734 3781 1780 3827 3.
1823 3780 1970 3830 Lucis
1999 3781 2188 3844 species
2214 3793 2244 3826 a
2270 3791 2445 3840 super-

180 3842 287 3896 ficie
337 3844 575 3900 delabitur
625 3853 840 3916 corporis
893 3851 1150 3911 luminosi,
1202 3848 1282 3899 vel
1329 3851 1371 3898 si
1409 3853 1618 3901 maxime
1658 3852 1805 3902 etiam
1845 3867 1904 3903 ex
1942 3852 2185 3919 profundo
2225 3851 2468 3916 corporis
