2554 4140
1030 178 1031 181 Ἴ
1046 117 1185 165 Liber
1213 118 1461 176 Septimus.
2276 122 2377 171 527

130 268 240 318 inde
280 267 382 317 dies
420 267 655 317 accedant
695 268 755 317 ad
782 269 996 332 aliquam
1034 283 1263 332 magnam
1288 283 1524 317 summam
1563 281 1799 317 annorum
1825 266 2156 329 mediocrium,
2198 273 2380 330 quotve

129 343 250 390 alias
290 339 541 389 decedant.
2356 342 2360 346 ”

278 413 416 476 Quid
462 413 767 463 discriminis
809 418 955 477 ponis
1000 418 1132 463 inter
1165 406 1585 479 'praecessionem'
1615 415 2049 476 aequinoctiorum
2100 420 2147 462 et
2195 415 2381 461 antici-

125 490 381 551 pationem
421 488 898 548 aequinoctiorum?
935 487 987 536 Si
1029 494 1252 537 accurate
1292 487 1495 548 agimUS,
1537 488 1808 549 praecessio
1849 486 1908 535 de
1947 493 2079 534 motu
2121 487 2200 535 vel
2240 489 2380 548 quasi

129 565 264 607 motu
303 565 378 607 est
413 559 755 622 intelligenda,
813 566 866 608 ut
903 560 1138 609 hactenus
1177 561 1486 624 anticipatio,
1536 573 1710 621 graece
1748 577 2105 623 προεμπτωσις,
2158 558 2216 608 de
2257 567 2381 608 tem-

126 646 243 696 pore
282 630 429 680 civili.
505 632 568 681 Et
617 647 724 681 cum
770 635 1159 695 praecessionem
1211 632 1346 692 dic0,
1403 646 1499 681 vox
1549 633 1964 693 aequinoctiorum
2012 638 2153 680 sonat
2201 638 2383 695 puncta

128 711 258 754 certa
298 703 566 766 eclipticae‚
606 705 843 754 hactenus
871 706 1082 766 definita,
1123 721 1232 755 cum
1253 719 1368 754 vero
1407 704 1805 767 anticipationem
1831 707 2043 766 nomino,
2083 719 2180 753 vox
2206 708 2380 767 aequi-

126 779 393 826 noctiorum
431 778 694 840 subjuncta
731 779 974 841 significat
999 778 1128 835 Solis
1166 779 1490 842 praesentiam
1526 776 1694 824 inillis
1734 777 2031 825 sectionibus
2069 792 2153 826 seu
2191 780 2381 840 punctis

126 849 589 913 aequinoctialibuS,
647 866 733 901 seu
773 851 981 914 clariuS,
1036 851 1164 901 diem
1210 853 1325 900 anni
1376 850 1557 912 civilis„
1616 864 1713 912 quo
1763 849 1840 899 die
1889 849 1976 898 Sol
2019 849 2152 899 luces
2203 858 2411 914 aequat‘

126 923 367 972 noctibuS.
2239 974 2248 980 ,

268 996 562 1059 Anticipant-
591 998 737 1060 igitur
775 998 1084 1059 aequinoctia
1122 999 1171 1044 in
1211 1012 1338 1046 anno
1378 996 1511 1045 civili
1547 1011 1634 1044 seu
1659 993 1877 1057 Juliano,
1919 994 2114 1058 quando
2155 995 2382 1045 deserunt
2448 999 2453 1002 ’

127 1068 251 1118 diem
303 1075 483 1117 certam
531 1072 741 1127 mensi8‚
804 1077 852 1119 et
902 1077 1014 1132 post
1072 1071 1262 1133 aliquot
1314 1069 1482 1119 secula
1538 1070 1851 1119 inveniuntur
1905 1070 1953 1115 in
2011 1068 2183 1118 diebus
2239 1077 2384 1131 ante-

127 1141 426 1191 cedentibus,
1156 1182 1159 1184 .
1437 1198 1446 1205 ἡ
2336 1159 2338 1161 ’

271 1215 409 1277 Quid
455 1215 582 1278 facit
631 1217 914 1278 anticipare
969 1217 1289 1277 aequinoctia
1339 1222 1385 1263 et
1433 1213 1683 1263 solstitia?
1741 1212 2003 1276 Quantitas
2053 1217 2182 1263 anni·
2224 1215 2383 1263 civilis
2433 1273 2435 1275 η

122 1287 268 1352 paulo
308 1287 500 1350 longior
523 1301 652 1336 anno
690 1290 905 1350 tropico:
950 1288 1003 1336 fit
1040 1290 1167 1336 enim
1194 1285 1320 1348 hinc,
1361 1293 1415 1335 ut
1453 1287 1642 1336 desinat
1679 1295 1845 1336 nostra
1883 1291 2153 1337 numeratio
2197 1288 2380 1338 dierum

125 1362 252 1422 anni,
292 1368 555 1423 postquam
579 1360 664 1408 Sol
697 1361 803 1423 jam
841 1367 1169 1424 transgressus
1191 1368 1265 1410 est
1297 1367 1582 1423 susceptum
1619 1355 1804 1409 initiale
1842 1367 2074 1424 punctum
2114 1362 2383 1425 ecliptieae.

122 1433 200 1482 Ita
239 1435 486 1482 verissime
525 1434 771 1496 loquendo
809 1449 906 1482 non
947 1435 1181 1497 anticipat
1204 1442 1410 1498 ,tempus
1461 1435 1780 1497 aequinoctii,
1836 1434 1988 1483 veluti
2025 1441 2161 1484 motu
2201 1435 2382 1498 aliquo,

123 1505 210 1556 sed
246 1509 494 1570 postvenit
531 1514 698 1555 nostra
734 1510 1020 1556 numeratio.
1397 1559 1402 1566 Χ

266 1581 330 1628 Et
355 1579 491 1642 ‚quid
528 1583 742 1628 vicissim
779 1581 1034 1644 postponit
1069 1582 1127 1628 in
1164 1580 1332 1629 eodem
1372 1595 1511 1630 anno
1549 1581 1686 1629 civili
1725 1587 1863 1628 ortus
1886 1581 2151 1630 siderum?
2200 1579 2384 1631 Eadem

126 1655 370 1716 quantitas
422 1655 536 1702 anni
588 1653 744 1702 civilis
793 1654 941 1716 paulo
981 1654 1174 1702 brevior
1212 1668 1339 1701 anno
1393 1653 1607 1715 sidereO,
1660 1655 1794 1717 prius
1841 1655 1966 1702 enim
2018 1653 2243 1703 desinunt
2282 1654 2385 1704 dies

126 1729 239 1775 anni
276 1728 453 1787 nostri,
504 1741 649 1789 quam
689 1727 775 1775 Sol
815 1727 876 1775 ad
917 1726 1112 1775 easdem
1150 1726 1272 1774 fixas
1310 1727 1456 1775 fuerit
1491 1741 1729 1775 reversus
1805 1726 1996 1775 Dicitur
2045 1746 2384 1791 μετεμπτωσις.

126 1799 202 1848 Ita
241 1806 404 1848 noster
443 1800 601 1848 civilis
627 1815 783 1848 annus
809 1799 1038 1848 Julianus
1079 1805 1152 1849 est
1190 1796 1461 1862 quantitate
1499 1800 1687 1849 medius
1727 1801 1851 1847 inter
1889 1801 2128 1863 tropicum
2167 1808 2215 1851 et
2253 1800 2387 1850 side-

125 1886 286 1933 reum,
343 1886 439 1935 quo
496 1874 691 1922 nomine
740 1886 888 1937 supra
933 1873 1058 1921 libro
1108 1872 1200 1920 III.
1250 1872 1332 1921 sol.
1389 1873 1508 1921 246.
1563 1872 1925 1922 commendatus
1983 1874 2074 1922 fuit
2125 1875 2187 1923 ab
2227 1880 2387 1923 astro-

84 2007 87 2011 ,
127 1948 304 1994 nomia.

274 2017 378 2068 Cur
415 2024 585 2066 autem
623 2033 957 2067 numeramus
992 2033 1098 2080 nos,
1141 2018 1278 2081 quod
1297 2020 1516 2066 nimium
1552 2025 1598 2067 et
1636 2022 1871 2067 vitiosum
1897 2019 2010 2067 est?
2049 2019 2176 2082 Quia
2202 2020 2389 2068 numeri
2418 2020 2419 2023 ’

109 2092 336 2140 unitates
386 2090 564 2139 debent
617 2106 722 2140 esse
775 2091 1061 2153 discretae,
1092 2091 1187 2140 hoc
1239 2097 1312 2140 est
1363 2090 1467 2140 dies
1504 2092 1679 2154 integri
1725 2093 1787 2140 ab
1828 2098 1932 2141 ortu
1969 2092 2103 2150 ¹Solis
2143 2107 2300 2155 usque
2338 2095 2388 2139 in

130 2167 398 2229 proximum
439 2172 611 2225 ortum,
652 2166 765 2213 anni
805 2180 920 2214 vero
941 2167 1200 2227 ¹quantitas
1227 2166 1276 2211 in
1314 2166 1544 2212 minutias
1573 2164 1810 2227 quasdam
1848 2165 2074 2227 horarum
2103 2165 2386 2230 explicatur,

133 2252 254 2300 quas
292 2252 392 2286 non
429 2238 644 2286 solemus
683 2253 774 2286 usu
815 2238 1100 2300 quotidiano
1130 2252 1413 2299 numerare,
1466 2240 1681 2287 contenti
1721 2238 1892 2287 diebus
1933 2240 2148 2302 integris.
2228 2238 2389 2300 Quare

133 2313 404 2359 necessario
444 2313 660 2371 cogimur
698 2306 980 2374 exspectare
1019 2317 1118 2359 tam
1148 2311 1246 2372 diu,
1288 2310 1451 2373 quoad
1489 2313 1723 2360 minutiae
1760 2311 1984 2361 residuae
2024 2328 2170 2375 supra
2209 2326 2389 2360 annum
2459 2315 2461 2318 ⁴

126 2385 358 2448 tropicum
397 2383 459 2432 ad
496 2384 641 2432 finem
681 2387 795 2433 anni
834 2384 991 2432 civilis
1043 2384 1176 2447 (sunt
1214 2390 1375 2432 autem
1413 2384 1599 2433 minuta
1637 2385 1787 2434 horae
1831 2386 1924 2436 10.·
1974 2386 2079 2435 50¹1
2134 2384 2255 2435 33‘1‘
2303 2400 2389 2448 per

129 2455 565 2506 accumulationem
606 2458 664 2506 de
703 2457 923 2520 pluribus
962 2459 1102 2505 annis
1141 2463 1421 2506 excrescant
1458 2459 1507 2505 in
1545 2473 1694 2507 unam
1735 2458 1876 2507 diem.

272 2529 377 2578 Etsi
433 2545 548 2578 vero
601 2531 694 2579 hoc
744 2531 926 2579 factum
973 2531 1143 2589 fuerit,
1199 2532 1314 2592 quia
1366 2536 1526 2579 tamen
1579 2538 1771 2593 tempus
1810 2531 1903 2580 hoc
1946 2531 2140 2580 excedit
2179 2536 2389 2581 aetatem

129 2599 336 2651 hominis
389 2610 560 2666 estque
608 2603 990 2664 incommodum,
1047 2596 1266 2651 omittere
1320 2609 1420 2651 tam
1471 2618 1578 2651 raro
1620 2604 1747 2652 diem
1794 2611 1929 2653 extra
1983 2603 2225 2665 ordinem,
2275 2603 2389 2653 ideo

82 2719 86 2722 ,
132 2674 402 2725 maluerunt
440 2676 662 2726 homines
703 2677 944 2725 illibatum
982 2679 1186 2724 retinere
1227 2674 1421 2725 civilem
1462 2691 1640 2724 annum
1678 2676 1934 2725 Julianum
1973 2678 2121 2739 inque
2161 2691 2219 2726 eo
2257 2678 2390 2724 anti-

129 2748 341 2810 cipantia
379 2749 551 2798 futuris
580 2750 877 2813 temporibus
918 2750 1167 2811 assignare
1194 2750 1506 2812 aequinoctia
1545 2755 1593 2798 et
1620 2750 1856 2812 solstitia;
1898 2750 2029 2812 quod
2056 2751 2201 2798 etiam
2229 2755 2391 2798 astro-

99 2823 284 2870 ·nomis
323 2821 385 2871 ad
425 2823 810 2884 speculationem
851 2824 1268 2884 aequinoctiorum
1306 2822 1702 2885 percommodum
1741 2829 1844 2883 est,
1885 2824 2172 2886 consignata
2209 2822 2389 2872 habere

129 2893 175 2939 in
214 2909 339 2943 anno
378 2894 610 2957 Juliano,
665 2896 828 2944 veluti⁴
855 2896 1097 2956 indicu10,
1148 2896 1362 2943 omnium
1401 2902 1618 2944 aetatum
1658 2895 1990 2958 aequinoctia,
2046 2902 2100 2944 ut
2138 2902 2387 2959 appareat,

130 2967 395 3030 aequaliter
433 2968 518 3016 illa
556 2970 820 3032 anticipent
861 2983 944 3031 per
982 2968 1213 3030 aequalia
1251 2975 1471 3031 tempora
1515 2984 1578 3016 an
1617 2984 1771 3017 secus.

274 3041 407 3104 Quot
459 3057 624 3089 annos
677 3044 889 3104 requirit
946 3042 1065 3089 haec
1119 3043 1451 3103 anticipatio,
1511 3042 1682 3104 quoad
1732 3042 1863 3090 diem
1899 3056 2083 3089 unum
2125 3041 2391 3106 conficiat?

128 3109 316 3162 Primus
353 3113 666 3176 Hipparchus
706 3117 918 3177 spatium
959 3114 1179 3162 definivit
1217 3120 1542 3162 trecentorum
1585 3128 1841 3174 annorum,
1898 3113 2070 3162 ductus
2110 3115 2390 3177 conjectura

131 3184 252 3247 cycli
289 3188 364 3235 sui
404 3202 490 3234 seu
530 3188 646 3235 anni
697 3186 854 3234 civilis
891 3186 1104 3246 lunariS,
1161 3201 1305 3247 quam
1345 3186 1597 3248 periodum
1638 3186 1938 3250 Calippicam
1978 3202 2125 3250 supra
2161 3191 2389 3236 nomina-

136 3258 321 3319 vimuS,
382 3267 552 3322 utpote
607 3261 652 3305 in
706 3274 802 3321 qua
856 3259 979 3306 vidit
1018 3260 1163 3307 etiam
1209 3258 1401 3308 lunares
1449 3265 1608 3307 motus
1661 3261 1707 3306 in
1750 3261 1853 3308 304
1894 3262 2032 3308 annis
2071 3259 2219 3309 tinum
2261 3261 2386 3310 diem

133 3332 410 3394 anticipare.
488 3331 703 3381 Credidit
756 3335 941 3393 itaque,
994 3333 1034 3379 si
1089 3333 1138 3378 in
1180 3332 1284 3378 304
1323 3332 1460 3379 annis
1514 3331 1741 3380 civilibus
1795 3331 2034 3389 solaribus
2089 3336 2235 3383 etiam
2289 3350 2412 3398 una·

135 3399 235 3450 dies
278 3406 538 3465 eximatur,
596 3411 709 3453 tunc
752 3404 861 3452 illos
901 3404 1088 3452 solares
1128 3410 1295 3452 exacte
1336 3404 1599 3465 adaequari
1653 3403 1854 3455 totidem
1902 3405 2168 3455 lunaribus.
2245 3407 2388 3456 Hanc

132 3471 397 3538 Hipparchi
448 3479 726 3540 opinionem
766 3477 1078 3525 Ptolemaeus
1126 3477 1323 3523 retinuit
1372 3478 1514 3524 nimis
1567 3491 1758 3539 secure,
1811 3484 1864 3527 ut
1913 3479 2135 3543 Tychoni
2189 3481 2386 3529 Braheo

134 3547 305 3608 visum,
345 3549 430 3598 sed
469 3554 573 3613 ipse
612 3551 924 3600 Ptolemaeus
963 3551 1096 3597 visus
1137 3554 1210 3596 est
1248 3563 1353 3597 eam
1394 3551 1708 3611 comprobare
1747 3553 1848 3600 suis
1888 3554 2032 3601 etiam
2074 3554 2387 3602 observatio-

134 3619 303 3681 nibus;
354 3622 413 3671 de
462 3638 663 3686 quarum
713 3623 807 3672 fide
847 3637 1008 3684 supra.
1086 3621 1260 3669 Statim
1314 3621 1440 3670 enirn
1480 3630 1591 3685 post
1630 3623 1964 3673 Ptolemaeum
2005 3633 2077 3674 est
2111 3626 2387 3687 deprehen-

134 3703 252 3753 sum,
290 3693 435 3757 longe
486 3696 691 3745 celerius
739 3712 883 3744 unam
932 3697 1086 3757 perire
1136 3694 1277 3743 diem.
1355 3694 1527 3757 Itaque
1576 3697 1616 3743 si
1672 3696 2030 3748 dissimulemus
2072 3714 2219 3746 unum
2261 3699 2384 3746 Pto-

135 3761 385 3827 lemaeum,
426 3770 668 3818 constabit
693 3771 786 3818 sibi
816 3770 939 3816 ratio
966 3766 1186 3829 aequalis
1214 3767 1276 3815 ab
1304 3764 1586 3831 Hipparcho
1620 3784 1704 3832 per
1729 3770 1973 3835 Proclum,
2019 3770 2383 3833 Albategnium,

136 3832 320 3899 Persas,
363 3839 565 3902 Arabas,
606 3842 874 3903 Hebraeos,
918 3839 1201 3900 Germanos,
1242 3853 1396 3906 usque
1434 3839 1498 3889 ad
1535 3848 1700 3892 nostra
1738 3849 1983 3909 tempora,
2025 3859 2150 3906 quae
2191 3845 2237 3893 in
2283 3844 2383 3892 134
