2554 4140
827 165 964 213 Liber
994 140 1208 226 Quartus.
1268 167 1380 213 Pars
1412 166 1583 213 Tertia.
2232 171 2332 220 379

78 332 165 368 seu
202 317 299 377 situ
338 316 488 377 sacta,
527 316 687 365 finalis
726 330 840 366 vero
880 330 1030 366 causa
1067 323 1141 367 est
1178 316 1363 379 eadem,
1404 331 1530 380 quae
1568 317 1981 367 eccentrieitatum
2007 318 2239 385 ipsarum,
2280 321 2334 365 ut

78 406 142 440 sc.
197 394 507 439 nascerentur
555 405 614 439 ex
665 389 739 437 his
780 391 1222 439 eccentricitatibus
1265 395 1425 440 motus
1463 389 1769 453 planetarum
1806 389 2106 440 velocissimi
2144 393 2192 439 et
2229 393 2334 438 tar-

79 464 264 512 dissimi
313 468 477 511 tantae
529 476 810 523 mensurae,
864 478 990 526 quae
1042 463 1106 511 ad
1151 463 1427 514 harmonias
1472 477 1558 526 per
1594 477 1680 512 eos
1718 462 2158 526 repraesentandas
2194 462 2335 512 suffi-

78 542 220 587 ceret.
295 535 407 584 Huc
442 537 653 597 pertinet
689 535 1010 585 Harmonices
1048 551 1187 586 meae
1223 536 1348 586 liber
1387 535 1446 583 V.
1966 559 1968 561 >

222 608 394 658 Restat
429 623 539 656 una
577 608 825 658 dubitatio
861 624 1014 672 super
1047 610 1297 672 fibrarum
1335 609 1605 658 directione
1652 611 1710 656 in
1748 607 1959 656 eandem
1998 609 2182 657 mundi
2211 610 2336 670 pla-

76 698 195 747 yam
211 699 227 730 .-
264 697 379 731 cum
403 683 538 730 enim
564 682 764 742 dixer-ie,
799 683 1050 744 fibrarum
1071 682 1288 746 playam
1326 683 1542 732 alteram
1566 681 1749 730 habere
1783 682 2190 745 familiaritatem
2217 696 2333 730 cum

79 756 216 815 Sole,
253 755 506 818 reliquam
544 770 578 802 a
619 755 731 804 Sole
768 755 1082 821 discordare,
1129 756 1254 806 adeo
1292 756 1518 819 quidem,
1556 761 1616 803 ut
1654 754 1743 803 Sol
1777 754 2053 804 secundum
2091 755 2223 804 hanc
2259 755 2338 803 vel

75 831 216 878 illam
266 828 343 876 vel
386 829 614 877 attrahat
662 830 831 890 ipsum
876 843 1059 891 corpus
1095 830 1337 891 planetae
1385 829 1463 878 vel
1511 828 1750 890 expellat,
1803 825 2005 876 videtur
2044 826 2131 877 Sol
2179 830 2334 876 etiam

78 901 213 966 quod
249 904 420 950 minus
475 908 543 950 est
579 904 636 950 in
665 902 932 963 planetam
964 916 1132 963 posse,
1185 909 1244 951 ut
1278 903 1460 951 scilicet
1495 901 1586 950 has
1619 901 1774 964 fibras
1811 902 1914 948 situ
1960 914 2051 949 suo
2085 901 2336 962 parallelo

76 981 301 1040 emoveat
335 976 490 1037 inque
513 990 563 1023 se
599 977 767 1036 ipsum
793 981 1066 1036 convertat,
1107 978 1253 1024 citius
1291 990 1448 1038 quam
1465 975 1681 1036 planeta
1711 976 1768 1022 in
1793 973 1944 1022 talem
1983 975 2137 1021 situm
2163 979 2336 1022 trans-

70 1054 321 1111 portetur,
361 1062 421 1097 ex
460 1063 561 1110 quo
596 1048 754 1110 fibrae
790 1050 847 1095 in
887 1047 1054 1097 Solem
1089 1055 1311 1110 spectare
1344 1053 1570 1110 possunt.
1643 1046 1776 1095 Nihil
1800 1047 1952 1096 habet
1980 1044 2192 1106 absurdi,
2234 1045 2339 1094 fieri

78 1121 174 1170 tale
212 1120 425 1183 aliquid,
480 1126 534 1169 ut
571 1120 658 1170 Sol
693 1122 766 1169 sic
802 1120 1013 1170 luctetur
1051 1135 1158 1170 cum
1201 1121 1466 1172 directione
1503 1120 1757 1180 fibrarum,
1808 1122 1934 1169 sicut
1966 1118 2179 1168 luctatur
2228 1133 2337 1168 eum

77 1196 250 1244 inertia
287 1194 502 1256 corporis
539 1193 604 1243 ad
640 1200 827 1242 motum
852 1192 1075 1254 localem,
1117 1194 1378 1243 dummodo
1417 1200 1671 1243 teneamus
1698 1193 1805 1255 hoc,
1844 1195 2005 1242 minus
2030 1191 2195 1242 Solem
2220 1207 2338 1256 pro-

15 1290 17 1294 ⁴
76 1268 215 1317 ficere
249 1266 312 1315 ad
350 1265 652 1315 inclinandas
677 1266 838 1327 fibrae,
880 1282 1025 1330 quam
1053 1267 1115 1315 ad
1151 1267 1261 1317 loeo
1288 1267 1584 1317 movendum
1621 1271 1777 1315 totum
1815 1281 2004 1330 corpuS,
2044 1267 2169 1316 sicut
2193 1268 2340 1315 etiam

77 1343 234 1390 minus
271 1339 462 1403 proficit
499 1340 562 1389 ad
602 1339 940 1389 attrahendum
979 1339 1254 1403 planetam;
1295 1356 1424 1404 quae
1462 1341 1843 1404 contemperatio
1880 1340 2090 1404 pertinet
2129 1338 2191 1389 ad
2218 1353 2338 1388 con-

76 1415 236 1463 silium
274 1414 527 1474 creatoris,
578 1427 640 1462 ne
677 1413 906 1476 planetae
946 1428 1053 1462 cum
1093 1413 1207 1463 Sole
1246 1414 1309 1463 ad
1347 1419 1624 1464 contactum
1664 1415 1909 1476 venirent,
1963 1414 2004 1462 si
2042 1427 2140 1462 non
2177 1418 2340 1462 trans-

35 1538 46 1545 ,
76 1492 381 1553 portarentur
418 1487 630 1536 breviori
667 1493 884 1550 tempore
924 1489 973 1534 in
1014 1489 1291 1550 oppositum
1330 1489 1582 1537 semissem
1622 1489 1876 1548 circuitus,
1918 1501 2065 1549 quam
2101 1485 2340 1536 interval-

0 1564 2 1595 ἰ
75 1563 176 1610 lum
214 1575 356 1609 omne
395 1561 613 1608 consumi
653 1559 836 1609 directo
873 1560 1025 1609 fibrae
1064 1566 1274 1610 attractu
1311 1563 1482 1625 possit.
1562 1560 1683 1609 Cum
1731 1561 1880 1623 igitur
1916 1561 2204 1623 praeveniat
2242 1560 2338 1609 cir-

0 1636 35 1650 ”
77 1634 254 1684 culatio
293 1633 521 1696 planetae
560 1634 687 1682 eirca
725 1632 888 1682 Solem
929 1633 1293 1684 inclinationem
1330 1635 1582 1694 fibrarum,
1622 1634 1707 1683 fiet
1745 1639 1799 1682 ut
1837 1634 2061 1697 quamvis
2099 1632 2250 1682 fibrae
2290 1634 2338 1680 in

0 1754 1 1765 ,
44 1722 173 1767 ,uno
213 1707 484 1770 quadrante
524 1708 752 1756 circuitus
792 1706 1012 1754 nonnihil
1049 1707 1340 1772 inclinentur
1375 1707 1525 1771 plaga
1561 1707 1790 1756 familiari
1828 1703 1998 1756 'versus
2017 1705 2196 1767 Solem,
2237 1705 2340 1754 dis-

6 1800 35 1811 *
81 1780 223 1831 eorde
262 1795 293 1828 a
330 1779 474 1842 Sole3
527 1781 643 1842 quia
690 1785 852 1828 tamen
899 1778 1099 1842 planeta
1150 1782 1292 1830 eitius
1344 1782 1627 1831 transfertur
1664 1782 1713 1828 in
1753 1779 2075 1843 quadrantem
2114 1779 2337 1840 alterum,

36 1847 223 1919 'quam
272 1852 441 1902 totalis
484 1851 571 1902 fiat
614 1852 846 1902 fibrarum
894 1852 1143 1902 inclinatio
1193 1851 1349 1922 (unde
1401 1869 1557 1918 aeque
1609 1855 1829 1916 sequitur
1876 1854 2169 1916 permutatio
2217 1846 2344 1901 situs

74 1927 330 1992 plagarum
383 1928 506 1975 inter
551 1940 604 1974 se
654 1927 1027 1987 contrariarum,
1078 1942 1248 1976 versus
1289 1926 1455 1977 Solem
1507 1927 1850 1983 obversatum,
1902 1940 1960 1975 ac
2006 1927 2047 1974 si
2085 1925 2337 1975 inclinatio

10 2004 12 2018 ³
75 2001 301 2050 fibrarum
348 1998 484 2048 nulla
530 2004 660 2048 esset
709 1996 881 2064 facta),
933 2000 980 2047 in
1028 1999 1216 2063 reliquo
1264 2002 1413 2063 igitur
1451 2000 1720 2065 quadrante
1761 1999 1847 2050 Sol
1895 1998 2067 2048 eadem
2106 2001 2156 2048 vi
2193 1998 2339 2048 fibras

73 2074 368 2139 planetarias
406 2074 644 2122 contrarie
682 2074 867 2136 positas
907 2078 955 2121 et
993 2074 1189 2123 inimica
1226 2074 1374 2138 plaga
1410 2075 1504 2124 sibi
1531 2073 1765 2123 obversas
1802 2072 2024 2123 reflectat
2058 2073 2109 2121 in
2147 2077 2334 2135 partem

74 2146 278 2197 alteram
334 2152 484 2208 atque
521 2148 591 2195 ita
626 2146 940 2195 inclinatione
978 2147 1124 2208 priori
1165 2149 1406 2197 contraria
1442 2148 1740 2212 planetarias
1786 2146 1932 2195 fibras
1972 2147 2022 2194 in
2059 2147 2205 2194 situm
2243 2161 2336 2209 paa-

16 2237 17 2254 1
75 2220 297 2270 rallelum
346 2235 535 2268 rursum
586 2221 823 2269 restituat.
899 2218 1038 2269 Haec
1074 2219 1325 2270 inclinatio
1379 2226 1427 2270 et
1462 2221 1716 2271 reclinatio
1753 2219 1879 2269 libro
1920 2218 1979 2268 V.
2019 2220 2337 2283 praecipuum

75 2294 192 2344 fient
228 2293 565 2355 adjumentum
603 2291 792 2343 calculi.
1485 2316 1488 2323 =

220 2368 391 2416 Posses
439 2367 592 2427 hujus
633 2366 885 2429 fibrarum
935 2365 1222 2416 directionis
1258 2373 1305 2415 et
1339 2369 1623 2429 permixtae
1658 2367 2005 2420 inclinationis
2053 2366 2340 2428 exemplum

77 2441 199 2490 dare
232 2439 536 2504 familiare?
583 2438 873 2502 Exemplum
924 2443 998 2487 est
1035 2441 1084 2487 in
1123 2439 1311 2503 lingula
1348 2443 1649 2504 magnetica,
1691 2454 1849 2502 quae,
1890 2441 2115 2503 quamvis
2153 2444 2342 2503 spectet

77 2515 455 2578 septentrionem
493 2515 535 2562 si
573 2514 637 2561 sit
673 2511 841 2572 libera,
883 2517 1046 2560 tamen
1086 2513 1150 2562 ab
1177 2528 1235 2563 eo
1275 2513 1487 2563 deflectit
1510 2513 1746 2575 nonnihil,
1787 2515 1828 2560 si
1867 2527 1927 2562 ex
1954 2512 2156 2575 obliquo
2195 2526 2340 2562 acce-

77 2587 161 2637 dat
196 2601 423 2649 magnes3
464 2592 578 2634 tunc
616 2586 745 2634 enim
783 2583 1005 2633 nonnihil
1042 2584 1106 2633 ad
1142 2593 1418 2650 magnetem
1457 2588 1642 2636 annuit.

223 2661 418 2724 Quibus
462 2659 609 2708 rebus
645 2658 834 2720 indiyet
870 2659 1097 2722 perfecta
1141 2662 1386 2710 restitutio
1420 2661 1670 2723 fibrarum
1709 2662 1766 2708 in
1801 2662 1954 2708 situm
1988 2658 2342 2721 parallelum?

15 2749 31 2771 τ
77 2730 143 2784 Ut
177 2733 264 2783 Sol
302 2732 589 2782 tantundem
627 2732 802 2779 virium
839 2730 1089 2794 impendat
1130 2733 1179 2780 in
1219 2732 1513 2794 inclinand0‚
1553 2734 1691 2784 verbi
1719 2747 1870 2781 causa
1904 2746 1991 2794 per
2020 2730 2340 2794 quadrantem

30 2807 31 2811 ’
75 2805 184 2867 Plu
222 2806 470 2855 attrahens
508 2805 706 2868 plagam
745 2804 895 2853 fibrae
933 2803 1191 2868 solipetam
1216 2805 1267 2854 H
1305 2805 1543 2868 deorsum,
1583 2807 1763 2857 alinea
1788 2805 1849 2855 IS
1879 2819 2047 2854 versus
2069 2819 2137 2867 se,
2179 2819 2339 2868 quan-

78 2883 180 2929 tum
217 2882 265 2927 in
304 2878 629 2939 restituendO,
670 2883 723 2926 ut
760 2891 846 2940 per
884 2877 1204 2939 quadrantem
1243 2879 1390 2941 NER,
1431 2881 1681 2931 retrahens

78 2952 278 3003 eandem
316 2953 466 3001 fibrae
504 2951 701 3015 plagam
729 2948 774 2998 G
805 2964 1011 3011 sursum,
1051 2965 1221 3001 versus
1259 2951 1438 3001 lineam
1465 2953 1552 3000 EY
1583 2953 1680 3002 sibi

76 3027 364 3089 propiorem.
439 3024 550 3074 Hoc
587 3029 751 3073 autem
789 3037 886 3071 non
926 3023 1066 3072 aliter
1101 3024 1205 3073 fieri
1243 3031 1420 3088 potest,
1459 3027 1553 3074 nisi
1591 3028 1676 3086 sic,

81 3098 232 3147 siPR
251 3100 490 3148 existente
519 3098 651 3147 linea
687 3095 927 3159 apsidum,
969 3103 1017 3145 et
1035 3095 1137 3158 ΡΝ,
1175 3097 1283 3163 NR,
1321 3099 1505 3161 quartis
1545 3100 1679 3148 orbi-

79 3174 173 3236 tae,
209 3173 448 3235 perfectis,
491 3171 719 3234 planetae
756 3171 803 3216 in
830 3168 872 3216 N
900 3169 1108 3219 confinio
1149 3136 1475 3233 quadrantum
1501 3174 1676 3220 stantis

32 3251 37 3276 ⁴
78 3242 196 3294 fibra
230 3243 319 3307 NQ
359 3244 596 3307 dirigatur
642 3244 860 3306 praecise
910 3244 956 3289 in
1009 3244 1169 3303 ipsum
1209 3243 1374 3293 Solem
1414 3243 1473 3292 A.
1550 3244 1676 3293 Nam

35 3306 39 3369 ἰ
81 3316 171 3366 etsi
204 3316 291 3366 Sol
327 3317 374 3365 A
412 3317 769 3366 inclinationem
808 3314 934 3363 banc
970 3313 1103 3374 SlH,
1145 3314 1279 3377 BNQ
1319 3318 1366 3363 iu
1407 3318 1676 3379 quadrante

36 3384 44 3460 l
78 3386 162 3439 PR
198 3391 433 3453 superiori
472 3390 778 3439 administrat
817 3386 1086 3436 intervallis
1123 3387 1283 3450 longis
1324 3388 1431 3449 ΑΡ,
1475 3390 1546 3438 ΑΙ
1584 3395 1674 3440 etc.

40 3477 42 3508 ÷
82 3459 232 3524 eoque
271 3463 501 3513 imbecilli
540 3466 745 3522 virtute,
787 3463 833 3508 in
874 3461 1084 3508 inferiori
1124 3475 1239 3509 vero
1277 3461 1368 3509 NR
1408 3463 1676 3513 intervallis

42 3532 304 3596 brevibus
333 3535 433 3595 An,
475 3536 579 3597 AR,
621 3551 776 3598 eoque
816 3535 994 3582 virtute
1033 3534 1243 3581 fortiori.
1284 3540 1336 3582 at
1375 3535 1590 3586 vicissim
1625 3538 1675 3585 in

10 3603 47 3666 l}
80 3609 308 3669 superiori
349 3608 436 3658 ΡΝ
473 3608 672 3672 planeta
710 3610 855 3657 etiam
897 3606 1079 3654 diutius
1118 3612 1332 3656 moratus
1378 3609 1506 3658 vires
1563 3609 1674 3659 illas

13 3674 55 3738 Ἣ,
84 3678 407 3730 inclinatorias
444 3682 715 3731 imbecilles
756 3682 937 3729 diutius
978 3681 1234 3741 experitur,
1275 3680 1321 3726 in
1348 3680 1560 3731 inferiori
1585 3682 1676 3732 NR

17 3748 52 3795 ‚el
83 3749 271 3801 brevior
319 3767 455 3803 mora
500 3762 573 3804 est
611 3755 866 3818 planetae,
922 3754 1115 3801 brevius
1164 3758 1353 3814 tempus
1391 3755 1674 3819 experiundi

20 3819 57 3884 &l
83 3822 206 3873 vires
256 3825 403 3875 sortes
450 3827 805 3887 reclinatoriaS,
867 3828 1015 3889 fitque
1067 3827 1395 3887 compensatio
1444 3829 1671 3891 perfecta.

0 3892 60 3943 'tl
83 3896 202 3947 Nam
241 3898 407 3948 eadem
446 3901 659 3964 perfecta
698 3904 1029 3965 compensatio
1068 3903 1315 3962 praestare
1354 3901 1499 3951 etiam
1538 3901 1587 3951 id
1625 3908 1802 3967 potest,
1843 3907 1971 3955 utin
2012 3903 2182 3955 eodem
2212 3917 2331 3954 con-

1922 2917 2004 2958 Fig.
2029 2916 2085 2952 69.

21 3090 35 3243 ..νή-Σ..-
