2554 4140
1002 120 1234 168 Praefatio
1266 125 1312 166 et
1340 108 1593 177 Epistolae.
2322 127 2423 175 637

167 273 333 336 ipsum
370 285 470 340 non
506 270 707 332 secisse,
749 271 839 319 etsi
880 274 1161 335 exspectare
1199 283 1421 334 possem,
1448 262 1618 318 ¹donec
1646 269 1747 333 ipse
1786 269 1849 319 ad
1884 284 1961 319 me
2001 269 2201 331 scribat3
2243 284 2303 319 ne
2341 270 2430 318 tibi

164 354 327 393 tamen
363 344 450 393 fiat
487 344 679 406 injuria,
721 343 832 392 dedi
873 346 941 392 20
979 344 1081 393 flor.
1123 342 1287 406 legato
1314 342 1741 405 Argentinensium
1778 342 1862 393 J0.
1889 341 2052 392 Ulrico
2079 343 2263 404 Fridio,
2305 357 2427 405 quos

163 432 250 479 per
288 418 530 466 cambium
569 417 659 464 tibi
696 422 1082 480 repraesentaret
1106 415 1377 478 Tubingae,
1419 416 1503 463 ubi
1542 417 1749 478 primum
1776 416 1971 464 domum
2008 417 2152 464 suerit
2188 430 2428 465 reversus·
2496 435 2504 442 ·

163 490 290 538 Nam
328 489 391 538 ad
429 504 519 538 vos
558 491 649 536 iter
687 504 783 538 non
825 490 987 538 habet.
1063 488 1205 551 Rogo
1234 488 1607 551 itaque,.filiu1n
1635 503 1790 537 meum
1824 503 1881 536 eo
1910 489 2095 551 affigas,
2135 496 2190 538 ut
2213 491 2426 542 rationes

167 576 490 625 expensorum
529 562 721 610 illorum
763 564 828 611 23
871 563 973 611 flor.
1013 576 1160 610 manu
1199 576 1290 610 sua
1328 562 1533 624 scriptas
1572 561 1663 608 tibi
1700 561 1955 623 exhibeat,
1994 576 2116 624 quas
2156 567 2427 622 asservatO,

168 635 289 683 mihi
326 650 423 684 non
463 641 537 684 est
576 650 714 698 opus·
754 651 837 684 eas
875 636 1135 684 transmitti
1174 642 1275 683 tam
1323 636 1369 680 in
1410 633 1755 695 longinquum3
1810 636 2068 696 acquiesco
2108 640 2192 682 tuo
2226 635 2431 697 judicio.

172 707 400 756 Ceterum
440 708 499 756 de
539 707 615 755 his
658 710 725 756 20
765 709 960 758 florenis
1014 706 1145 770 quod
1185 708 1276 755 erit
1312 705 1582 771 residuum,
1636 706 1683 753 id
1722 706 1821 755 filio
1859 722 1968 755 meo
2006 721 2103 755 non
2142 707 2283 756 aliter
2318 722 2426 772 per-

168 782 293 828 mitti
335 781 496 841 velim,
538 783 633 829 nisi
674 784 867 843 quoties
907 781 1112 829 schedas
1152 779 1369 828 attulerit
1408 784 1654 827 sumtuum
1692 780 2000 837 notoriorum>
2041 779 2120 828 vel
2157 795 2247 830 sua
2286 788 2435 828 manu

168 855 387 915 signatas
430 869 538 901 cum
579 855 855 918 subscripto
910 853 1009 915 die,
1062 849 1145 901 vel
1200 854 1261 901 ab
1313 855 1389 914 iis,
1430 853 1608 915 quibus
1663 852 1819 901 debet.
1897 852 1974 900 Ita
2024 853 2121 913 fiet,
2174 860 2227 902 ut
2264 860 2317 902 tu
2364 855 2431 902 sis

172 932 309 974 tutus
348 943 379 975 a
416 927 804 989 flagitationibus
846 929 998 991 ipsius
1037 925 1344 976 creditorum.
1419 926 1508 974 Est
1546 924 1735 988 aliqua,
1774 925 1953 986 fateor,
1994 925 2218 975 molestia
2256 929 2303 975 in
2342 926 2436 975 hoc

172 1014 349 1061 genere
398 1000 572 1062 officii3
623 1009 674 1048 at
719 1007 792 1049 est
841 1001 927 1049 illa
978 1005 1148 1047 mutua
1199 1000 1323 1053 inter
1341 998 1607 1063 *homines
1683 997 1815 1048 Nihil
1869 998 2026 1049 dicam
2073 998 2131 1047 de
2171 1001 2256 1061 iis,
2309 1014 2436 1062 quae

101 1114 110 1125 .
171 1072 286 1119 olim
328 1073 405 1120 hic
432 1072 622 1136 Pragae
662 1075 713 1120 in
752 1088 829 1121 me
869 1074 1078 1134 suscepi,
1118 1073 1329 1134 negotiis
1369 1078 1791 1120 conterraneorum
1818 1086 2032 1120 meorum
2070 1086 2243 1134 causa3
2286 1087 2437 1120 unum

157 1145 267 1207 jam
308 1146 397 1193 tibi
437 1160 658 1211 propono
700 1145 991 1208 exemplum.
1068 1144 1226 1192 Filius
1265 1145 1579 1207 Tampachii‚
1635 1145 1864 1208 prodigus
1915 1150 1967 1192 ut
2007 1146 2263 1207 quisquam
2313 1145 2438 1193 alius

169 1227 217 1266 et
256 1225 508 1281 praeterea
546 1218 901 1279 fraudulentus,
943 1218 1135 1281 decepit
1158 1232 1235 1266 me
1265 1215 1438 1266 Ulmae
1467 1220 1693 1266 versutiis
1718 1220 1834 1277 suiS‚
1874 1224 1928 1266 ut
1953 1218 2024 1264 illi
2049 1217 2174 1267 ultra
2205 1219 2306 1267 100
2333 1218 2436 1267 flor.

168 1288 544 1353 commodarem,
585 1298 640 1340 ut
676 1298 745 1341 sc.
787 1291 923 1340 illum
963 1292 1091 1353 patri
1129 1304 1220 1338 suo
1259 1292 1456 1339 tandem
1484 1291 1682 1339 domum
1705 1291 1998 1340 reducerem.
2073 1290 2146 1339 ‘Eo
2171 1292 2255 1340 ubi
2294 1293 2436 1340 veni-

167 1379 290 1424 muS‚
331 1364 496 1412 subito
537 1379 727 1413 currum
767 1365 981 1413 deseruit
1032 1363 1116 1411 ille
1158 1378 1340 1425 equeS‚
1395 1371 1442 1412 et
1479 1370 1617 1427 pater
1654 1365 1807 1428 ipsius
1855 1367 1902 1411 in
1943 1379 2016 1413 me
2064 1365 2438 1422 omnembilem

168 1439 401 1496 evomuit,
443 1440 763 1486 comminatus
803 1453 855 1486 se
895 1436 1023 1490 nihil.
1053 1435 1173 1484 mihi
1210 1440 1575 1500 restituturum3
1615 1439 1828 1486 restituit
1865 1443 2050 1500 tamen,
2090 1438 2174 1487 sed
2215 1439 2440 1487 oneravit
2492 1487 2495 1492 .

171 1525 248 1558 me
289 1508 485 1559 Ulmam
523 1516 861 1572 revertentem,
902 1518 956 1559 ut
992 1523 1172 1572 magna
1213 1524 1321 1558 cum
1351 1510 1538 1559 invidia
1577 1525 1685 1558 cum
1711 1510 2025 1561 creditoribus
2053 1511 2156 1574 ejus
2195 1511 2436 1574 agendum

159 1583 344 1642 suerit,
403 1589 457 1630 ut
501 1586 564 1632 19
605 1584 804 1632 thaleris
857 1585 923 1632 50
962 1583 1254 1631 florenorum
1303 1598 1387 1631 aes
1427 1583 1707 1643 diluerem..
1754 1584 2063 1649 Exemplaria
2112 1599 2196 1649 per
2235 1586 2296 1634 D.
2338 1585 2438 1634 Bc-

168 1656 362 1704 soldum
412 1656 708 1706 Academiae
760 1671 944 1720 perque
999 1655 1135 1704 illam
1189 1655 1453 1706 Maestlino
1509 1663 1558 1707 et
1609 1658 1699 1707 tibi
1751 1657 1930 1707 tradita
1982 1672 2169 1722 spero..
2213 1658 2266 1707 Si
2316 1657 2435 1722 quid

172 1736 437 1779 erratorum
476 1733 697 1792 occurrit,
738 1730 886 1780 velim
925 1729 1045 1779 mihi
1081 1729 1294 1792 Pragam
1331 1730 1592 1794 significes.
1668 1730 1812 1781 Vale.
1891 1733 1940 1782 4.
1982 1731 2143 1781 Martii
2190 1732 2374 1780 1628.Ἴ

1440 1855 1442 1858 ,
1518 1811 1590 1860 Ol.
1633 1812 1697 1860 D.
1738 1811 1797 1861 T.
1838 1813 2219 1862 officiosissimus

1608 1950 1613 1955 ,
1675 1885 1762 1935 J0.
1807 1886 2067 1950 Keplerus.

320 1986 418 2035 Alii
458 1988 542 2050 qui
581 1986 639 2035 de
666 1986 870 2036 Tabulis
898 1987 1226 2050 Rudolphinis
1265 2002 1374 2037 cum
1400 1986 1616 2051 Keplero
1656 2003 1743 2052 per
1779 1988 1947 2038 literas
1988 1993 2186 2052 egerunt
2223 1993 2336 2036 sunt
2373 1987 2441 2037 hi.

345 2071 449 2115 Cas
465 2084 561 2126 par
592 2070 917 2127 Odontius,
941 2071 1045 2115 olim
1078 2070 1136 2118 ad
1169 2068 1338 2116 manus
1362 2071 1549 2128 Kepleri
1582 2072 1676 2129 (cfr.
1711 2073 1796 2118 vol.
1818 2073 1899 2118 III.
1920 2088 1963 2130 p.
1986 2077 2028 2130 8,
2067 2076 2149 2129 14.)
2181 2071 2294 2116 haec
2319 2071 2443 2117 dedit

176 2135 400 2192 Keplero:
431 2135 617 2179 Menses
649 2136 743 2180 fere
775 2142 881 2192 sunt
903 2136 1116 2192 quinque,
1150 2150 1206 2181 ex
1240 2146 1335 2193 quo
1362 2142 1571 2194 tempore
1595 2138 1649 2183 G.
1670 2138 1921 2188 Kreslinus,
1955 2151 2105 2183 annua
2138 2139 2336 2182 scribens
2361 2136 2441 2181 Ca-

172 2201 377 2246 lendaria
409 2201 743 2258 (Norimbergae)
777 2207 822 2246 et
853 2202 1171 2259 Prognostica,
1202 2203 1325 2260 apud
1359 2203 1577 2249 Senatum
1607 2204 1990 2261 Noribergensem
2021 2204 2066 2247 in
2099 2203 2294 2247 Tabulas
2337 2215 2442 2246 suas

173 2266 522 2317 astronomicas,
567 2266 746 2310 noviter
786 2278 812 2310 a
843 2279 891 2311 se
924 2266 1152 2326 conditas,
1194 2273 1426 2314 sumtuum
1466 2263 1770 2326 largitionem
1795 2269 1943 2326 petiit.
2008 2270 2199 2315 Senatus
2241 2269 2443 2329 libellum

178 2331 379 2376 Kreslini
409 2330 662 2387 supplicem
691 2331 829 2376 Petro
862 2331 1073 2390 Saxonio,
1106 2340 1291 2380 nostrae
1323 2335 1630 2381 universitatis
1662 2335 1982 2380 mathematico
2005 2336 2129 2393 (ηπ.
2165 2339 2298 2392 1591,
2340 2337 2446 2390 prof.

172 2402 275 2442 inde
305 2402 359 2440 ab
383 2413 490 2440 anno
514 2402 625 2441 1617
658 2413 790 2454 usque
812 2395 868 2441 ad
891 2407 1064 2443 mortem
1098 2403 1244 2459 1625),
1277 2403 1338 2446 M.
1361 2402 1478 2446 Dan.
1498 2401 1786 2447 Schwentero
1824 2405 2022 2453 (Norimb.
2056 2410 2143 2448 nat.
2178 2406 2304 2459 1585,
2337 2404 2443 2455 prof.

177 2467 322 2507 Altorfl
353 2468 520 2515 linguae
549 2467 766 2507 hebraicae
799 2469 935 2519 1608,
966 2471 1095 2520 poeta
1123 2468 1362 2520 laureatus,
1402 2472 1526 2511 simul
1566 2473 1874 2512 mathematicis
1917 2473 2084 2515 deditus
2125 2472 2277 2511 studiis
2311 2470 2444 2509 edidit

177 2525 308 2565 libros
340 2526 393 2564 ad
422 2526 689 2574 geometriam
720 2528 946 2576 practicam
976 2532 1210 2579 spectantes
1251 2535 1292 2570 et
1322 2534 1622 2582 postmortem
1656 2531 1852 2579 Odontii,
1896 2532 1947 2570 ab
1990 2528 2100 2571 anno
2135 2532 2245 2571 1628
2277 2540 2445 2569 munere

178 2585 426 2635 professoris
470 2585 700 2623 matheseos
731 2586 982 2634 fungebatur
1019 2596 1155 2639 usque
1194 2588 1248 2627 ad
1289 2590 1398 2628 diem
1440 2601 1680 2640 supremum
1717 2591 1784 2630 19.
1817 2589 1914 2630 Jan.
1951 2587 2084 2644 1636)
2118 2593 2162 2631 ct
2193 2585 2301 2630 mihi
2333 2584 2446 2629 revi-

181 2647 380 2692 dendum
410 2646 661 2691 transmisit
699 2653 744 2692 et
775 2649 830 2693 de
863 2662 915 2692 eo
947 2654 1154 2694 nostrum
1183 2651 1419 2707 requisivit
1443 2651 1686 2708 judicium,
1732 2666 1840 2695 num
1880 2666 1903 2697 e
1933 2666 1982 2696 re
2014 2651 2314 2697 astronomiae
2344 2663 2448 2704 pro·

176 2713 426 2758 movendae
457 2720 601 2768 esset,
646 2713 861 2770 impensis
895 2715 1116 2760 sumtibus
1148 2717 1267 2762 4000
1299 2718 1571 2762 florenorum
1604 2717 1805 2761 Kreslini
1836 2716 2045 2772 petitioni
2076 2729 2286 2762 annuere.
2348 2714 2444 2760 Nos

183 2779 418 2824 unanimes
451 2779 646 2824 vicissim
676 2782 855 2824 senatui
887 2779 1252 2838 significavimus,
1282 2781 1418 2826 fidem
1450 2782 1671 2838 ejusmodi
1705 2782 1959 2826 tabularum
1992 2782 2038 2826 in
2070 2781 2448 2839 ephemeridibus,

180 2847 239 2892 ad
265 2845 463 2902 aliquam
494 2845 659 2891 multos
690 2859 833 2890 annos
865 2852 970 2891 ante
1002 2846 1156 2905 editis,
1198 2847 1422 2901 residere,
1467 2861 1583 2904 quae
1615 2849 1726 2905 ipsis
1760 2847 2149 2894 observationibus
2183 2852 2449 2903 congruant.

180 2913 284 2970 Quo
314 2912 462 2957 minus
493 2925 600 2956 vero
630 2912 677 2961 id
707 2912 928 2958 hactenus
961 2913 1131 2958 factum
1163 2914 1241 2964 sit,
1285 2914 1350 2959 ita
1381 2928 1465 2958 nos
1498 2915 1656 2959 merito
1691 2914 1898 2959 dubitare
1937 2913 1992 2957 de
2024 2913 2288 2958 certitudine
2318 2914 2448 2959 tabu-

179 2980 326 3024 larum
364 2978 579 3023 Kreslini.
651 2979 698 3024 Si
736 2984 887 3023 tamen
930 2978 1133 3035 ipsorum
1171 2974 1507 3036 Amplitudines
1550 2980 1854 3023 astronomiae
1894 2979 2091 3023 uberiori
2131 2979 2449 3035 propagationi

181 3045 362 3102 publice
394 3043 650 3089 consultum
678 3045 831 3102 velint,
864 3044 1190 3090 dedimus’hoc
1232 3045 1496 3091 consilium:
1541 3046 1587 3089 in
1631 3044 2037 3090 desideratissimas
2070 3044 2317 3090 Tabulas
2348 3045 2447 3090 Ru-

183 3110 519 3167 dolphaeas,
562 3124 589 3155 a
619 3111 816 3167 Keplero
850 3111 1046 3155 omnium
1092 3110 1328 3156 doctorum
1372 3110 1546 3155 calculo
1591 3110 1882 3154 celeberrimo
1926 3108 2243 3154 mathematico
2276 3109 2446 3154 dudum

183 3176 445 3233 promissas,
478 3190 594 3235 quae
626 3176 822 3234 plurium
854 3189 1076 3221 annorum
1107 3177 1240 3222 editis
1264 3176 1628 3233 ephemeridibus
1663 3189 1764 3220 cum
1795 3175 1894 3231 ipso
1918 3173 2043 3218 coelo
2073 3174 2326 3221 consentire
2346 3189 2449 3232 pro-

182 3244 318 3287 batae
349 3250 519 3295 essent,
559 3242 886 3298 impendendos
927 3255 1027 3287 esse
1059 3248 1235 3288 sumtus
1279 3242 1380 3287 illos
1410 3242 1603 3286 maxime
1636 3240 1937 3293 necessarios,
1979 3238 2051 3283 ubi
2082 3241 2323 3296 posteritas
2359 3254 2449 3284 non

182 3307 414 3353 immemor
443 3308 598 3353 futura
629 3307 687 3351 sit
718 3308 938 3352 maximae
960 3308 1348 3364 Norimbergcnsis
1386 3316 1571 3353 senatus
1610 3306 1908 3358 liberalitatis,
1938 3305 1983 3349 in
2019 3307 2317 3352 astronomiae
2347 3320 2450 3363 pro-

185 3374 472 3429 pagationem
504 3373 706 3418 collatae.
770 3374 839 3418 Ne
872 3372 1058 3428 dubitet,
1092 3380 1309 3429 quantum
1341 3373 1588 3417 nobilitatis
1611 3379 1714 3418 tuae
1745 3384 1951 3429 persona,
1983 3375 2117 3416 antea
2138 3373 2290 3416 multis
2321 3384 2450 3429 prae-

187 3437 318 3484 claris
353 3440 485 3484 editis
517 3439 818 3484 monumentis
849 3438 895 3482 in
929 3438 1121 3482 mathesi
1154 3439 1392 3483 notissima
1423 3438 1588 3493 ubique
1619 3438 1834 3494 locorum,
1866 3436 2044 3482 illorum
2065 3438 2450 3494 Amplitudinibus

187 3505 295 3549 satis
328 3518 557 3563 superque
595 3517 677 3561 per
716 3517 797 3548 nos
829 3502 1057 3547 insinuata
1091 3508 1181 3559 cst,
1228 3504 1337 3559 quin
1368 3503 1413 3547 in
1445 3517 1529 3548 sua
1561 3503 1712 3548 debita
1743 3504 1958 3561 petitione
1995 3510 2220 3550 sumtuum
2260 3506 2304 3550 in
2344 3517 2449 3550 suas

187 3569 509 3628 Rudolphaeas
546 3569 744 3615 Tabulas
804 3569 1178 3614 conferendorum
1227 3569 1546 3625 propensiores
1597 3570 1655 3613 sit
1703 3569 1914 3615 habitura
1942 3602 2172 3617 ......
2240 3569 2452 3615 Feliciter

188 3636 338 3681 valeat
367 3637 592 3683 Nobilitas
622 3637 721 3680 Tua
761 3642 805 3679 et
836 3648 1030 3678 amorem
1065 3649 1172 3690 erga
1202 3647 1272 3679 me
1303 3648 1455 3691 suum,
1498 3634 1536 3679 si
1568 3634 1730 3692 dignus
1759 3635 1825 3680 illi
1855 3636 1976 3683 visus
2009 3638 2148 3695 fuero,
2180 3642 2449 3694 perpetuum

191 3709 440 3749 conservet.
501 3705 556 3748 D.
589 3702 801 3747 Altdorfii
835 3701 875 3746 d.
910 3701 977 3744 2²1.
1009 3701 1123 3756 Aug.
1157 3715 1197 3745 v.
1230 3706 1286 3745 st.
1318 3700 1445 3746 1623.

362 3770 487 3814 Inter
526 3768 742 3825 epistolas
781 3766 1002 3811 Alberti
1045 3766 1229 3811 Curtii
1276 3767 1332 3821 (v.
1376 3783 1407 3813 s,
1452 3782 1492 3821 p.
1524 3768 1662 3825 583.)‚
1709 3767 1838 3815 datas
1878 3770 2059 3826 Dilinga
2100 3768 2295 3824 Ulmam,
2337 3768 2449 3814 haec

193 3832 597 3890 deprehendimus,
638 3847 755 3890 quae
796 3833 1038 3878 editionem
1078 3831 1189 3877 Tab.
1228 3833 1344 3878 Rud.
1386 3833 1590 3878 attinent.
1654 3834 1738 3879 Die
1781 3837 1847 3880 13.
1880 3836 1980 3895 Mai
2009 3837 2118 3881 1627
2155 3835 2310 3881 scribit
2342 3835 2450 3881 Cur—
