2554 4140
18 3462 26 3652 *5

19 3687 32 3787 ἦ,

27 3938 29 3947 ι

824 146 964 192 Liber
992 148 1203 206 Quartus.
1263 151 1376 194 Pars
1408 145 1631 192 Secunda.
2248 147 2353 196 363

104 290 214 353 plus
252 291 323 340 illi
363 292 663 342 obsecundet
700 308 847 356 quam
884 296 1025 346 huic:
1046 298 1178 347 hinc
1215 298 1326 348 fieri·
1355 296 1594 355 existimo,
1636 299 1689 342 ut
1714 295 1861 343 etiam
1887 295 2074 343 ratione
2100 292 2356 358 plagarum

104 364 379 414 lateralium
416 365 575 414 Solari
611 372 666 414 ut
703 368 890 418 fortiori
927 370 1036 434 plus
1075 370 1427 428 obsecundanS,
1467 369 1608 416 sicuti
1648 373 1751 415 toto
1790 381 1881 415 suo
1920 366 2056 416 coelo
2099 368 2226 416 circa
2261 365 2358 414 So·-

104 437 215 496 lem,
254 440 324 486 sic
362 439 507 486 etiam
548 453 747 502 corpore
787 443 914 491 circa
952 444 1164 503 Terram,
1205 444 1296 492 sub
1335 441 1537 490 zodiaco
1577 445 1780 502 cogatur
1818 439 2187 502 incedere‚qscu
2226 439 2358 487 orbi-

106 516 205 558 tam
244 523 384 558 suam
423 512 550 560 circa
588 512 787 562 'Terram
825 515 1027 566 zodiaco
1066 516 1397 565 subordinate.

250 583 475 632 Nullane
509 586 627 634 hinc
661 590 892 636 nascitur
929 590 1198 638 anomalia
1231 595 1399 638 motus
1424 585 1620 644 Lunae,
1662 587 1705 632 si
1742 584 1833 632 illa
1869 586 1926 631 in
1963 587 2118 646 siqnis
2156 583 2356 647 quidem

104 657 307 718 tropicis
340 657 616 706 secundum
654 659 870 708 ductum
898 665 1076 723 speciei
1113 664 1357 710 terrestris
1391 658 1605 717 incedat,
1647 659 1772 718 quia
1803 655 2041 704 zodiacus
2078 664 2125 706 et
2163 672 2358 719 aequa*-

101 736 183 778 tor
218 729 319 776 illis
353 732 411 778 in
442 733 681 792 partibus
717 740 838 782 sunt
867 734 1124 795 paralleli,
1162 740 1218 782 at
1254 737 1312 783 in
1345 734 1503 796 siqnis
1541 728 1993 792 aequinoctialibus
2018 730 2219 791 obliquo
2246 736 2359 778 tra-

103 805 222 850 mite
269 803 403 850 hanc
445 808 656 864 speciem
707 809 897 854 terreni
943 809 1172 868 eorporis
1217 804 1478 867 trajiciat?
1528 803 1740 851 Rursum
1792 800 1962 849 eadem
1979 805 1981 807 ’
2001 802 2063 862 ειᾶ
2101 802 2228 850 hanc
2267 803 2358 850 ob-

98 874 361 936 jectionem
402 875 680 926 diluendam
718 878 1002 942 respondeo,
1043 894 1170 941 quae
1196 894 1323 928 circa
1345 876 1643 928 latitudines
1709 874 1908 930 Scilicet
1931 876 2118 938 species
2146 877 2358 939 corporis

104 947 313 996 Telluris
353 949 401 1000 in
440 951 516 997 sui
554 951 715 999 medio
754 952 845 1000 sub
885 958 1150 1014 aequatore
1188 958 1261 1000 est
1297 951 1573 1009 fortissima,
1614 947 1677 997 ad
1714 939 1870 996 latera
1909 949 2188 1010 aequatoris
2217 948 2358 995 debi-

101 1021 214 1080 lios,
255 1022 372 1082 quia
412 1023 557 1071 etiam
596 1027 643 1071 in
682 1025 839 1081 fonte,
881 1038 949 1074 sc
988 1026 1054 1071 in
1074 1025 1223 1088 globo
1265 1025 1456 1084 Terrae,
1499 1012 1664 1072 eircu’li
1703 1021 1980 1084 aequatoris
2021 1018 2267 1084 paralleli,
2308 1027 2361 1067 ut

103 1094 327 1152 minoreS,
369 1095 554 1144 tardius
592 1099 854 1146 incitantur
889 1112 1037 1160 quam
1074 1104 1328 1160 aequator,
1369 1096 1575 1147 circulus
1614 1095 1871 1142 maximus.
1930 1093 2011 1141 Fit
2049 1095 2196 1156 igitur
2223 1107 2359 1141 com-

101 1169 351 1230 pensatio.
391 1175 447 1216 ut
484 1184 582 1231 qua
608 1170 747 1219 Luna
784 1171 956 1218 sortem
995 1172 1238 1234 experitur
1274 1172 1487 1235 speciem
1526 1170 1790 1228 motricem,
1832 1166 1901 1214 ibi
1938 1180 2033 1215 non
2074 1160 2226 1214 totam
2268 1166 2359 1214 ob-
2403 1208 2405 1211 Α

100 1245 289 1299 servet,
342 1242 390 1287 in
429 1248 758 1291 transversum
799 1245 989 1304 abienS,
1031 1247 1129 1306 q'ua
1166 1249 1319 1292 totam
1359 1244 1613 1302 observat,
1655 1240 1726 1287 illi
1766 1241 1958 1304 penitus
2000 1238 2359 1307 obsecundan5‚

101 1313 171 1360 ibi
219 1312 431 1362 debilem
478 1317 767 1378 experiatur.
859 1317 965 1383 Etsi
1010 1316 1069 1366 de
1121 1317 1400 1365 omnimoda
1447 1306 1847 1379 co‘mpensation'e
1897 1312 2018 1359 nihil
2073 1308 2356 1378 pronutieiO,

102 1400 211 1433 cum
249 1385 420 1435 Lunae
465 1388 833 1438 observationes
883 1391 1147 1439 etiamnum
1193 1392 1240 1437 in
1287 1390 1506 1438 minimis
1566 1389 1855 1437 dissentiant
1907 1400 1937 1433 a
1985 1388 2358 1452 quibuscunque

102 1457 316 1517 calculis,
357 1460 690 1524 incertumque
728 1465 805 1523 sit,
846 1469 1078 1526 quorsum
1115 1459 1365 1512 referenda
1403 1464 1465 1510 sit
1504 1461 1589 1510 illa
1629 1460 1965 1525 discrepantia.
2070 1471 2073 1474 ⁴

252 1531 516 1595 Quomodo
555 1534 711 1583 Luna
758 1542 917 1598 potest
952 1538 1105 1584 etiam
1143 1539 1278 1585 circa
1319 1536 1483 1584 Solem
1520 1535 1649 1598 ferri
1686 1540 1831 1582 motu
1869 1547 2075 1594 annua,
2118 1532 2360 1581 ‘satellites

101 1611 327 1666 quatuor
362 1608 498 1654 circa
531 1607 714 1656 Jovem
753 1611 1011 1658 communi
1048 1617 1188 1659 mota
1226 1609 1603 1670 duodecennali,
1642 1610 1712 1656 sic
1746 1613 1805 1655 ut
1839 1609 2045 1655 interim
2081 1620 2188 1654 non
2226 1604 2360 1653 dese-

101 1684 227 1726 rant
266 1679 341 1726 vel
380 1678 655 1742 dimittant,
694 1681 852 1730 Luna
885 1683 1114 1747 Terram,
1151 1683 1380 1731 Joviales
1418 1682 1616 1741 Jovem,
1655 1683 1698 1729 si
1735 1680 1905 1728 nullis*
1929 1678 2133 1726 orbibus
2172 1679 2362 1726 anneaei

101 1757 236 1810 sunt,
274 1752 369 1799 illa
415 1752 627 1814 Terrae,
678 1754 731 1801 hi
765 1755 928 1804 Jovi?
979 1755 1119 1804 Circa
1156 1755 1321 1804 Solem
1361 1754 1555 1817 quidem
1595 1752 1867 1803 secundarii
1906 1752 2149 1800 vehuntur
2188 1750 2359 1799 eadem

106 1825 286 1872 virtute
322 1827 502 1887 speciei
530 1826 728 1887 Solaris,
770 1843 867 1889 qua
905 1829 1053 1877 etiam
1091 1830 1307 1891 primarii
1346 1828 1554 1888 illorum,
1594 1819 1762 1876 Tellus
1803 1831 1851 1875 et
1876 1825 2072 1888 Jupiter
2100 1823 2359 1883 vehuntur,

101 1898 541 1958 circumagerentur
565 1914 682 1948 vero
724 1906 858 1949 t‘anto
898 1901 1103 1951 celerius
1142 1915 1287 1964 quam
1317 1903 1389 1953 sui
1420 1902 1649 1965 primarii,
1689 1905 1872 1963 quanto
1898 1906 2010 1948 sunt
2038 1897 2363 1962 expeditiores,

101 1969 164 2018 ad
203 1974 388 2018 motum
428 1971 690 2033 densitate,
732 1974 885 2035 mole,
927 1974 1155 2038 pondere,
1195 1975 1290 2021 nisi
1327 1977 1645 2023 retinerentur
1682 1980 1730 2022 et
1764 1979 2105 2037 prensarentur
2143 1986 2173 2019 a
2210 1970 2361 2019 Terra

101 2048 150 2092 et
186 2042 317 2091 Jove
358 2045 405 2090 vi
445 2046 744 2107 magnetica,
792 2048 898 2109 ejus
937 2046 1108 2106 simili,
1164 2063 1261 2110 qua
1302 2049 1446 2095 etiam
1488 2046 1574 2095 Sol
1612 2046 1860 2111 praeditus
1900 2052 1987 2096 est·
2050 2042 2204 2093 ‘Haec
2242 2057 2358 2092 vero

101 2116 423 2179 prensationis
464 2119 563 2178 vis,
604 2124 656 2166 ut
693 2133 840 2183 supra
879 2121 1027 2169 etiam
1067 2119 1125 2169 de
1166 2121 1374 2183 planctis
1414 2119 1611 2180 dictum,
1653 2120 1924 2167 continetur
1963 2119 2214 2168 contrariis
2255 2118 2359 2164 vir-

100 2189 289 2237 tutibus
327 2203 554 2240 accessus
591 2206 907 2256 recessusque
935 2193 1106 2242 Lunae
1141 2208 1171 2241 a
1197 2194 1360 2251 Terra,
1401 2200 1454 2240 ut
1493 2207 1618 2255 quae
1656 2191 1882 2244 revoluta
1920 2193 2047 2241 cirea
2088 2205 2227 2240 axem
2265 2189 2359 2238 hac

101 2264 409 2325 prensatione
449 2279 612 2313 secum
652 2268 798 2315 etiam
839 2266 1027 2315 Lunam
1067 2267 1375 2329 circumagit,
1425 2265 1597 2330 plagas
1649 2267 1723 2314 sui
1764 2267 2005 2328 corporis,
2055 2265 2232 2328 quibus
2271 2278 2358 2311 ac-

102 2349 267 2384 cessus
311 2342 360 2384 et
407 2351 626 2386 recessus
673 2339 943 2402 perficitur,
995 2340 1185 2388 interim
1236 2345 1607 2404 permutantem.
1682 2339 1889 2403 Respice
1936 2339 1998 2388 ad
2038 2337 2235 2388 schema
2277 2338 2360 2384 62.

102 2408 259 2470 Finge
310 2409 504 2472 plagam
557 2410 694 2473 globi
731 2412 902 2461 Lunae
940 2414 1147 2461 amicam
1187 2412 1364 2461 Terrae
1406 2413 1596 2460 obverti
1634 2426 1724 2461 nec
1762 2414 2022 2476 permutari
2064 2406 2172 2461 cum
2212 2409 2361 2474 plaga

102 2483 357 2542 contraria,
397 2483 525 2545 finge
565 2486 711 2533 etiam
741 2485 937 2533 Terram
976 2500 1073 2534 non
1112 2488 1260 2534 rotari
1300 2488 1427 2534 circa
1465 2499 1622 2547 axem,
1662 2486 1772 2534 ferri
1811 2492 1972 2539 tamen
2013 2486 2139 2533 circa
2167 2483 2361 2533 Solemt

101 2553 181 2603 bic
219 2554 360 2604 Luna
411 2563 590 2605 curret,
621 2557 826 2607 eundem
879 2573 1072 2615 cursum
1120 2573 1230 2607 cum
1269 2559 1418 2607 Terra
1457 2559 1747 2621 interimque
1788 2565 1834 2606 et
1872 2559 2088 2607 trahetur
2126 2572 2155 2605 a
2194 2557 2358 2614 Terra,

103 2642 257 2689 usque
299 2628 412 2676 dum
452 2629 522 2676 illi
561 2629 623 2678 ad
663 2637 939 2679 contactum
979 2632 1158 2680 veniat.
1235 2632 1390 2694 Finge
1431 2633 1644 2680 vicissim
1683 2631 1811 2680 idem
1852 2631 1911 2679 de
1950 2631 2098 2695 plaga
2135 2631 2359 2678 inimica:

50 2706 59 2718 '
101 2700 181 2749 bic
220 2701 363 2749 Luna
401 2702 554 2763 fugiet
591 2702 800 2752 Terram
831 2706 1091 2768 tantisper,
1141 2703 1253 2752 dum
1302 2710 1438 2754 extra
1476 2704 1642 2753 orbem
1689 2706 1879 2752 virtutis
1927 2704 2104 2753 Terrae
2155 2716 2361 2764 magne—

104 2774 229 2823 ticae
267 2777 478 2836 venerit,
519 2782 636 2824 tunc
672 2791 791 2826 sane
828 2792 881 2826 se
921 2778 1166 2841 permittet
1203 2777 1294 2864 soli
1334 2779 1492 2840 raptui
1521 2777 1651 2830 Solis
1691 2783 1739 2826 et
1777 2780 1848 2825 sic
1886 2779 2078 2840 penitus
2118 2775 2361 2824 aberrabit

102 2863 132 2896 a
170 2847 336 2896 Terra.

245 2921 452 2980 Dimisti,
491 2921 715 2969 medium
752 2922 1000 2970 circulum
1032 2922 1217 2971 Terrae
1253 2923 1411 2985 paulo
1448 2925 1619 2971 minus
1657 2938 1812 2985 quam
1850 2925 2071 2985 sexayies
2095 2923 2361 2984 anqustio-

102 3009 207 3042 rem
246 3009 342 3042 esse
380 2994 496 3042 orbe
535 2993 742 3042 Lunae.-
793 3001 863 3042 est
908 3008 1027 3044 vero
1064 2995 1196 3043 idem
1238 2995 1421 3043 Terrae
1459 2996 1677 3044 circulus
1715 2997 1878 3043 tricies
1915 3001 2119 3044 tantum
2158 2991 2362 3043 celerior

103 3066 281 3127 Luna,
322 3069 444 3129 quia
482 3069 697 3129 triyinta
734 3066 906 3115 diebus
943 3071 1114 3116 minus
1150 3070 1343 3116 semisse
1382 3068 1536 3116 Luna
1573 3070 1862 3132 revertitur.
1948 3067 2165 3118 Tardior
2201 3069 2362 3129 i9itur

103 3146 172 3188 est
206 3141 426 3188 circulus
460 3141 644 3188 Terrae
681 3146 851 3187 centro
880 3139 1062 3189 Lunae
1096 3143 1231 3188 circa
1276 3141 1486 3188 Terram
1524 3143 1580 3188 in
1617 3143 1818 3189 ratione
1855 3141 2030 3204 dupla.
2101 3140 2362 3204 Quomodo

102 3214 260 3275 ὁρίων
297 3226 500 3275 corpus,
555 3212 691 3275 quod
727 3212 910 3260 incedit
949 3214 1170 3271 tardius,
1224 3214 1406 3275 inferet
1445 3212 1627 3260 Lunae
1663 3219 1859 3262 motum
1895 3226 1988 3262 suo
2023 3217 2182 3276 ipsius
2217 3219 2363 3261 motu

103 3287 349 3347 majorem
399 3286 552 3349 duplo
598 3292 644 3333 et
682 3286 1004 3333 celeriorem?
1055 3286 1163 3333 Non
1206 3292 1279 3333 est
1316 3285 1439 3333 haec
1477 3286 1688 3346 objectio
1730 3286 1908 3334 Lunari
1947 3289 2101 3336 motui
2141 3285 2362 3350 peculia-

104 3359 217 3406 riter
255 3357 477 3418 adversa,
517 3358 603 3407 sed
643 3358 960 3406 communiter
1000 3359 1221 3406 omnibus
1260 3357 1485 3418 planetis,
1526 3372 1615 3406 nec
1655 3360 1915 3421 quicquam
1952 3360 2103 3410 habet
2143 3358 2357 3408 absurdi.

105 3429 322 3493 Corpora
375 3433 504 3480 enim
542 3432 638 3480 ista
675 3431 804 3479 Solis
846 3437 893 3479 et
931 3429 1142 3478 Telluris
1181 3444 1274 3478 non
1317 3437 1515 3479 movent
1555 3437 1806 3492 contactu,
1859 3432 1945 3481 sed
1983 3433 2241 3495 speciebus
2284 3434 2359 3480 sui

107 3501 322 3552 dilatatis
359 3518 445 3554 seu
486 3505 739 3568 explicatis
780 3506 826 3551 in
868 3517 1055 3552 omnem
1098 3504 1311 3565 corporis
1352 3503 1547 3551 mobilis
1586 3504 1809 3553 orbitam.
1869 3504 1983 3555 Jam
2023 3508 2212 3568 species
2251 3519 2360 3554 cor-

106 3577 238 3637 poris
276 3576 479 3637 Terrae,
532 3583 962 3640 quantumcunque
1014 3590 1099 3638 per
1147 3577 1359 3638 spatium
1412 3590 1674 3636 emanans,
1736 3579 1940 3626 vertitur
1986 3594 2095 3628 cum
2148 3577 2358 3636 Tellure,

51 3642 62 3651 '
107 3646 240 3698 fonte
277 3664 382 3710 suo,
423 3651 594 3700 eodem
634 3656 849 3712 tempore
889 3650 1114 3696 horarum
1156 3650 1239 3706 24,
1281 3661 1388 3695 cum
1429 3653 1589 3698 tamen
1631 3664 1688 3699 eo
1728 3650 1852 3711 loce,
1894 3667 1990 3713 quo
2031 3657 2228 3714 prensat
2258 3650 2359 3698 Lu-

107 3733 236 3780 nam,
274 3724 338 3770 sit
375 3723 593 3785 ejusdcm
634 3722 967 3786 amplitudinis
1009 3735 1117 3769 cum
1158 3722 1272 3769 orbe
1313 3720 1496 3769 Lunae.
1571 3722 1798 3772 Permeat
1836 3725 1983 3787 igitur
2023 3726 2115 3772 ista
2153 3723 2356 3785 specieS,

24 3801 32 3866 3
110 3795 332 3855 sexagies
370 3796 575 3858 amplior
614 3795 786 3856 Terra,
827 3800 1045 3858 permeat
1082 3795 1279 3855 inquam
1323 3793 1489 3843 Lunae
1529 3796 1736 3845 orbitam
1775 3802 1927 3845 totam
1969 3799 2015 3844 in
2058 3810 2153 3844 uno
2194 3809 2358 3844 mense

111 3865 285 3928 tricies,
325 3881 432 3917 cum
456 3869 599 3918 Luna
635 3870 762 3917 intra
801 3868 926 3917 idem
966 3868 1177 3931 spatium
1218 3873 1487 3916 tevertatur
1523 3874 1712 3918 tantum
1740 3869 1904 3931 semel,
1944 3870 2123 3920 Terrae
2149 3868 2359 3933 speciem
