2554 4140
831 145 970 191 Liber
1000 145 1212 203 Quartus.
1270 144 1384 191 Pars
1415 143 1582 189 Tertia.
2227 146 2328 197 381

228 295 302 344 Ex
339 295 432 345 hac
479 308 592 343 vero
630 296 942 357 proportione
979 296 1234 358 supposita
1271 293 1640 353 demonstratur,
1680 292 1847 341 fibram
1886 290 1975 354 NQ
2014 297 2131 341 tunc
2165 290 2215 338 in
2239 288 2335 339 So-

83 369 179 418 lem
206 367 251 416 A
290 367 500 428 tendere,
542 381 650 415 cum
678 367 764 416 ΡΝ
802 373 876 416 est
914 367 1160 430 quadrans
1197 367 1288 416 sub
1313 365 1423 414 fixis
1448 366 1680 428 praecise.
1743 364 1817 414 Sit
1841 367 1969 414 enim
1995 364 2087 414 AN
2113 362 2335 427 aequalis

83 442 202 505 ipsis
240 439 342 502 PB,
381 447 436 488 ut
472 441 521 486 in
560 439 735 503 ellipsi,
777 446 825 488 et
861 440 902 487 B
941 442 1006 489 sit
1043 446 1259 490 centrum
1295 439 1566 498 eccentrici,
1607 443 1655 486 et
1675 436 1817 489 ,ΑΒΝ
1855 444 2029 498 rectus,
2070 439 2188 500 quia
2227 435 2333 498 ejus

84 527 311 562 mensura
344 511 435 561 NR
475 517 549 561 est
586 512 853 575 quadrans:
909 511 1172 562 descendat
1210 514 1357 560 etiam
1394 525 1455 560 ex
1494 508 1561 571 Q,
1607 511 1813 559 termino
1852 511 2075 574 solipeta,
2115 515 2248 559 recta
2286 510 2337 556 in

85 585 189 646 ΒΝ,
230 600 356 648 quae
395 586 459 633 sit
499 583 624 646 QM:
665 585 933 634 formantur
971 585 1067 634 duo
1100 583 1389 647 rectangula
1426 582 1562 631 ΑΒΝ
1600 588 1649 631 et
1686 581 1859 644 QMN,
1900 590 1948 632 et
1987 585 2106 650 quia
2141 584 2339 646 ponitur

85 660 155 706 sic
194 672 300 706 esse
339 655 428 720 NQ
470 657 531 706 ad
572 656 685 719 ΩΜ,
726 658 853 707 sicut
890 658 981 706 NA
1019 658 1083 707 ad
1124 657 1227 719 AB,
1265 661 1403 707 erunt
1441 656 1587 718 igitur
1611 654 1672 716 N,
1711 653 1752 716 Q
1794 663 1842 704 et
1882 655 1924 703 A
1963 657 2012 703 in
2052 671 2148 704 una
2187 661 2336 717 recta,

86 745 172 779 seu
214 729 256 792 Q
296 729 528 793 dirigetur
565 732 614 777 in
653 730 833 779 Solem.

230 801 347 852 Jam
394 817 543 866 supra
580 817 697 852 vero
750 803 1130 852 demonstratum
1169 808 1269 863 est,
1322 804 1365 851 si
1403 800 1630 851 absoluto
1670 799 1939 862 quadrante
1976 801 2067 850 sub
2107 801 2215 848 fixis
2254 800 2341 849 ΡΝ

88 875 313 939 planetae
352 874 473 925 fibra
512 875 553 938 Q
594 876 828 939 dirigatur
866 876 912 923 in
953 874 1142 936 Solem,
1180 881 1235 924 ut
1271 876 1335 924 sit
1371 875 1550 924 inflexa
1586 872 1767 935 angulo
1804 870 1964 934 BNQ,
2005 876 2159 935 sequi,
2201 880 2254 921 ut
2291 875 2340 920 in

87 948 185 999 alio
238 947 507 1012 quadrante
543 948 637 999 NR
686 949 776 997 sub
831 948 939 996 fixis
990 949 1111 997 fibra
1146 946 1236 1009 NQ
1279 949 1587 1008 restituatur,
1641 953 1894 995 consumto
1935 945 2028 995 hoc
2065 946 2338 995 inflexionis

86 1019 220 1083 BNQ
259 1023 456 1084 angu10,
496 1023 568 1072 sic
605 1027 672 1081 ut,
712 1022 911 1084 planeta
947 1022 994 1068 in
1034 1021 1079 1068 R
1116 1026 1300 1081 stante,
1339 1019 1462 1070 fibra
1498 1034 1686 1068 rursum
1726 1020 1789 1067 sit
1826 1020 1921 1082 ipsi
1959 1019 2048 1069 BN
2085 1018 2337 1081 parallela,

85 1096 212 1143 sicut
250 1101 353 1144 erat
392 1097 440 1143 in
473 1094 536 1143 P:
577 1109 704 1157 quae
741 1094 1343 1157 perfecta.est‘restitutio
1381 1093 1610 1142 fibrarum
1636 1098 1749 1156 post
1769 1098 2020 1155 peractum
2057 1093 2341 1141 semicircu—

87 1166 204 1215 lum.
278 1166 418 1216 Idem
451 1167 691 1230 judicium
730 1173 835 1216 esto
874 1165 934 1215 de
972 1166 1125 1215 altero
1162 1166 1489 1227 semicircu10,
1541 1179 1638 1229 quo
1678 1165 1929 1228 absolute,
1976 1165 2178 1229 planeta
2215 1164 2341 1214 redit

87 1239 149 1289 ad
189 1240 396 1290 eundem
433 1240 596 1289 locum
626 1240 719 1288 sub
758 1239 882 1288 fixis.
905 1236 955 1305 ὓ)

242 1313 469 1362 Vicissim
507 1329 621 1362 cum
661 1319 863 1361 testetur
899 1313 1237 1373 experientia,
1284 1284 1635 1360 insensibiliter
1671 1311 1946 1375 transferri
1982 1312 2206 1374 apsides,
2255 1325 2347 1360 nec

87 1401 295 1436 manere
330 1386 423 1434 sub
461 1387 637 1434 iisdem
674 1386 793 1434 locis
829 1387 962 1433 inter
994 1384 1152 1446 fixas.-
1207 1386 1436 1447 sequitur
1473 1386 1645 1447 iyitur,
1689 1383 1741 1432 N
1747 1385 1787 1448 Q
1826 1387 1882 1433 in
1922 1384 2087 1435 Solem
2125 1389 2348 1447 spectare

87 1474 193 1509 non
237 1461 462 1522 praecise
511 1457 817 1522 quadrante.
844 1474 878 1506 a
915 1459 1019 1507 loco
1060 1458 1277 1521 pristino
1331 1456 1518 1520 apsidis
1558 1457 1619 1507 P.
1700 1457 1844 1520 Quae
1884 1472 2042 1508 causa
2079 1465 2148 1508 est
2190 1458 2345 1514 huius

90 1532 429 1582 aber-rationis
478 1548 512 1580 a
555 1533 884 1595 proportione
929 1530 1251 1593 aequalitatis
1288 1532 1403 1590 ,iam
1441 1530 1704 1579 stabilita?
1760 1530 1986 1580 Tarditas
2024 1531 2197 1581 horum
2237 1545 2346 1579 mo-

93 1611 230 1654 tuum
278 1605 655 1655 inobservabilis
695 1604 890 1663 videtur,
934 1604 984 1650 in
1030 1602 1270 1651 materiali
1307 1604 1599 1652 necessitate
1637 1604 1944 1666 quaerenda,
1993 1606 2036 1653 si
2083 1606 2347 1668 quicquam

92 1677 243 1740 aliud,
283 1693 350 1728 sc.
390 1679 439 1726 in
476 1678 784 1728 aberratione
824 1676 1058 1726 dictorum
1100 1675 1304 1724 duorum
1341 1682 1577 1736 motuum,
1616 1675 1892 1739 librationis
1927 1683 1976 1727 et
2001 1678 2346 1738 inclinationis,

0 1745 3 1819 ᾖ
95 1750 158 1800 ab
211 1753 444 1810 invicem,
491 1765 578 1814 per
623 1752 1148 1800 intercursum‘motus
1194 1750 1337 1797 tertii.
1413 1749 1653 1798 Diffundit
1701 1751 1830 1799 enim
1869 1765 1976 1801 sese
2013 1752 2063 1798 in
2104 1749 2348 1814 quandam

3 1882 5 1892 ,
93 1826 325 1888 temporis
365 1823 670 1883 infinitatem,
711 1838 838 1887 quae
876 1821 995 1870 nihil
1036 1821 1187 1870 habet
1221 1821 1611 1884 pulchritudinis,
1652 1824 1834 1886 quippe
1861 1823 1998 1874 velut
2022 1825 2348 1873 interminata.

0 1935 7 1962 s»
95 1894 349 1958 Quaenam
386 1911 503 1946 vero
542 1899 606 1945 sit
642 1899 963 1946 intercurrens
1002 1909 1176 1952 causa,
1223 1894 1417 1943 difficile
1459 1901 1533 1950 est
1567 1895 1802 1962 prodere,
1849 1897 1965 1959 quia
2001 1911 2161 1960 neque
2200 1896 2260 1947 de
2298 1910 2349 1945 re

94 1970 204 2032 ipsa
240 1984 390 2034 penes
429 1984 596 2019 omnes
636 1974 841 2030 constat,
885 1982 1043 2031 neque
1083 1973 1213 2016 certa
1251 1973 1324 2016 est
1359 1969 1428 2016 rei
1467 1970 1715 2031 quantitas
1752 1971 1800 2017 in
1839 1969 2098 2032 plerisque.
2176 1968 2349 2032 Quan-

6 2043 9 2052 '
94 2044 233 2092 titate
274 2058 391 2092 vero
430 2042 639 2104 ademta,
681 2056 902 2093 caremus
940 2042 1161 2090 examine
1201 2040 1472 2103 causarum,
1515 2055 1639 2103 quas
1678 2044 1786 2104 quis
1827 2043 2116 2106 conjecturis
2143 2042 2351 2105 indaga-

97 2117 248 2178 verit,
304 2116 464 2180 qualis
512 2131 620 2166 esse
674 2121 838 2182 potest
884 2128 1113 2165 excursus
1163 2106 1470 2176 planetarum
1508 2113 1572 2163 ad
1609 2114 1766 2165 latera
1805 2115 2072 2179 eclipticas.
2149 2115 2259 2165 Non
2298 2115 2352 2163 fit

10 2235 13 2254 ,Ἴ
96 2191 223 2237 enim
271 2186 354 2239 ille
407 2191 511 2239 sine
560 2187 873 2237 inclinatione
911 2187 1139 2236 fibrarum
1177 2188 1378 2236 istarum
1415 2185 1506 2249 NQ
1545 2186 1608 2236 ad
1646 2187 1833 2237 radium
1872 2188 2002 2238 Solis
2043 2189 2159 2248 AN,
2213 2194 2353 2238 tanta

96 2261 314 2326 quidem,
372 2267 585 2325 quantus
633 2268 708 2311 est
759 2261 996 2323 cujusque
1045 2274 1289 2309 excursus,
1366 2260 1439 2308 Ex
1477 2261 1649 2324 majori
1690 2261 1768 2311 vel
1806 2264 1980 2311 minori
2019 2262 2106 2311 tali
2144 2262 2351 2312 inclina-

13 2349 15 2365 ¹
93 2336 226 2384 tione
269 2342 646 2384 consentaneum
686 2340 775 2394 est,
814 2333 1033 2385 nonnihil
1076 2331 1318 2382 debilitari
1355 2332 1584 2382 fibrarum
1623 2349 1762 2397 opuS,
1803 2335 1951 2398 idque
1986 2337 2120 2385 varie
2146 2350 2233 2398 pro
2260 2350 2352 2385 va-

92 2410 165 2457 ria
202 2422 490 2461 excursuum
527 2406 815 2458 habitudine
855 2405 918 2457 ad
957 2405 1167 2471 apsides.
1243 2405 1576 2470 InSaturn0,
1617 2407 1806 2471 Marte,
1847 2409 2053 2472 Venere,
2091 2407 2351 2470 Mercurio,

99 2607 101 2611 ,
269 2552 307 2603 *)
338 2550 447 2595 Fine
478 2548 582 2593 libri
611 2548 692 2594 IV.
721 2548 834 2592 haec
865 2553 1019 2593 monet
1047 2547 1295 2604 Keplerus:
1329 2548 1523 2593 Textum
1544 2549 1779 2606 antiquum
1801 2555 1846 2595 et
1868 2551 2036 2607 optime
2058 2549 2355 2597 deliberatum

19 2632 21 2638 ’
92 2616 309 2675 pervertit
337 2627 456 2660 nova
476 2620 521 2659 et
541 2620 783 2672 properata
815 2613 1056 2659 correctio:
1092 2613 1134 2669 1)
1166 2612 1442 2670 Principium
1472 2614 1653 2671 petitur.
1714 2617 1757 2673 2)
1787 2617 1829 2661 N
1834 2629 1891 2660 on
1924 2621 1993 2662 est
2015 2615 2202 2670 consilii,
2233 2616 2354 2672 quod

88 2679 168 2727 fol.
200 2681 286 2728 380
312 2681 391 2728 lin.
423 2682 464 2727 8.
494 2679 581 2725 fuit
609 2680 915 2725 necessitatis:
948 2691 1195 2724 consensus
1216 2679 1467 2725 librationis
1499 2694 1599 2726 cum
1629 2681 1934 2727 inclinatione.
1975 2683 2016 2732 3)
2049 2681 2186 2736 Idem,
2217 2695 2356 2728 causa

6 2771 23 2787 .=
92 2760 183 2792 non
212 2760 362 2792 cansa.
424 2747 474 2802 4)
504 2745 640 2790 Aliud
670 2745 951 2803 propositum
982 2745 1059 2788 lin.
1091 2745 1160 2790 10.
1193 2745 1318 2790 aliud
1347 2744 1456 2790 folio
1493 2747 1592 2793 381.
1624 2746 2000 2801 demonstratum,
2029 2747 2121 2792 illic
2152 2745 2210 2792 ad
2237 2745 2355 2793 fixas

92 2820 370 2871 respectum,
423 2813 496 2857 hic
542 2811 599 2856 ad
645 2812 841 2869 apsides.
918 2812 1067 2858 Causa
1111 2826 1217 2858 vera
1261 2814 1561 2861 restitutionis
1606 2829 1722 2873 pene
1768 2815 1998 2873 perfectae
2048 2821 2116 2860 est
2161 2816 2356 2861 necessi-

93 2879 203 2924 tatis
232 2878 463 2936 physicae.
526 2878 631 2923 Sive
662 2878 779 2922 enim
810 2878 1054 2935 parallelas
1083 2884 1297 2923 maneant
1327 2879 1493 2932 fibrae,
1531 2879 1624 2925 sive
1655 2880 1927 2927 inclinentur
1966 2883 2010 2926 in
2041 2895 2130 2926 uno
2171 2881 2357 2926 semisse

94 2944 153 2992 ab
181 2944 339 3003 apside
370 2944 609 2998 deorsum,
650 2951 700 2990 ut
728 2943 826 3000 NQ,
857 2944 906 2988 in
935 2942 1307 3005 alteroosursum,
1349 2958 1451 2989 cum
1482 2945 1693 3002 utrinque
1724 2946 1928 3003 perfecta
1960 2947 2018 2991 sit
2049 2946 2357 3003 compensatio

96 3016 149 3057 ut
178 3011 255 3056 sol.
285 3011 384 3058 379.
418 3010 610 3066 dictum,
657 3009 791 3056 etiam
824 3010 888 3055 sic
917 3009 1058 3055 fibrae
1088 3009 1133 3055 in
1162 3016 1355 3067 utraque
1386 3010 1541 3067 apside
1575 3017 1680 3056 sunt
1710 3013 1897 3057 invicem
1929 3011 2195 3069 parallelae,
2228 3011 2355 3057 resti-

22 3090 26 3139 ἰ
97 3075 211 3125 tutio
240 3075 378 3134 igitur
406 3075 622 3134 perfecta.

23 3141 27 3201 l
215 3143 340 3202 Ergo
361 3142 439 3189 fol.
465 3143 567 3190 381.
599 3142 762 3188 falsum
777 3147 831 3186 ‘et
852 3141 1247 3202 contradictorium
1270 3143 1551 3199 proponitur,
1583 3144 1809 3188 aberratio
1827 3142 2077 3188 librationis
2099 3142 2154 3187 ab
2174 3142 2360 3188 inclina-

0 3233 1 3236 =
97 3206 240 3257 tione:
271 3208 421 3265 potius
443 3219 579 3253 causa
596 3207 709 3252 haec
725 3206 811 3251 suit
833 3206 1033 3264 dicenda,
1067 3219 1181 3263 quae
1202 3206 1291 3251 fine
1309 3206 1384 3251 fol.
1403 3207 1499 3253 379
1517 3207 1785 3254 insinuatur
1832 3209 1910 3254 Sol
1932 3209 2048 3253 enim
2069 3208 2114 3253 in
2138 3209 2359 3267 superiori

26 3262 30 3323 Ῑ
100 3274 347 3331 quadrante
378 3273 459 3319 ΡΝ
488 3272 624 3330 paulo
657 3272 802 3318 minus
833 3271 1033 3328 inclinat,
1065 3271 1110 3316 in
1141 3271 1339 3316 inferiori
1371 3271 1455 3317 NR
1477 3272 1612 3328 paulo
1635 3272 1738 3330 plus
1754 3274 1957 3331 reclinat,
1991 3274 2212 3331 siquidem
2241 3274 2360 3320 fixae

28 3335 31 3370 ¹·
98 3340 313 3384 terninos
342 3338 484 3395 figant
513 3338 854 3396 quadrantibus.
919 3337 1028 3382 Cum
1061 3337 1196 3394 igitur
1226 3337 1271 3381 in
1304 3338 1364 3392 R,
1404 3343 1573 3393 puncto
1604 3336 1817 3397 fixarum,
1850 3341 2066 3386 terminus
2098 3341 2289 3398 solipeta
2320 3339 2358 3383 G

0 3391 35 3464 l
94 3402 189 3460 jun
220 3404 278 3450 sit
306 3416 445 3461 supra
476 3405 568 3462 SY,
610 3404 795 3449 vicinior
832 3404 969 3460 igitur
1000 3402 1149 3447 adhuc
1181 3402 1293 3455 Soli,
1335 3403 1483 3448 adhuc
1520 3403 1655 3459 igitur
1694 3404 1877 3461 planeta
1915 3407 2176 3463 adnavigat:
2219 3418 2359 3462 quare

101 3466 220 3513 ultra
247 3468 291 3514 R
316 3468 507 3514 fixarum
539 3470 625 3517 erit
655 3470 696 3514 R
725 3469 847 3526 apsis
875 3468 1099 3526 perigaea
1161 3467 1207 3512 Si
1237 3466 1430 3512 latitudo
1461 3467 1669 3525 planetae
1699 3470 1836 3527 hujus
1857 3474 1922 3518 rei
1944 3486 2082 3519 causa
2103 3477 2196 3529 est,
2230 3472 2360 3517 aliter

33 3532 37 3599 ζ
102 3526 183 3578 ssla
210 3533 479 3591 explicanda
509 3536 615 3587 erit,
659 3548 790 3594 quam
823 3534 900 3579 fol.
939 3533 1038 3589 382,
1069 3532 1146 3577 ubi
1176 3532 1253 3578 lin.
1293 3534 1332 3577 1.
1362 3547 1443 3590 pro
1476 3533 1656 3590 apsides
1687 3535 1786 3594 lege
1827 3537 2134 3596 longitudines
2172 3537 2358 3592 mediae,

35 3611 39 3652 ι,
104 3597 208 3654 quia
235 3599 282 3645 in
309 3599 424 3646 Jove
453 3601 488 3645 P
509 3616 599 3647 non
630 3609 702 3649 est
731 3601 890 3657 nodus,
923 3599 1002 3645 sed
1034 3599 1179 3644 limes.
1237 3599 1334 3643 Nec
1365 3598 1535 3645 sufficit
1562 3602 1609 3647 in
1639 3602 1797 3648 Jovem
1828 3604 2053 3661 respicere
2084 3615 2358 3658 causamque

104 3664 265 3709 stantis
295 3664 465 3722 apsidis
495 3665 614 3713 hanc
646 3666 809 3717 dicere
840 3665 947 3722 qnia
978 3663 1100 3721 apsis
1130 3665 1176 3709 in
1208 3662 1368 3709 limite:
1407 3671 1587 3723 oportet
1617 3673 1662 3713 et
1691 3668 1777 3714 hoc
1807 3671 2053 3727 explicare,
2087 3682 2225 3726 quare
2255 3681 2357 3724 pro-

38 3739 43 3788 2,
107 3741 285 3785 gressus
326 3730 530 3786 apsidum
570 3733 615 3778 in
652 3732 851 3791 planetis
892 3731 1052 3776 ceteris
1094 3729 1556 3786 inaequalissimarum
1602 3734 1888 3791 periodorum
1928 3736 1987 3780 sit
2031 3734 2358 3794 propemodum

38 3717 47 3880 l
106 3793 306 3850 aequalis
335 3793 418 3841 sub
446 3794 596 3910 iixisl.q
627 3798 814 3909 {estius
846 3798 978 3854 igitur
1010 3794 1086 3840 fol.
1077 3795 1219 3907 ,⁸382
1250 3796 1332 3905 atel
1364 3796 1402 3843 3.
1436 3797 1482 3842 in
1517 3800 1579 3845 10
1611 3812 1702 3845 una
1730 3799 1866 3846 litura
1895 3801 2028 3859 facta,
2062 3802 2175 3846 duas
2205 3801 2360 3845 literas

109 3855 335 3904 Romnae
363 3871 513 3908 cunae
713 3860 1062 3909 transmittimus
1181 3871 1263 3916 pos
1312 3873 1402 3906 ros.
