2554 4140
184 124 287 173 616
544 86 547 89 ’
994 115 1064 159 De
1093 111 1282 157 'rabulis
1314 102 1613 169 Rudolphinis

327 265 465 326 Quae
503 278 719 312 remorae
759 262 1022 311 editionem
1058 260 1184 309 hanc
1221 258 1534 318 retardarint‚
1571 259 1814 321 Keplerus
1853 260 2034 323 passim
2072 259 2121 305 in
2156 259 2436 320 praemissis

182 337 514 388 voluminibus
563 340 754 383 enarrat
793 337 887 394 (cfr.
921 337 1009 381 vol.
1031 336 1113 380 ΠΙ.
1142 335 1207 390 12,
1239 335 1337 380 519.
1371 335 1447 380 IV.
1485 336 1580 379 111.
1614 341 1660 379 et
1680 349 1820 392 supra
1848 335 1923 380 fol.
1947 336 2019 389 25,
2051 336 2119 391 38,
2152 336 2223 389 45
2254 336 2312 380 49
2335 337 2436 391 etc.)

188 419 236 460 et
274 412 320 455 in
361 408 661 470 praefatione
700 406 762 454 ad
796 404 991 454 tabulas
1029 405 1248 487 pluribus
1287 403 1514 469 explicat.
1590 403 1790 452 Initium
1838 421 1889 454 se
1941 406 2115 454 fecisse
2153 405 2289 453 brevi
2325 411 2437 468 post

183 486 385 530 mortem
423 480 672 543 Tychonis
719 482 837 527 item
887 479 992 542 ipse
1038 479 1234 556 saepius
1273 482 1501 536 testatur,
1550 490 1701 538 prope
1751 476 1815 524 ad
1851 478 1996 526 finem
2034 477 2292 539 perductas
2331 491 2437 525 esse

182 555 270 602 has
309 553 503 601 tabulas
557 566 686 600 anno
732 553 869 599 1624
908 554 1146 599 testantur
1180 539 1429 633 epistolae
1475 549 1600 596 infra
1638 555 1913 610 sequentes.
1988 551 2306 598 Perscrutans
2345 550 2437 597 ob-

186 627 521 675 servationum
560 625 975 683 Braheanarum,
984 623 1180 678 ‚chaos“
1219 623 1426 683 primum
1458 621 1603 683 jussu
1638 620 1817 669 Brahei
1854 625 2076 687 tentavit,
2118 638 2174 671 ea
2214 637 2339 684 quae
2380 622 2438 670 de

181 699 486 763 planetarum
536 698 750 746 motibus
806 701 1039 748 annotata
1089 696 1304 753 fuerunt,
1360 694 1422 742 ad
1461 693 1636 741 Brahei
1690 692 1780 741 de
1795 694 1974 742 mundo
2014 659 2307 758 hypothesin
2347 695 2437 742 ad-
2488 696 2490 700 '

182 778 366 835 aptare.
442 770 585 833 Quod
625 785 774 834 quum
811 771 970 817 minus
1010 769 1313 827 successerit,
1353 769 1479 815 inter
1514 766 1736 830 planetas
1772 765 1979 814 Martem
2018 767 2190 831 elegit,
2231 774 2285 815 ut
2322 781 2438 831 pro-

186 847 296 909 pius
349 851 663 905 cognosceret
710 843 815 906 ejus
866 846 1085 890 motuum
1136 841 1399 888 varietates
1451 841 1618 901 eisque
1668 839 1889 887 incubuit
1939 853 2091 901 usque
2146 840 2209 888 ad
2259 855 2439 888 annum
2526 873 2535 880 .

193 916 358 976 1609,
413 932 510 979 quo
550 915 757 964 Martem
798 916 1081 977 „captivum
1119 913 1474 961 nobilissimum
1511 912 1800 975 Imperatori
1823 911 2439 977 Rudolphospectandum

138 986 141 991 ”
186 988 455 1038 exhibuit.“
530 989 726 1037 Interim
777 993 824 1036 et
870 980 1083 1048 reliq'uos
1131 985 1255 1033 adiit
1291 985 1538 1049 planetaS‚
1594 999 1783 1047 semper
1820 990 2016 1032 secutus
2055 985 2232 1034 Brahei
2271 987 2439 1034 obser-

184 1063 435 1123 vationeS,
490 1074 751 1124 eorumque
807 1059 1044 1109 theoriam
1091 1059 1153 1107 ad
1202 1058 1400 1106 modum
1443 1058 1635 1106 Martis'
1665 1057 1917 1106 stabilivit.
2006 1057 2176 1106 Lunae
2227 1056 2437 1120 denique

185 1134 561 1198 inaequalitates
598 1134 857 1196 plurimum
897 1133 1264 1181 consumebant·
1286 1128 1515 1195 temporis
1554 1145 1736 1193 easque
1777 1129 2103 1194 explicaturus
2138 1130 2297 1192 adque
2335 1145 2443 1178 cer-

185 1215 286 1256 tam
323 1197 489 1270 legem¹
518 1213 834 1256 revocaturus
862 1207 1034 1254 iterum
1074 1204 1304 1253 deviabat
1341 1219 1372 1252 a
1410 1205 1675 1268 proposito,
1713 1202 1883 1252 Lunae
1917 1202 2155 1252 theoriam
2191 1205 2241 1250 in
2281 1202 2442 1265 „Hip-

185 1279 403 1344 parcho“
443 1294 531 1329 suo
571 1280 897 1329 demonstrare
935 1281 1100 1339 nisus;
1148 1292 1306 1339 neque
1343 1291 1460 1326 vero
1500 1276 1563 1324 ad
1600 1276 1746 1324 finem
1782 1291 1882 1324 rem
1920 1278 2161 1338 inceptam
2201 1276 2440 1340 perduxit,

189 1354 366 1411 librum
418 1351 1067 1416 imperfectumrelinquens
1108 1357 1156 1399 et
1194 1365 1274 1411 ea,
1315 1365 1440 1412 quae
1480 1356 1612 1398 certa
1649 1351 1742 1412 ipsi
1780 1348 2093 1409 videbantur,
2147 1351 2439 1412 propositio-

185 1427 330 1478 nibus
377 1427 712 1474 astronomicis
762 1425 1078 1487 ‚,Epitomes“
1126 1423 1205 1472 vel
1251 1424 1588 1487 ‚,praeceptis“
1640 1421 1938 1470 Tabularum
1988 1423 2278 1470 immiscens.
2353 1422 2438 1470 In-

190 1500 328 1548 terim
367 1512 483 1547 vero
522 1513 623 1549 rem
662 1501 904 1561 inceptam
945 1504 993 1546 et
1029 1497 1124 1545 sibi
1161 1496 1455 1556 mandatam,
1496 1510 1606 1543 cum
1642 1496 1838 1557 ingenio
1878 1494 1941 1543 ad
1978 1495 2104 1544 hanc
2141 1494 2438 1558 speculatio·
2529 1529 2532 1534 f

188 1586 300 1619 nem
339 1577 386 1619 et
425 1585 619 1636 operam
658 1576 942 1635 pertractus,
982 1576 1084 1617 tum
1115 1570 1259 1631 jussu
1296 1569 1609 1631 Imperatoris
1647 1574 1696 1616 et
1719 1568 2114 1630 instigationibus
2154 1568 2439 1616 omnimodis

190 1643 454 1692 haeredum
492 1644 672 1694 Brahei
710 1643 1279 1706 interpellationibusque
1305 1641 1517 1703 Pistorii,
1559 1655 1703 1704 quem
1740 1643 1834 1704 ipsi
1861 1640 2130 1704 Imperator
2167 1643 2309 1704 quasi
2335 1647 2440 1690 stu-

193 1716 381 1765 diorum
419 1717 739 1780 inspectorem
792 1717 1135 1776 constituerat,
1176 1721 1362 1774 motuS,
1401 1729 1651 1777 nunquam
1688 1713 1832 1776 plane
1870 1714 2052 1775 abjecit
2096 1715 2191 1773 (cfr.
2234 1716 2319 1761 vol.
2361 1710 2440 1762 ΠΙ.

193 1791 281 1836 444
311 1796 356 1836 et
376 1792 430 1837 V.
463 1791 489 1836 6
512 1800 575 1842 s.).
630 1790 761 1839 Inter
798 1791 1125 1853 manuscripta
1152 1788 1502 1837 Pulkovie'nsia
1538 1787 1718 1851 pluries
1757 1793 2014 1836 occurrunt
2039 1788 2319 1846 tentamina,
2360 1800 2442 1849 per

194 1866 359 1910 varios
411 1876 564 1910 annos
627 1865 927 1925 conscripta,
980 1877 1038 1911 ex
1096 1863 1274 1924 quibus
1330 1866 1466 1925 patet
1517 1860 1733 1924 Kepleri
1767 1859 1982 1908 studium
2045 1858 2447 1908 absolvendarum

192 1934 484 1995 tabularum,
524 1949 727 1997 quorum
766 1935 955 1998 aliquot
992 1934 1116 1982 infra
1154 1934 1509 1996 subjunximus.
1586 1934 1755 1995 Neque
1794 1947 1909 1981 vero
1950 1931 2144 1980 tabulas
2178 1931 2294 1980 illas
2336 1938 2446 1980 tan-

196 2013 323 2067 tum,
376 2006 462 2056 sed
502 2009 632 2071 ipsas
672 2011 817 2057 etiam
856 2008 1103 2071 Tychonis
1143 2008 1539 2069 observationes,
1591 2012 1723 2054 certa
1759 2005 1867 2068 lege
1907 2005 2259 2065 conformataS,
2303 2009 2446 2066 aegre

199 2081 612 2128 consentientibus
650 2080 941 2130 haeredibus
968 2080 1232 2143 Tychonis,
1273 2064 1486 2129 edendas
1525 2079 1620 2127 sibi
1659 2084 1974 2162 proposuerat
2000 2091 2180 2139 easque
2220 2070 2359 2140 quasi
2386 2077 2447 2126 ad

198 2151 386 2216 prelum
424 2158 621 2216 paratas
662 2153 778 2201 dicit
814 2155 863 2200 in
902 2153 1119 2216 epistolis
1158 2153 1220 2201 ad
1259 2153 1619 2214 Berneggerum
1672 2151 1797 2199 datis
1845 2151 1984 2199 annis
2029 2153 2162 2198 1627
2204 2156 2252 2199 et
2295 2151 2445 2201 1628.

200 2225 430 2274 Albertus
472 2225 664 2274 Curtius
704 2223 902 2291 (Lucius
941 2226 1217 2284 Barrettus,
1269 2241 1316 2273 v.
1359 2242 1395 2274 s.
1436 2240 1483 2288 p.
1527 2221 1648 2289 583)
1701 2225 1751 2270 in
1790 2223 2090 2287 praefatione
2130 2222 2192 2271 ad
2244 2222 2448 2283 „Histo-

132 2328 137 2331 ἡ
200 2300 321 2345 riam
363 2296 667 2346 Coelestem“
719 2296 814 2363 (ed.
854 2312 982 2346 anno
1026 2295 1180 2361 1666)
1217 2298 1382 2346 refert:
1424 2303 1648 2361 poterant
1687 2303 1813 2345 certe
1863 2296 1987 2345 haec
2038 2298 2448 2357 „commentaria“

196 2370 301 2433 jam
340 2375 452 2419 ante
480 2384 634 2420 annos
663 2372 729 2420 60
756 2373 804 2418 in
843 2371 1091 2434 publicum
1118 2371 1285 2429 efferii,
1325 2370 1411 2419 sed
1448 2371 1718 2434 principum
1745 2375 1794 2418 et
1818 2368 2050 2418 librorum
2087 2370 2280 2417 fortuna
2305 2384 2449 2433 saepe

201 2457 310 2492 cum
348 2443 557 2509 publicis
597 2445 794 2492 remoris
832 2445 1069 2506 permixta
1108 2449 1202 2502 est,
1257 2449 1319 2491 et
1340 2450 1556 2507 repertus
1595 2448 1698 2491 erat
1734 2450 1792 2491 eo
1832 2448 2047 2506 tempore
2078 2441 2452 2503 pulcherrimus

200 2517 360 2575 color,
399 2515 674 2578 prodendas
714 2523 826 2566 ante
867 2518 1029 2565 omnia
1067 2514 1313 2579 Rudolphi
1351 2515 1568 2574 tabulae,
1618 2529 1744 2577 quae
1783 2530 1843 2564 ex
1881 2515 1956 2564 his
1998 2516 2267 2564 observatis
2307 2530 2451 2564 exas-

151 2621 153 2624 <
200 2591 356 2637 ciatae
394 2589 625 2652 fuissent;
675 2589 723 2636 id
763 2604 872 2638 cum
910 2603 1037 2638 anno
1081 2587 1286 2637 demum
1319 2591 1451 2637 1627
1493 2589 1673 2637 factum
1713 2595 1842 2637 esset
1880 2594 1929 2637 et
1965 2587 2148 2641 Lucius
2187 2589 2451 2649 BarrettuS,

205 2676 351 2724 quem
376 2662 616 2726 Keplerus
644 2660 789 2711 Ulma
825 2676 1047 2711 reversus
1086 2661 1386 2710 familiariter
1411 2667 1717 2721 convenerat,
1757 2662 1911 2710 amice
1940 2675 2047 2708 cuin
2075 2661 2264 2724 hospite
2303 2660 2452 2709 alter-

202 2741 415 2794 caretur,
466 2734 725 2798 publicatis
769 2735 872 2797 jam
923 2734 1105 2785 tabulis
1159 2748 1334 2782 causae
1382 2733 1500 2781 nihil
1540 2748 1670 2794 esse,
1722 2747 1805 2781 cur
1842 2735 1875 2779 ii
1914 2735 2246 2782 commentarii
2284 2734 2453 2782 obser-

200 2808 450 2856 vationum
469 2810 583 2855 viris
605 2807 758 2856 doctis
779 2807 1012 2856 adversus
1030 2822 1103 2866 ea,
1131 2821 1256 2868 quae
1277 2806 1492 2854 Braheus
1506 2808 1610 2869 ipse
1628 2807 1925 2870 promiserat,
1948 2805 2128 2855 diutius
2149 2813 2451 2868 negarentur,

202 2872 317 2943 pos't
343 2882 504 2928 varias
526 2881 760 2942 ambages
788 2879 956 2928 audire
986 2879 1176 2927 demum
1207 2879 1386 2938 debuit,
1415 2893 1497 2926 eos
1515 2879 1666 2927 libros
1687 2878 1950 2940 Keplerum
1968 2880 2183 2940 pignoris
2209 2879 2316 2927 loco
2335 2881 2454 2928 reti-

201 2966 330 3011 nere,
366 2952 528 3014 quoad
551 2952 792 3002 destinata
810 2954 872 3001 ab
891 2953 1188 3015 Imperatore
1210 2951 1448 3014 stipendia
1468 2953 1655 3013 integra
1671 2956 2156 3014 repraesentarentur.
2197 2951 2294 3000 Sed
2314 2951 2453 3015 Kep-

201 3023 354 3073 lerum
381 3027 574 3074 biennio
601 3032 712 3088 post
739 3040 866 3074 mors
893 3025 1109 3084 abstulit,
1131 3038 1288 3086 neque
1321 3019 1403 3072 diu
1429 3030 1539 3086 post
1565 3024 1726 3072 subita
1751 3039 1810 3073 ex
1835 3023 2064 3085 aquilone
2090 3023 2304 3086 procella
2326 3023 2451 3073 Ger-

205 3099 394 3146 maniae
432 3101 520 3146 toti
557 3100 792 3159 incubuit,
833 3104 887 3146 ut
925 3097 984 3147 de
1019 3097 1258 3146 sideribus
1296 3097 1477 3145 nemini
1502 3098 1714 3159 cogitare
1751 3097 1940 3145 liberet.
2016 3096 2254 3159 Vigilavit
2291 3101 2451 3145 tamen

209 3171 353 3217 etiam
390 3176 492 3216 tum
531 3173 653 3220 inter
691 3174 785 3227 ista
822 3170 1119 3220 Ferdinandi
1156 3169 1249 3218 ΙΙΙ.
1288 3169 1618 3232 providentia,
1670 3171 1752 3232 qui
1805 3184 1913 3218 cum
1962 3167 2299 3230 intellexisset,
2355 3185 2451 3232 quo

205 3241 314 3288 loco
353 3241 402 3288 hi
441 3246 772 3299 commentarii
810 3245 1079 3306 exspectari
1119 3250 1344 3304 possent,
1385 3256 1507 3304 quos
1545 3242 1838 3304 Rudolphus
1876 3242 2000 3304 Imp.
2030 3245 2184 3290 -tantis
2224 3243 2454 3305 impensis

208 3330 239 3361 a
277 3313 507 3376 Tychone
545 3317 834 3377 redemerat,
888 3331 986 3365 non
1025 3317 1209 3374 omisit,
1265 3317 1411 3364 etiam
1461 3317 1584 3364 inter
1633 3315 1764 3364 bella
1814 3329 1920 3364 eam
1961 3318 2124 3363 curam
2161 3314 2452 3365 demandare
2540 3367 2542 3369 ,

207 3385 283 3434 Ill.
340 3392 402 3433 et.
442 3386 623 3436 Exce'll.
663 3390 724 3437 D.
767 3389 980 3451 Georgio
1019 3389 1317 3449 Martinizi0,
1370 3390 1505 3451 regni
1559 3388 1826 3448 Bohemiae
1873 3402 2096 3449 supremo
2149 3388 2451 3447 cancellari0,

214 3457 354 3519 cujus
392 3458 647 3519 vigilantia
685 3462 1017 3525 singularique
1053 3461 1291 3510 industria
1329 3461 1577 3521 effectum,
1625 3468 1681 3508 ut
1731 3460 1782 3508 hi
1817 3459 1926 3506 libri
1984 3475 2044 3509 ex
2079 3460 2275 3509 latebris
2315 3475 2454 3510 erue-

209 3536 386 3580 rentur.

358 3602 433 3650 De
470 3607 714 3666 tempore,
768 3620 864 3666 quo
903 3607 1159 3656 absolutae
1197 3610 1310 3654 sunt
1342 3605 1564 3654 Tabulae
1602 3603 1944 3667 Rudolphinae
1983 3611 2031 3654 et
2069 3619 2166 3668 quo
2204 3605 2338 3668 prelo
2363 3620 2455 3668 pa-

210 3681 342 3725 ratas
378 3676 539 3737 operis
576 3675 826 3724 mandavit
853 3678 1106 3741 KepleruS,
1147 3684 1407 3741 sequentes
1443 3679 1654 3728 referunt
1693 3676 1947 3739 epistolae.

357 3755 644 3804 Ambrosius
692 3754 911 3804 Rhodius
959 3758 1063 3810 Cal.
1115 3759 1249 3822 Sept.
1304 3760 1441 3806 1624
1490 3759 1685 3807 scribit:
1734 3759 2043 3805 Gratissimum
2072 3761 2202 3818 fuit,
2212 3748 2332 3817 quod
2370 3761 2453 3804 Ta-

214 3831 421 3885 bularum
450 3829 839 3890 Rudolphinarum
868 3832 1190 3891 perfectionem
1227 3846 1319 3887 rev,
1355 3835 1413 3881 D.
1443 3834 1659 3893 Magister
1690 3831 1865 3879 Greisla
1901 3833 2011 3883 mihi
2039 3831 2330 3893 significavit,
2371 3845 2454 3880 nec
