2554 4140
163 161 266 212 350
983 153 1218 211 Epitomes
1249 155 1566 201 Astronomiae

158 306 380 368 portione
435 293 800 350 intervallorum
853 302 1052 366 simpla,
1107 304 1177 351 sic
1234 304 1383 351 etiam
1437 304 1694 352 universae
1751 304 1903 353 fibrae
1960 304 2094 366 globi
2150 303 2404 366 planetarii

153 379 360 439 junctim
412 376 475 423 ab
523 376 764 423 universis
802 375 993 423 circulis
1032 377 1224 423 virtutis
1256 375 1462 436 junctim
1500 382 1761 424 moventur
1797 379 1845 425 in
1886 377 2055 426 eadem
2094 378 2406 439 proportione

159 449 358 512 simpla:
413 449 594 510 quippe
645 461 754 494 cum
800 449 894 495 ista
931 447 1140 496 latitudo
1181 453 1229 496 et
1266 448 1474 496 altitudo
1511 450 1703 497 virtutis
1741 452 1954 499 motricis
1991 463 2088 498 non
2127 451 2190 497 sit
2228 448 2288 497 de
2327 463 2408 497 es-

161 525 320 570 sentia
357 521 525 582 ipsius,
564 518 650 568 sed
690 519 749 568 de
788 519 1038 568 accidente
1077 522 1121 568 ei
1158 533 1209 568 re
1248 520 1432 568 mobili.
1503 550 1507 553 <

304 592 440 642 Sunt
475 599 648 641 tamen
686 594 782 640 ista
820 592 1111 656 difficiliora
1149 591 1343 640 creditu
1380 593 1439 641 de
1475 597 1632 655 specie
1671 597 1897 656 corporis
1934 601 1980 642 et
2009 595 2220 642 virtutis
2259 592 2408 642 Sola—

157 669 249 726 ris,
301 666 538 728 planetas
574 663 889 731 (praesertim
938 660 1173 732 Terram)
1209 668 1606 727 circumayente,
1649 682 1805 729 quam
1844 668 1935 714 illa
1969 669 2154 728 priora
2185 665 2407 727 philoso—

154 739 374 800 phorum
415 738 473 786 de
509 738 863 800 intelliyentiis,
905 737 1179 785 animabus
1217 738 1510 786 motricibus
1547 746 1594 787 et
1630 740 1833 788 orbibus
1860 739 2068 787 solidis?
2105 737 2237 787 Nihil
2266 745 2409 787 nocet

160 810 344 859 creditu
384 825 491 860 esse
531 809 762 869 difficilia,
803 809 1064 857 dummodo
1103 811 1202 858 sint
1241 812 1594 873 comprehensu
1632 812 1865 871 faciliora,
1906 825 1995 860 nec
2033 814 2192 874 possit
2231 812 2289 859 iis
2316 811 2407 859 ob-

154 885 267 946 jici,
323 883 454 946 quod
503 883 702 932 orbibus
750 889 798 930 et
845 881 1177 945 intelligentiis
1224 883 1315 931 fuit
1365 883 1638 946 obJectum,
1689 892 1774 933 aut
1809 883 1943 933 aliud
1983 886 2259 947 quippiam,
2312 897 2410 946 quo

160 956 528 1019 impossibilitas
568 955 920 1017 comprobetur.
999 954 1124 1003 Nam
1163 957 1319 1018 primo
1358 962 1606 1019 utcunque
1643 957 1787 1005 fidem
1828 965 2082 1020 superent,
2135 957 2410 1018 exemplum
2461 1017 2467 1025 Ι

162 1038 321 1078 tamen
370 1035 444 1078 est
490 1031 754 1091 genuinum
807 1028 855 1074 in
905 1034 1148 1089 magnete.
1227 1028 1419 1077 Deinde
1467 1030 1510 1077 si
1560 1032 1668 1093 quis
1717 1029 1934 1090 dubitat,
1986 1044 2049 1078 an
2087 1031 2407 1091 magnetieae,

162 1103 208 1150 h.
250 1117 291 1151 e.
331 1108 581 1151 terrestres
619 1100 879 1149 facultates
919 1102 969 1147 in
1009 1100 1148 1149 coelo
1187 1102 1308 1161 sint,
1360 1110 1408 1150 et
1445 1117 1507 1150 an
1545 1102 1720 1161 Terra,
1771 1117 1920 1166 grave
1961 1116 2164 1164 corpus,
2205 1101 2265 1150 de
2300 1101 2411 1150 loco

161 1177 206 1222 in
256 1175 416 1223 locum
467 1175 719 1236 transponi
773 1174 929 1235 possit
977 1187 1008 1222 a
1057 1175 1221 1236 specie
1267 1175 1593 1224 immateriata
1633 1174 1788 1236 Solis,
1839 1177 1880 1222 is
1921 1174 2109 1223 Lunam
2150 1177 2407 1233 intueatur,

161 1263 307 1310 quam
345 1247 522 1296 Terrae
570 1251 830 1308 cognatam
869 1244 1005 1294 videt
1051 1249 1302 1295 circumire
1352 1246 1488 1295 nullo
1540 1249 1786 1297 substrato
1826 1248 1984 1296 solido
2024 1248 2163 1296 orbe:
2233 1247 2410 1295 Valere

160 1335 274 1370 vero
326 1319 389 1368 ad
436 1319 735 1367 inserendum
781 1324 966 1367 motum
1018 1321 1206 1381 species
1254 1334 1510 1383 corporum
1555 1327 1727 1368 mutuo
1780 1327 2134 1381 commeantes,
2189 1326 2326 1382 patet
2364 1320 2409 1366 in

160 1393 329 1442 eadem
367 1392 534 1454 Luna,
589 1406 715 1455 quae
753 1406 839 1454 per
876 1393 1103 1440 emissam
1141 1395 1356 1455 speciem
1392 1407 1545 1456 penes
1583 1408 1674 1442 nos
1712 1400 1879 1442 movet
1914 1395 2082 1442 maria.
2161 1392 2405 1455 Exemplis

161 1468 306 1528 igitur
343 1480 439 1513 non
479 1479 712 1514 caremus.
788 1464 890 1514 Nec
928 1478 1017 1512 nos
1057 1465 1230 1514 modus
1268 1466 1465 1528 fatigat,
1509 1480 1653 1529 quem
1691 1472 1852 1514 mente
1891 1460 2213 1529 perspicimus
2251 1463 2411 1528 qualis

158 1541 242 1588 sit:
283 1538 391 1588 sola
428 1537 727 1588 incredibilis
765 1537 998 1586 fortitudo
1036 1538 1184 1600 hujus
1221 1540 1402 1601 speciei
1440 1553 1530 1587 nos
1568 1553 1832 1603 suspensos
1872 1546 2018 1588 tenet.
2094 1539 2245 1601 Atqui
2282 1545 2411 1587 recte

157 1612 236 1661 hic
286 1627 394 1661 cum
434 1610 718 1660 Ptolemaeo
765 1610 1060 1674 respondere
1110 1625 1395 1674 possumus,
1447 1625 1660 1675 aequum
1710 1626 2022 1675 nequaquam
2074 1626 2206 1672 esse,
2261 1618 2314 1660 ut
2352 1626 2410 1659 ex

159 1683 505 1752 imbecillitate!
528 1690 695 1733 nostra
734 1685 937 1732 virtutes
977 1683 1254 1733 divinorum
1294 1699 1517 1748 operum,
1570 1699 1628 1734 ex
1676 1687 1919 1748 parvitate
1957 1690 2122 1732 nostra
2159 1686 2408 1747 magnitu-

159 1757 321 1807 dinem
358 1757 552 1806 illorum
591 1758 919 1807 aestimemus.
985 1755 1122 1805 Modi
1161 1756 1358 1820 quidem
1396 1765 1445 1806 et
1482 1757 1743 1820 figurarum
1783 1759 2057 1806 aestimatio
2095 1759 2244 1806 menti
2272 1771 2409 1805 com-

159 1833 295 1894 petit,
334 1829 685 1893 magnitudinis
724 1836 812 1879 aut
847 1831 1121 1893 parvitatis,
1162 1830 1254 1880 hoc
1283 1837 1357 1880 est
1381 1833 1709 1894 quantitatum
1745 1830 2117 1892 indefinitarum,
2159 1828 2319 1879 nullus
2357 1831 2406 1876 in

158 1904 251 1954 hac
289 1905 630 1954 aestimatione
672 1917 846 1953 census
884 1917 992 1953 esse
1030 1902 1192 1952 debet.

357 2021 445 2070 IV.
485 2021 574 2070 De
614 2022 823 2071 causis
863 2021 1300 2085 proportionis
1337 2018 1807 2084 periodicorum
1844 2023 2210 2082 temporum.

303 2122 495 2171 Dia-isti
531 2124 587 2170 in
621 2123 879 2183 principio
915 2121 1070 2181 hujus
1105 2123 1461 2184 speculationis
1497 2121 1557 2170 de
1592 2129 1750 2182 motu,
1787 2119 2045 2183 periodica
2077 2120 2410 2181 planetarum

161 2202 390 2257 tempora
426 2197 641 2257 reperiri
677 2196 987 2244 eaeaetissime
1034 2197 1091 2242 in
1126 2197 1456 2256 proportione
1492 2208 1704 2244 suorum
1742 2193 1946 2243 orbium
1981 2207 2068 2241 seu
2106 2193 2410 2241 circulorum

159 2269 485 2331 sesquialtera
495 2285 514 2329 ,⁰
563 2283 756 2330 quaero
806 2282 940 2329 quae
985 2270 1049 2315 sit
1094 2268 1248 2327 hujus
1294 2270 1369 2314 rei
1419 2267 1614 2316 causa?
1675 2266 1866 2315 Causae
1915 2265 1978 2315 ad
2021 2263 2408 2314 constituendam

162 2342 394 2404 temporis
440 2340 674 2404 periodici
722 2339 1075 2403 longitudinem
1127 2347 1418 2389 concurrunt
1457 2345 1683 2403 quatuor.
1761 2339 1924 2386 Prima
1963 2345 2038 2387 est
2076 2339 2260 2386 itineris
2299 2337 2412 2385 lon-

161 2413 361 2475 gitude,
413 2413 629 2463 secunda
679 2413 870 2478 pondus
919 2427 1006 2461 seu
1059 2415 1200 2475 copia
1251 2415 1482 2462 materiae
1521 2410 1948 2476 transportandae,
2000 2412 2142 2460 tertia
2180 2409 2412 2460 fortitudo

165 2488 355 2535 virtutis
405 2488 641 2547 mon-ieie,
696 2491 869 2550 quarta
907 2484 1059 2534 moles
1100 2501 1187 2534 seu
1226 2487 1461 2549 spatium,
1515 2487 1564 2532 in
1604 2484 1736 2548 quod
1774 2483 2044 2547 explicatur
2081 2484 2284 2532 materia
2322 2497 2412 2531 ve·-

161 2559 340 2608 henda.
402 2558 539 2608 Sicut
577 2561 703 2608 enim
742 2559 796 2607 fit
831 2559 882 2605 in
919 2557 1216 2620 molendino,
1257 2559 1398 2621 cujus
1437 2564 1595 2606 rotam
1633 2559 1918 2620 circumagit
1953 2557 2162 2605 fluminis
2189 2557 2411 2619 impetuS,

162 2639 216 2681 ut
255 2646 351 2695 quo
391 2632 588 2681 latiores
628 2639 677 2681 et
715 2631 963 2694 longiores
1001 2631 1132 2693 alas,
1172 2631 1367 2681 tabulas
1406 2645 1493 2679 seu
1529 2645 1690 2680 remos
1726 2637 1863 2679 rotae
1903 2629 2138 2690 affixeris,
2178 2629 2270 2678 hoc
2306 2642 2415 2677 ma-

158 2706 314 2767 jorem
354 2707 454 2754 vim
503 2705 743 2766 fluminis,
796 2705 956 2754 fusam
1006 2705 1194 2753 scilicet
1241 2718 1328 2768 per
1364 2703 1672 2753 latitudinem
1713 2710 1762 2752 et
1799 2703 2177 2766 profunditatem
2215 2702 2413 2761 ruentis,
2456 2695 2466 2701 ’

166 2781 214 2826 in
252 2778 530 2828 machinam
568 2777 782 2828 derives:
835 2779 906 2826 sic
956 2779 1104 2826 etiam
1152 2777 1206 2826 fit
1252 2780 1301 2825 in
1339 2777 1435 2825 hoc
1473 2775 1673 2826 coelesti
1713 2778 1895 2824 vortice
1933 2778 2114 2824 ruentis
2153 2777 2201 2822 in
2239 2789 2413 2838 gyrum

166 2854 346 2914 speciei
385 2850 596 2913 Solaris,
650 2865 777 2913 quae
822 2857 1007 2899 motum
1055 2856 1307 2911 causatur,
1362 2856 1416 2897 ut
1466 2863 1667 2912 corpus,
1722 2863 1819 2911 quo
1858 2849 2002 2897 fuerit
2039 2849 2301 2912 spatiosius
2341 2848 2417 2910 (ut

165 2924 244 2986 fig.
290 2925 374 2975 63.
412 2925 472 2986 A,
510 2922 579 2990 D)
614 2923 708 2973 hoc
745 2923 891 2972 latius
931 2923 1080 2986 etiam
1118 2928 1167 2972 et
1204 2921 1490 2985 profundius
1528 2928 1732 2985 occupet
1771 2923 1999 2970 virtutem
2035 2927 2324 2981 moventem,
2365 2926 2419 2967 ut

165 2996 311 3057 BCA,
351 3011 438 3060 pro
475 2995 735 3046 latitudine
774 2995 1099 3045 intellectam:
1139 2995 1233 3044 hoc
1272 2995 1478 3043 celerius
1516 2996 1662 3044 etiam
1698 2996 1868 3043 ceteris
1895 2995 2095 3057 paribus
2120 2993 2416 3058 provehatur

168 3067 356 3131 hocque
395 3072 536 3119 citius
574 3072 666 3119 iter
703 3083 846 3118 suum
882 3067 1183 3132 periodicum
1223 3068 1468 3117 absolvat.
2465 3058 2476 3072 '

311 3141 427 3191 Jam
463 3158 580 3192 vero
618 3145 792 3192 itinera
830 3141 1085 3191 circularia
1121 3140 1429 3204 planetarum
1467 3145 1580 3188 sunt
1616 3139 1665 3186 in
1703 3140 2014 3202 proportione
2053 3137 2437 3188 intervallorum

124 3244 127 3250 -
166 3213 363 3276 simpla:
416 3217 542 3264 sicut
580 3219 707 3264 enim
746 3221 822 3264 est
859 3214 943 3263 SA
981 3213 1044 3262 ad
1083 3213 1183 3274 SD,
1224 3215 1295 3262 sic
1334 3215 1482 3262 etiam
1520 3227 1572 3261 se
1611 3211 1762 3260 habet
1800 3217 1930 3260 totus
1972 3212 2178 3260 circulus
2216 3212 2306 3259 BA
2347 3210 2411 3260 ad

166 3292 322 3334 totum
370 3287 602 3337 circulum
639 3289 752 3336 ED:
805 3287 1023 3350 pondera
1074 3301 1192 3336 vero
1241 3301 1330 3335 seu
1382 3287 1525 3349 copia
1572 3285 1805 3334 materiae
1853 3279 1906 3331 in
1954 3283 2158 3333 diversis
2209 3284 2416 3348 planetis

165 3365 279 3407 sunt
316 3360 365 3405 in
403 3363 714 3422 proportione
752 3358 1120 3409 intervallorum
1159 3359 1428 3420 dimidiata,
1470 3363 1523 3407 ut
1547 3371 1696 3420 supra
1719 3356 1993 3420 probatum,
2034 3359 2103 3405 sic
2130 3363 2186 3405 ut
2211 3371 2414 3420 semper,

166 3433 250 3494 qui
288 3430 446 3493 altior,
485 3433 527 3480 is
565 3432 676 3494 plus
715 3433 896 3482 habeat
933 3434 1166 3482 materiae
1207 3446 1364 3494 eoque
1404 3437 1452 3480 et
1490 3430 1675 3479 tardius
1701 3435 2045 3492 promoveatur
2081 3436 2130 3478 et
2153 3429 2265 3492 plus
2291 3435 2417 3478 tein-

165 3504 298 3567 poris
336 3505 384 3551 in
421 3504 675 3567 periodum
712 3521 852 3554 suam
884 3505 1186 3566 accumulet,
1227 3519 1336 3554 cum
1367 3504 1472 3566 jam
1509 3510 1658 3552 autea
1691 3503 1879 3550 ratione
1918 3504 2106 3551 itineris
2141 3502 2253 3565 plus
2292 3509 2419 3550 tem-

167 3578 299 3640 poris
338 3576 700 3626 desideraverit.
752 3578 876 3625 Nam
916 3585 1075 3627 sumto
1113 3575 1276 3626 medio
1313 3574 1664 3640 proportionali
1690 3574 1774 3623 SK
1812 3576 1934 3623 inter
1972 3574 2051 3623 SA
2079 3581 2128 3623 et
2150 3575 2249 3636 SD,
2290 3574 2416 3622 duo·

166 3664 273 3698 rum
311 3649 614 3713 planetarum
651 3649 924 3708 intervalla,
966 3657 1018 3698 ut
1055 3650 1140 3699 SK
1179 3665 1231 3698 se
1269 3650 1418 3698 habet
1454 3648 1519 3697 ad
1556 3648 1716 3709 majus
1747 3646 1845 3706 SD,
1886 3649 1956 3695 sic
1994 3662 2045 3696 se
2083 3647 2230 3697 habet
2269 3649 2426 3709 copia*

169 3724 400 3772 materiae
446 3725 495 3769 in
542 3721 741 3784 planeta
779 3722 821 3768 A
862 3721 924 3769 ad
963 3723 1096 3770 illam
1137 3725 1185 3770 in
1222 3722 1423 3785 planeta
1458 3722 1530 3769 D:
1577 3716 1720 3769 tertia
1755 3733 1874 3767 vero
1922 3726 1969 3768 et
2015 3727 2189 3782 quarta
2238 3732 2418 3768 causae

169 3810 221 3843 se
258 3803 427 3845 mutuo
467 3801 782 3858 compensant
818 3796 867 3840 in
905 3793 1205 3842 diversorum
1243 3794 1548 3857 planetarum
1586 3793 1960 3854 comparatione,
2000 3792 2177 3855 simpla
2211 3805 2328 3841 vero
2368 3796 2415 3839 et

169 3867 418 3922 dimidiam
456 3868 784 3932 proportionis
809 3866 1173 3915 intervallorum
1198 3869 1499 3916 constituunt
1520 3867 1878 3930 proportionem
1918 3864 2137 3926 eJusdem
2174 3862 2426 3926 sesquial-
2471 3886 2475 3895 ι
