2554 4140
209 134 310 186 282
536 158 538 160 >
1035 130 1271 188 Epitomes
1301 129 1621 176 Astronomiae

205 280 332 330 fecta
370 275 476 345 (seu
513 277 732 340 refracta,
772 286 828 331 ut
863 278 1079 341 loquitur
1117 275 1307 343 Tycho)
1360 277 1574 326 calculus
1611 283 1748 341 parte
1785 281 1941 342 prima
1979 278 2248 341 descriptus
2294 279 2457 342 prodit

205 352 293 400 PR
330 351 706 400 declinationem
740 352 998 402 refractam
1037 357 1086 400 et
1123 350 1356 413 angulum
1381 349 1516 397 VRP
1544 350 1676 413 apud
1712 350 1875 400 locum
1900 352 2072 401 stellae
2111 352 2368 400 retractum
2393 353 2455 403 R.

205 425 431 472 Demisso
470 425 616 487 igitur
651 423 997 487 perpendiculo
1038 438 1098 472 ex
1137 423 1170 471 S
1207 422 1319 472 loco
1358 423 1602 472 irrefracto
1641 426 1688 471 in
1728 424 1816 473 PR.
1858 425 2089 474 circulum
2118 424 2458 474 declinationis

203 497 435 546 retractae
484 498 845 556 continuatum,
893 497 1011 545 bina
1048 496 1170 543 fiunt
1206 494 1510 557 rectangula‚
1562 495 1684 557 BIS,
1725 497 1849 558 PIS,
1903 499 1952 544 in
1992 511 2196 559 quorum
2234 497 2458 547 inferiore

203 568 309 618 RIS
349 568 490 617 datur
527 569 735 630 angulus
773 569 837 618 ad
874 569 920 617 R
956 582 1065 617 cum
1106 568 1211 615 basi
1248 567 1344 627 RS,
1386 582 1513 630 quae
1553 574 1627 616 est
1664 568 1964 619 retractionis
2005 572 2267 632 quantitas,
2308 584 2457 632 quate

204 643 470 704 computari
512 648 561 690 et
596 641 751 693 latera
779 647 1018 705 possunt:
1059 640 1268 688 alterum
1293 639 1361 688 RI
1401 642 1449 687 in
1489 640 1670 690 circulo
1708 641 2060 704 declinationis„
2101 641 2232 704 quod
2272 651 2345 690 est
2380 657 2460 691 re·

203 715 373 764 fractio
414 714 767 776 declinationis,
806 715 1011 764 alterum
1050 712 1109 760 IS
1149 714 1200 760 in
1239 712 1448 762 demisso
1487 713 1862 776 perpendiculo,
1902 722 2240 778 argumentum
2278 715 2462 764 refrac-

201 789 346 837 tionis
399 801 494 836 asc.
535 793 720 849 rectae,
775 786 905 850 quod
946 791 1080 835 tanto
1119 786 1374 848 aequalius
1414 792 1489 835 est
1527 789 1596 847 ei,
1653 801 1800 850 quam
1837 790 2027 850 arguit,
2081 793 2264 851 quanto
2303 790 2460 837 minor
2499 836 2505 841 ,

205 866 279 910 est
315 859 488 910 stellae
539 860 816 911 declinatio,
892 859 960 907 At
996 861 1036 907 si
1076 871 1256 921 magna
1304 861 1366 907 sit
1417 858 1706 921 declinatio,
1758 860 1822 909 ad
1870 861 2460 924 alterum-reetaugulum

203 932 305 982 PIS
344 932 622 993 devenitur,
678 934 816 996 eujus
852 933 1010 981 latera
1047 937 1166 989 nota
1204 938 1338 990 sunt,
1380 931 1446 979 ΡΙ
1484 947 1625 981 arcus
1664 933 1831 982 circuli
1871 933 2232 994 declinationis,
2260 934 2461 983 refrac-

203 1008 335 1055 tione
374 1008 572 1055 inventa
607 1005 678 1054 RI
717 1011 904 1066 auctus,
945 1011 994 1053 et
1034 1004 1095 1052 IS
1135 1003 1532 1067 perpendiculum
1568 1005 1685 1067 boc;
1723 1021 1809 1068 per
1845 1006 1967 1057 haec
2006 1008 2253 1070 quaeritur
2290 1006 2330 1056 P
2369 1021 2461 1055 an-

203 1079 349 1141 gulus
388 1078 451 1129 ad
488 1078 670 1142 polum,
711 1092 836 1141 quae
876 1084 951 1128 est
986 1077 1213 1126 refractio
1252 1083 1468 1126 correcta
1506 1093 1603 1127 asc.
1641 1086 1816 1128 rectae.

317 1163 563 1208 Processus
595 1161 899 1207 brevissimus.
958 1162 1119 1206 Sinum
1151 1173 1280 1206 arcus
1310 1161 1385 1206 RS
1417 1162 1586 1217 (potius
1618 1174 1771 1208 arcum
1800 1164 1962 1219 ipsum,
1995 1162 2100 1218 quia
2129 1160 2255 1207 nulla
2280 1175 2332 1207 re
2361 1173 2464 1208 sen-

205 1229 326 1275 sibili
357 1229 505 1273 differt
534 1242 560 1273 a
590 1230 736 1285 reeta)
778 1226 1025 1285 multiplica
1060 1229 1103 1271 in
1138 1228 1282 1272 sinum
1327 1226 1481 1282 anguli
1510 1228 1607 1273 IRS
1647 1228 1717 1272 vel
1747 1228 1889 1283 VRP,
1931 1232 1977 1271 et
2018 1227 2207 1283 abjectis
2238 1231 2263 1274 5
2295 1229 2461 1275 ultimis
2515 1265 2517 1267 >

200 1294 352 1350 prodit
392 1295 516 1340 sinus
556 1309 688 1340 arcus
719 1295 773 1340 IS
814 1294 901 1351 (vel
941 1294 1040 1350 ipse
1080 1306 1211 1338 arcus
1242 1294 1329 1350 IS).
1388 1293 1564 1338 Deinde
1604 1299 1830 1338 secantem
1870 1306 2001 1338 arcus
2044 1294 2117 1338 RS
2149 1295 2458 1340 continuatum

202 1366 227 1402 5
260 1357 440 1416 cyphris
478 1358 624 1403 divide
662 1371 746 1416 per
775 1362 1003 1403 secantem
1043 1368 1176 1403 arcus
1206 1357 1283 1414 IS,
1324 1357 1476 1414 prodit
1507 1366 1668 1405 secans
1698 1371 1831 1404 arcus
1859 1359 1947 1414 RI,
1991 1359 2069 1414 qui
2110 1372 2211 1403 cum
2241 1360 2320 1404 PR
2350 1360 2457 1404 facit

200 1425 273 1469 ΡΙ.
308 1425 586 1480 Tangentem
625 1425 766 1482 igitur
795 1425 848 1468 IS
893 1423 979 1475 (vel
1017 1423 1151 1468 etiam
1189 1424 1339 1480 ipsum
1377 1437 1531 1469 arcum
1562 1424 1631 1479 IS)
1671 1423 1979 1468 continuatum
2025 1425 2050 1467 5
2092 1424 2273 1481 eyphris
2314 1425 2459 1470 divide

201 1503 282 1548 per
312 1491 457 1535 sinum
489 1503 622 1535 arcus
654 1488 726 1547 ΡΙ,
758 1489 910 1547 prodlt
939 1489 1154 1535 retractio
1186 1502 1278 1536 asc.
1312 1496 1479 1535 rectae.

343 1567 498 1629 Igitur
536 1581 597 1616 ex
635 1568 863 1616 correctis
904 1566 1228 1615 declinatione
1267 1571 1316 1615 et
1354 1567 1640 1615 ascensione
1677 1571 1810 1616 reeta
1847 1567 2071 1629 provenit
2121 1567 2170 1616 et
2206 1565 2460 1631 longitudo

201 1646 248 1688 et
287 1639 495 1688 latitudo
534 1639 688 1689 libera
726 1656 756 1689 a
795 1639 1178 1689 retractionibus

354 1713 491 1776 Quid
527 1727 659 1774 vero,
698 1715 742 1761 si
777 1727 881 1762 non
921 1715 1140 1763 ascensio
1176 1719 1314 1762 recta
1351 1719 1396 1761 et
1434 1713 1702 1761 declinatio
1738 1712 1905 1760 stellae
1942 1711 2110 1773 detur,
2165 1711 2250 1761 sed
2294 1711 2459 1777 lonqi-

203 1786 325 1835 tudo'
362 1793 407 1834 et
434 1786 678 1835 latitudo.-
716 1800 841 1835 num
873 1800 1068 1849 semper
1091 1787 1166 1835 his
1203 1786 1504 1848 ambayibus
1527 1785 1790 1847 utendum,
1831 1785 1902 1832 ad
1936 1784 2274 1834 ascensionem
2311 1800 2373 1836 sc.
2416 1793 2462 1835 ct

196 1860 580 1908 declinationem
627 1847 1035 1908 recurrendum?
1085 1859 1138 1907 Si
1184 1859 1441 1922 longitudo
1489 1865 1537 1907 et
1580 1858 1790 1906 latitudo
1838 1856 2011 1907 stellae
2060 1858 2198 1908 detur
2251 1872 2309 1907 ex
2347 1860 2456 1909 loeo
2528 1887 2530 1891 ·

196 1931 325 1981 Solis
365 1938 412 1981 et
449 1932 583 1994 hora,
622 1931 937 1996 inquirendus
975 1939 1049 1981 est
1086 1933 1431 1994 nonagesimus
1471 1930 1725 1994 eclipticae
1763 1937 1812 1980 et
1850 1931 1956 1993 ejus
1984 1930 2206 1991 altitudo,
2247 1937 2300 1978 ut
2328 1935 2391 1981 sit
2418 1932 2458 1980 P

198 2004 342 2068 polus
383 2005 658 2070 eclipticae,
713 2005 818 2065 PR,
861 2005 936 2054 PS
975 2005 1140 2055 circuli
1178 2003 1518 2062 latitudinum,
1565 2006 1750 2068 eritque
1788 2003 1868 2051 RS
1907 2003 2130 2053 retractio
2169 2003 2456 2066 latitudinis,

199 2077 303 2127 IPS
329 2075 553 2130 retractio
591 2076 925 2141 longitudinis,
966 2077 1278 2140 manebitque
1316 2091 1573 2141 processus
1612 2074 1739 2126 idem
1779 2078 1828 2124 in
1864 2074 2063 2139 reliquis
2103 2077 2186 2139 qui
2225 2079 2375 2140 prius.

349 2151 494 2215 Quid,
523 2157 592 2200 cst
629 2157 902 2213 coynatum
949 2150 1379 2215 reso-actionibus?
1432 2149 1747 2212 Quorundam
1793 2149 2004 2198 siderum
2049 2149 2351 2214 parallaxes,
2403 2152 2460 2200 de
2498 2194 2511 2207 ,
2550 2145 2554 2149 ’

207 2224 384 2286 quibus
431 2223 556 2273 libro
595 2230 750 2272 sexto.
829 2224 962 2273 Data
1013 2225 1140 2274 enim
1192 2224 1430 2286 cujusque
1479 2222 1751 2271 altitudinis
1788 2221 2053 2285 parallaxis
2090 2224 2138 2270 iu
2174 2223 2375 2285 longum
2413 2230 2465 2279 et
2549 2220 2552 2224 ’

201 2296 354 2350 latum
407 2295 648 2346 diducitur
696 2296 867 2345 eadem
916 2296 1063 2360 plane
1107 2295 1363 2357 methodo,
1410 2295 1497 2346 sed
1550 2296 1721 2344 effectu
1780 2297 2047 2358 contrari05
2100 2311 2211 2344 nam
2259 2298 2345 2346 ubi
2382 2313 2466 2348 re·
2516 2292 2550 2312 ’“

206 2369 376 2418 fractio
415 2371 602 2428 minuit,
643 2369 932 2432 parallaxis,
973 2371 1015 2418 si
1054 2385 1151 2432 qua
1191 2375 1292 2430 est,
1342 2376 1488 2432 auget
1527 2376 1574 2416 et
1613 2369 1855 2417 vicissim:
1910 2367 2021 2419 ideo
2060 2375 2173 2418 ante
2213 2372 2376 2420 omnia
2412 2370 2466 2420 fit

205 2443 472 2492 subtractio
518 2443 720 2491 minoris
768 2458 800 2491 a
849 2443 1048 2506 majori,
1101 2449 1150 2492 et
1188 2457 1298 2491 eum
1334 2441 1556 2500 residuo,
1608 2441 1738 2505 quod
1778 2443 1954 2490 retinet
1991 2448 2214 2491 naturam
2250 2444 2464 2507 majoris,

204 2515 450 2577 agendum
487 2521 564 2566 est
600 2521 655 2564 ut
692 2515 928 2564 haetenus
967 2530 1076 2564 cum
1114 2515 1347 2564 alterutro
1376 2515 1483 2577 ejus
1523 2514 1779 2565 elemento.
1855 2513 1965 2564 Hoc
1993 2512 2211 2578 intellige
2249 2516 2309 2565 de
2334 2516 2467 2567 side-

201 2589 351 2650 ribus,
393 2603 520 2651 quae
558 2588 740 2638 habent
777 2588 1067 2652 parallaxin.

350 2674 492 2725 Num
528 2676 609 2724 hic
645 2676 858 2739 aliquod
892 2677 1097 2724 lucrum
1135 2682 1219 2734 est,
1257 2677 1300 2724 si
1335 2676 1505 2724 stellae
1539 2677 1642 2723 sint
1677 2677 1946 2737 aequaturi
1984 2675 2062 2724 vel
2098 2675 2352 2737 eclipticas
2388 2678 2469 2725 vi·-

201 2749 389 2798 cinac?
424 2749 476 2798 Si
515 2748 781 2813 parallaxis
819 2748 1041 2797 solitaria
1077 2754 1392 2812 proponatur,
1432 2754 1508 2797 est
1543 2746 1744 2810 aliquod
1783 2747 2138 2811 compendium,
2178 2754 2232 2796 ut
2269 2762 2366 2797 non
2402 2749 2468 2797 sit

203 2837 326 2886 opus
365 2822 546 2886 angulo
584 2821 648 2870 ad
686 2821 850 2883 sidus3
903 2820 991 2871 sed
1042 2836 1150 2870 cum
1198 2821 1467 2884 parallaxis
1511 2821 1773 2884 praecipue
1814 2819 2003 2870 Lunam
2057 2822 2290 2886 attineat,
2342 2833 2470 2884 quae

207 2897 353 2946 etiam
381 2909 533 2959 prope
573 2895 851 2958 eclipticam
889 2909 1079 2958 semper
1118 2901 1353 2952 versatur,
1393 2895 1675 2957 praesertim
1712 2896 1760 2940 in
1799 2894 2062 2957 eclipsibus
2087 2893 2231 2954 Solis,
2272 2894 2466 2957 quando

187 2970 415 3018 maxime
455 2983 579 3031 opus
617 2968 879 3030 parallaxi‚
921 2967 1032 3016 ideo
1073 2967 1287 3017 differtur
1325 2966 1420 3015 hoc
1458 2965 1795 3029 compendium
1835 2967 1897 3014 ad
1936 2973 2098 3016 motus
2133 2966 2321 3018 Lunae,

350 3042 493 3104 Quae
538 3047 659 3089 sunt
710 3043 870 3104 iyitur
901 3043 1166 3103 potissima
1211 3040 1507 3088 discrimina
1556 3040 1925 3102 refractionum
1975 3047 2021 3088 et
2067 3031 2462 3102 parallaxium?

204 3113 417 3161 Primum
459 3113 717 3179 discrimen
756 3116 806 3160 in
844 3113 1016 3162 effectu
1053 3113 1154 3176 jam
1194 3117 1266 3161 est
1305 3111 1501 3173 dictum,
1542 3111 1806 3175 parallaxis
1846 3111 2086 3174 deprimit,
2124 3114 2346 3163 retractio
2385 3121 2464 3164 at-

205 3185 361 3236 tollit..
430 3183 488 3252 2)
531 3186 888 3235 Retractionem
941 3186 1210 3234 altitudinis
1261 3200 1322 3234 ex
1370 3199 1533 3248 aequo
1569 3186 1819 3248 patiuntur
1857 3187 2022 3234 omnia
2070 3184 2253 3246 sidera3
2307 3184 2469 3250 quode

204 3273 396 3320 cunque
436 3272 602 3306 eorum
640 3261 688 3306 in
731 3258 810 3308 die
839 3258 1025 3319 eodem,
1069 3259 1149 3307 vel
1189 3258 1394 3306 diversis
1433 3258 1651 3320 ejusdem
1679 3256 1929 3319 qualitatis
1967 3259 2014 3304 in
2048 3256 2159 3306 loco
2200 3257 2467 3308 horizontis·

206 3330 394 3390 eodem,
436 3330 515 3379 vel
548 3332 784 3392 qualitate
819 3332 1040 3381 eisdem
1028 3347 1078 3379 m
1106 3331 1309 3380 eandem
1351 3332 1537 3380 venerit
1567 3330 1897 3389 altitudinem,
1940 3333 2056 3392 quia
2094 3345 2244 3380 eausa
2285 3332 2466 3382 refrae-

206 3406 391 3452 tionum
432 3409 504 3450 est
541 3418 690 3464 penes
729 3419 818 3452 nos
856 3407 903 3451 in
944 3409 1082 3465 aere3
1140 3403 1409 3467 parallaxin
1451 3404 1670 3453 diurnam
1708 3403 1987 3451 sensibilem
2038 3411 2321 3467 perpetuam
2358 3400 2485 3457 soh*

205 3478 324 3525 facit
374 3474 515 3523 Luna
567 3482 615 3523 et
664 3482 959 3525 cometarum
1008 3475 1187 3540 aliqui,
1236 3476 1530 3537 Mercurius,
1581 3477 1774 3537 VenuS‚
1815 3474 1900 3524 Sol
1949 3482 1997 3524 et
2033 3476 2166 3525 Mars
2214 3479 2263 3524 in
2301 3477 2468 3540 εηβρίυ.

207 3552 347 3599 cione
387 3547 581 3610 quidem
623 3554 736 3596 sunt
772 3549 1107 3610 parallaxeos,
1161 3555 1211 3597 at
1248 3551 1496 3613 possessio
1535 3555 1871 3609 controversa,
1924 3563 2096 3598 sensus
2132 3549 2309 3598 nullus.
2386 3550 2463 3604 De

206 3621 538 3685 superioribus
595 3635 655 3668 ne
710 3621 923 3682 suspicio
978 3622 1170 3683 quidem
1220 3629 1293 3670 est
1331 3622 1476 3671 ullius
1515 3621 1761 3671 sensibilis
1797 3621 2134 3684 parallaxeos,
2187 3621 2364 3671 nedum
2403 3615 2466 3671 de
2537 3631 2554 3667 η

206 3696 330 3745 fixis
409 3690 460 3758 3)
498 3692 834 3743 Refraetiones
874 3696 968 3740 eito
1009 3693 1235 3742 desinunt
1274 3709 1381 3743 esse
1419 3694 1675 3744 sensibiles
1722 3695 1770 3740 in
1810 3694 2064 3743 altitudine
2107 3693 2200 3743 200
2238 3694 2318 3743 vel
2355 3690 2463 3754 30⁰,
2533 3695 2554 3759 ξ’

208 3773 264 3816 ut
311 3767 433 3815 libro
485 3765 639 3828 primo
693 3764 858 3813 videre
911 3770 1010 3829 est,
1065 3766 1395 3827 parallaxium
1433 3769 1680 3830 portiones
1727 3780 1880 3828 usque
1931 3769 1980 3817 in
2030 3769 2188 3832 ipsum
2237 3769 2463 3818 verticem
2534 3781 2554 3828 με,

208 3845 481 3905 supersunt,
521 3837 906 3903 proportionales
945 3839 1134 3887 sinibus
1174 3838 1432 3893 distantiae
1472 3856 1502 3891 a
1539 3841 1736 3892 vertice.

2455 3876 2464 3906 ἰ,
2533 3851 2554 3887 ,ε

2550 3922 2554 3958 1
