2560 4100
1034 102 1319 149 Prooemium
1342 101 1553 147 Editoris.
2356 105 2414 151 11

314 258 448 306 Pars
484 257 662 305 altera.
741 256 818 305 De
856 254 1072 303 terminis
1112 251 1448 302 astronomicis
1486 255 1534 299 et
1571 249 1789 311 calcu10,
1839 264 1898 299 ex
1950 250 2108 298 orbita
2155 249 2422 298 eccentriea

171 331 451 380 orientibus
525 330 780 378 Retinetur
818 343 916 378 vox
958 327 1323 388 „eccentricus“
1360 337 1447 387 pro
1489 322 1675 387 ellipsi,
1729 323 1859 372 linea
1915 322 2139 386 apsidum
2185 336 2272 385 pro
2311 321 2421 370 lon-

168 406 292 467 giori
344 403 578 451 diametro
628 403 840 464 ellipsis3
894 400 1166 448 differentia
1212 401 1336 447 inter
1375 397 1655 445 distantiam
1692 393 2085 462 (longitudinem)
2125 395 2335 444 mediam
2375 401 2422 443 et

169 490 510 540 quamcunque
557 475 704 524 aliam
751 473 800 540 (a
850 479 1011 522 centro
1063 470 1210 539 Solis)
1262 471 1436 519 dicitur
1471 470 1666 519 libratio
1705 470 1947 532 planetae.
2024 469 2179 518 Arcus
2219 468 2422 531 elliptici
2484 481 2485 490 ¹

171 551 419 612 quantitas
459 548 683 597 definitur
721 549 993 610 quantitate
1032 560 1172 595 arcus
1211 543 1376 594 circuli
1415 544 1774 606 circumscripti,
1814 544 2069 604 intercepti
2106 544 2231 590 inter
2268 540 2423 604 aphe-

165 623 285 670 lium
324 628 373 672 et
407 621 855 685 perpendicularem
892 622 938 666 in
979 620 1159 667 lineam
1197 616 1423 682 apsidum
1458 615 1612 682 (sinus
1652 631 1849 664 arcuum
1890 615 2056 663 circuli
2109 617 2213 663 sive
2256 613 2423 677 „ordi-

166 698 319 744 natim
358 695 664 758 applicatae“
706 694 769 742 ad
808 707 950 742 axem
989 690 1209 757 ellipsis).-
1286 689 1517 738 Definitio
1574 688 1913 751 „anomaliae“
1967 687 2188 747 mediae,
2249 702 2422 736 eccen-

166 771 286 829 trici,
329 774 650 832 coaequatae:
692 766 939 816 anomalia
977 765 1138 814 media
1176 770 1249 814 est
1287 765 1499 826 spatium
1538 765 1791 825 temporis,
1833 761 1967 824 quod
2004 760 2203 824 planeta
2243 775 2423 812 consu-

166 844 254 890 mit
289 843 336 888 in
377 842 594 904 quolibet
633 855 747 889 arcu
785 854 904 888 suae
946 840 1159 898 orbitae,
1200 839 1262 885 ab
1303 836 1473 900 apside
1510 837 1732 899 incepto,
1781 834 2030 883 redactum
2069 836 2123 880 in⁴
2156 834 2336 895 gradus
2372 840 2424 883 et

165 917 379 975 minuta;
419 914 664 963 anomalia
700 911 784 980 (sc.
825 911 1004 975 motus)
1045 913 1251 974 eccentri
1291 916 1366 958 est
1403 924 1544 958 arcus
1585 909 1748 957 circuli
1789 909 2043 958 eccentrici
2082 909 2207 954 inter
2244 907 2423 955 lineam

167 988 394 1051 apsidum
431 995 479 1036 et
516 986 964 1050 perpendicularem
1001 984 1074 1031 illi
1111 999 1196 1047 per
1235 997 1410 1045 corpus
1446 982 1702 1047 planetae3
1755 980 2000 1029 anomalia
2038 988 2312 1042 coaequata
2352 986 2426 1028 est

167 1076 306 1109 arcus
360 1061 524 1109 circuli
575 1062 739 1122 magni
787 1061 837 1105 in
886 1057 1142 1107 latitudine
1188 1052 1405 1117 zodiaci,
1469 1071 1557 1118 per
1608 1055 2024 1105 continuationem
2063 1053 2198 1116 plani
2238 1053 2424 1101 orbitae

166 1136 467 1198 planetariae
506 1133 760 1196 designati,
801 1133 863 1180 ab
904 1130 1073 1193 apside
1113 1129 1176 1179 ad
1212 1129 1374 1177 locum
1411 1129 1655 1191 planetae,
1696 1128 1778 1177 vel
1817 1127 2041 1191 angulUS,
2083 1141 2227 1188 quem
2266 1126 2427 1175 lineae

168 1209 230 1256 ab
268 1208 345 1255 his
383 1210 575 1270 punctis
613 1206 675 1254 ad
712 1205 877 1255 Solem
916 1205 1088 1253 ductae
1127 1203 1360 1263 formant,
1418 1202 1492 1250 his
1533 1202 1726 1251 additur
1762 1204 1911 1263 ratio,
1965 1215 2062 1263 qua
2099 1200 2180 1248 hic
2219 1199 2428 1261 angulus

168 1287 488 1343 computatur.
541 1280 722 1328 Locus
762 1279 1058 1328 eccentricus
1096 1282 1169 1325 est
1205 1282 1439 1339 punctum
1479 1277 1528 1322 in
1566 1275 1786 1334 zodiacn,
1827 1276 1877 1321 in
1916 1273 2050 1336 quod
2087 1272 2257 1321 incidit
2295 1278 2428 1321 recta

170 1369 229 1403 ex
279 1353 394 1402 Sole
447 1368 532 1417 per
581 1353 830 1416 planetam
877 1352 1037 1400 ducta.
1114 1349 1359 1413 Aequatio
1410 1348 1491 1397 vel
1540 1347 1994 1411 prosthaphaeresis
2049 1353 2122 1394 est
2161 1346 2429 1395 differentia

168 1427 441 1476 anomaliae
480 1426 672 1484 mediae
713 1432 759 1474 et
799 1429 1120 1487 coaequatae,
1161 1425 1209 1469 in
1249 1422 1480 1485 gradibus
1521 1428 1570 1471 et
1607 1423 1808 1470 minutis
1849 1421 2127 1483 proposita3
2168 1422 2428 1482 aequatio-

166 1504 242 1549 nis
281 1507 394 1549 sunt
429 1507 593 1564 partes
634 1500 774 1561 duae,
814 1499 967 1548 altera
1005 1499 1067 1546 ab
1104 1496 1479 1559 inaequalitate,
1521 1510 1647 1558 quae
1686 1509 1800 1544 vere
1839 1494 2066 1558 planetae
2106 1495 2260 1541 motui
2300 1496 2431 1542 acci-

168 1574 265 1635 dit,
321 1575 384 1622 ob
438 1589 611 1623 causas
659 1574 888 1637 physicas
939 1600 1005 1607 —-
1053 1570 1263 1633 physica
1306 1597 1407 1630 —·,
1461 1568 1615 1618 altera
1652 1570 1714 1618 ab
1754 1568 2106 1631 inaequalitate
2146 1573 2428 1631 apparente,

167 1653 367 1710 propter
414 1647 659 1696 diversam
712 1646 992 1694 distantiam
1047 1661 1077 1692 a
1129 1643 1242 1693 Sole
1287 1672 1359 1678 -—
1399 1644 1576 1706 optica.
1617 1671 1687 1678 —-
1736 1642 1909 1690 Finem
1960 1641 2071 1688 libri
2124 1642 2280 1702 quinti
2317 1641 2433 1688 facit

166 1720 424 1785 Keplerusx,
465 1720 713 1783 explicans
753 1719 1116 1768 inclinationem
1156 1718 1344 1766 orbitae
1381 1716 1682 1780 planetariae
1720 1714 1784 1764 ad
1822 1715 2121 1778 eclipticam,
2162 1720 2210 1762 et
2245 1721 2432 1762 motum
2495 1734 2498 1737 ·

170 1794 393 1858 apsidum
430 1800 482 1842 et
516 1793 771 1844 nodorum.
1526 1800 1528 1805 ⁴

313 1866 468 1915 Liber
503 1874 685 1916 seoetus.
762 1866 839 1914 De
879 1865 1227 1928 apparentibus
1265 1864 1480 1912 motibus
1518 1862 1841 1925 planetarum.
1920 1862 2054 1909 Pars
2087 1863 2295 1923 prima.-
2358 1861 2432 1910 De

167 1946 305 1989 motu
342 1940 486 1991 Solis,
561 1940 706 1989 Hunc
744 1945 930 1988 motum
968 1943 1283 2001 apparentem
1316 1936 1625 2000 inaequalem
1666 1951 1798 1997 esse,
1839 1940 2077 1984 testantur
2125 1934 2434 1983 observatio-

166 2029 281 2076 ncs3
333 2029 483 2062 causa
533 2014 680 2077 hujus
730 2012 1210 2075 inaequalitatisest
1246 2012 1518 2074 inaequalis
1558 2010 1736 2058 Terrae
1776 2025 1807 2058 a
1844 2008 1960 2057 Sole
2002 2008 2261 2068 distantia,
2303 2007 2435 2070 quod

169 2088 231 2136 ad
268 2080 465 2136 Oculum
501 2094 664 2150 potest
702 2086 922 2147 ostendi,
964 2100 1073 2134 cum
1111 2084 1241 2134 Solis
1281 2084 1516 2134 diameter
1554 2089 1741 2138 aestate
1781 2089 2018 2145 appareat
2056 2082 2235 2141 minor,
2288 2096 2435 2144 quam

168 2161 353 2210 hieme:
393 2160 525 2210 linea
564 2175 679 2223 ergo
715 2158 1129 2224 perpendicularis
1167 2173 1253 2222 per
1293 2163 1508 2207 centrum
1527 2157 1662 2205 Solis
1702 2156 1765 2205 ad
1803 2156 1983 2204 lineam
2011 2153 2235 2217 apsidum
2263 2155 2436 2203 dividit

170 2236 376 2283 orbitam
414 2235 594 2284 Terrae
631 2237 680 2281 in
718 2240 883 2297 partes
923 2232 1235 2294 inaequaleS,
1289 2238 1336 2281 et
1373 2232 1522 2280 Terra
1562 2232 1613 2277 in
1652 2231 1826 2293 majori
1864 2235 2001 2292 parte
2041 2228 2226 2276 diutius
2264 2243 2436 2277 versa-

169 2314 261 2369 tur,
303 2322 449 2370 quam
475 2310 523 2355 in
551 2309 750 2369 minore,
793 2322 902 2356 cum
941 2307 1003 2355 ob
1042 2304 1095 2352 id
1120 2308 1295 2371 ipsum,
1337 2307 1453 2367 quia
1492 2304 1648 2366 major
1687 2309 1777 2369 est,
1815 2309 1918 2351 tum
1958 2303 2074 2365 quia
2100 2301 2251 2353 Terra
2274 2315 2437 2351 remo-

147 2383 263 2429 tior
300 2386 374 2429 est
410 2397 441 2430 a
479 2381 610 2443 Sole,
648 2382 781 2429 fonte
819 2387 996 2428 motus.
1073 2378 1224 2429 Terra
1259 2384 1484 2428 movetur
1522 2380 1650 2427 circa
1689 2376 1853 2426 Solem
1892 2378 1943 2423 in
1981 2374 2185 2424 eandem
2221 2375 2435 2438 plagam,

169 2456 220 2502 in
259 2469 406 2517 quam
444 2464 492 2503 et
532 2457 678 2504 ceteri
715 2455 959 2518 planetae,
1001 2467 1127 2516 quae
1166 2454 1366 2501 orientis
1403 2452 1553 2515 plaga
1591 2451 1799 2511 dicitur,
1846 2450 2018 2499 diebus
2061 2448 2163 2497 365
2206 2450 2253 2497 h.
2298 2451 2346 2497 6.
2387 2451 2447 2498 9¹·

175 2529 281 2576 26⁰
321 2524 520 2595 43¹l2⁰¹
560 2529 650 2577 sub
690 2527 799 2575 fixis
840 2526 1129 2590 (secundum
1168 2524 1490 2590 Ty'chonem).
1569 2524 1916 2574 Eccentricitas
1955 2521 2167 2572 Telluris
2194 2522 2438 2587 eTycho-

169 2602 246 2650 nis
286 2607 514 2664 computo
553 2604 748 2664 ponitur
792 2621 851 2641 =
900 2600 1036 2648 1795
1075 2598 1270 2666 (18003
1310 2599 1391 2648 cfr.
1431 2599 1697 2662 Progymn.
1738 2597 1779 2645 I.
1822 2594 1977 2661 821),
2019 2595 2240 2658 qualium
2277 2596 2440 2644 media

173 2674 405 2724 distantia
451 2675 630 2725 Terrae
679 2690 710 2723 a
760 2673 874 2723 Sole
919 2694 978 2714 =
1028 2674 1253 2722 100000.
1331 2671 1404 2720 Ex
1453 2672 1724 2720 rationibus
1762 2670 2060 2718 harmonicis
2100 2671 2434 2719 eccentricitas

170 2790 386 2855 Keplero
423 2791 571 2855 paulo
610 2792 765 2855 maj0r
802 2790 997 2855 prodit:
1036 2757 1122 2877 -Ξ-
1158 2807 1171 2839 z
1211 2756 1298 2876 ἐξ)
1327 2810 1387 2830 =
1422 2756 1560 2875 ἓΞ-Ξὲς
1600 2755 1686 2874 J}
1719 2805 1731 2837 :
1774 2754 1891 2873 ῗ-Ξ-Ξ-ἓ)
1921 2808 1979 2828 =
2008 2753 2145 2872 Ξῗὲὲς
2185 2735 2424 2891 Ψὲῗὲἓ

180 2945 238 2964 =
293 2890 376 3010 ἓ-ἓς
415 2923 628 2972 medium
669 2923 1026 2972 arithmeticum
1064 2924 1191 2972 inter
1231 2923 1295 2973 54
1339 2926 1387 2972 et
1428 2922 1492 2970 56
1535 2926 1609 2970 est
1650 2921 1731 2983 55,
1775 2934 1925 2984 quare
1966 2919 2299 2969 eccentricitas
2325 2932 2442 2982 pro-

174 3025 245 3076 dit
281 3027 596 3091 proportione
639 3026 705 3074 55
744 3042 756 3074 :
803 3028 827 3073 1
864 3046 923 3066 =
962 3028 984 3073 1
1030 3041 1042 3074 :
1085 3025 1331 3086 0,01818.
1410 3023 1581 3089 Tycho
1620 3023 1747 3072 hanc
1786 3024 2196 3073 eccentricitatem
2236 3035 2441 3084 compu-

177 3101 301 3149 tavit
340 3115 399 3148 ex
438 3098 570 3148 Solis
610 3099 1038 3148 observationibus
1078 3104 1125 3146 et
1164 3098 1434 3146 differentia
1483 3097 1844 3159 longitudinum
1895 3099 2100 3145 aestatis
2148 3101 2196 3145 et
2243 3095 2440 3157 hiemis3

174 3173 399 3222 subtilior
437 3179 510 3221 est
547 3174 673 3221 ratio
712 3187 799 3236 per
837 3171 966 3220 Solis
1006 3171 1318 3231 diametrum,
1359 3170 1519 3219 hieme
1557 3171 1794 3233 majorem
1834 3185 1981 3233 quam
2020 3175 2222 3228 aestate,
2265 3170 2438 3218 certis-

172 3247 295 3296 sima
331 3260 449 3295 veto
490 3260 550 3295 ex
587 3250 735 3294 ternis
777 3245 1203 3294 observationibus
1243 3244 1510 3306 cujuslibet
1533 3243 1762 3306 planetae
1801 3243 1904 3307 (cfr.
1918 3243 2032 3292 Vol.
2049 3242 2142 3291 ΙΙΙ.
2170 3241 2438 3306 p.276ff.).

178 3319 599 3369 Ecccntricitatem
639 3319 818 3369 Terrae
858 3324 1161 3368 constantem
1201 3331 1306 3366 esse
1345 3317 1489 3366 valde
1527 3317 1782 3380 probabile
1831 3323 1926 3376 est,
1977 3323 2146 3365 contra
2193 3315 2441 3380 aphelium

176 3394 228 3439 in
264 3394 613 3455 consequentia
650 3395 898 3456 signorum
937 3390 1336 3454 aequabilissime
1375 3391 1672 3439 transfertur.
1748 3390 1840 3438 His
1879 3383 2160 3453 praemissis
2200 3404 2273 3446 ea,
2315 3403 2441 3451 quac

178 3463 298 3515 libro
339 3467 399 3515 V.
441 3465 500 3514 de
539 3467 918 3528 aequationibus
958 3471 1007 3515 ct
1044 3462 1302 3513 anomaliis
1340 3463 1645 3526 planetarum
1685 3463 1815 3514 dicta
1853 3469 1992 3525 sunt,
2041 3462 2106 3512 ad
2143 3461 2309 3512 Solem
2349 3477 2440 3524 ap-

178 3538 418 3601 plicantur
456 3546 504 3587 et
541 3542 754 3588 numeris
793 3540 935 3589 certis
976 3538 1379 3586 demonstrantur.

330 3613 464 3661 Pars
500 3613 736 3660 secunda.
815 3613 891 3661 De
928 3613 1141 3675 planctis
1180 3610 1526 3673 superloribuS.
1605 3608 1682 3656 Ad
1723 3608 2124 3658 demonstrandos
2164 3614 2323 3656 motus
2349 3606 2443 3654 ho-

181 3697 285 3732 rum
320 3685 621 3749 planetarum
661 3684 804 3751 (sicut
843 3687 992 3734 etiam
1031 3680 1326 3750 inferiorum)
1363 3698 1464 3732 una
1501 3687 1691 3731 tantum
1733 3683 1986 3745 „theoria“
2032 3696 2154 3744 opus
2195 3687 2282 3737 cst,
2322 3681 2440 3741 quia

184 3755 378 3806 illorum
414 3765 575 3808 motus
614 3765 729 3807 sunt
766 3758 1023 3819 simillimi,
1076 3762 1124 3806 et
1161 3758 1297 3818 vjsus
1334 3756 1593 3816 fallaciae,
1650 3769 1774 3817 quae
1832 3758 1880 3804 in
1921 3770 2086 3804 corum
2123 3752 2442 3815 unoquolibet

185 3831 489 3896 contingunt,
545 3846 604 3881 cx
642 3832 822 3883 Terrae
862 3833 1021 3882 orbita
1061 3830 1283 3880 omnibus
1322 3831 1566 3880 communi
1604 3832 1836 3879 oriuntur.
1913 3828 2081 3878 Motus
2120 3828 2292 3877 horum
2329 3824 2440 3890 pla-
