2560 4100
207 166 271 214 62
837 159 1072 216 Epistolae
1100 157 1285 215 Kepleri
1314 156 1592 214 aliorumque
1621 162 1804 203 mutuae

204 311 278 357 sui
334 307 546 357 exercitii
596 320 773 369 causa3
828 307 1060 356 attonitus
1105 307 1153 355 in
1205 321 1364 356 meum
1404 305 1774 371 chirographum
1822 304 1983 354 incidi.
2062 303 2283 368 Quaes0,
2334 319 2450 354 num

208 384 354 430 etiam
392 385 601 429 correcte
641 380 857 442 scripta?
895 380 1023 428 Num
1063 383 1208 429 etiam
1247 397 1276 429 a
1313 394 1390 427 me
1427 378 1626 427 revisa?
1702 378 1886 440 Accipe
1922 385 2018 427 tres
2055 378 2268 441 reliquas
2305 381 2450 442 pagi-

203 469 292 503 nas
329 451 664 517 Ephemeridis
703 458 751 502 et
786 452 928 502 Vale.
1004 453 1058 502 Si
1096 453 1213 515 quid
1249 453 1480 501 librorum
1518 453 1673 514 petis,
1726 449 1865 499 solve
1903 452 1973 512 ei,
2025 453 2109 514 qui
2145 452 2235 500 has
2273 451 2447 511 tradet,

210 526 493 574 Lindelauff
524 528 805 588 mercatori3
844 540 928 589 per
965 539 1075 574 eum
1115 528 1239 575 enim
1277 526 1459 588 poteris
1494 524 1673 572 habere
1713 537 1858 586 quam
1894 525 2118 586 primum.
2193 523 2453 587 Exemplar

206 599 619 661 Harmonicorum‚
661 601 751 648 etsi
777 598 987 647 nondum
1016 605 1089 647 est
1116 598 1421 661 completum,
1459 599 1599 645 mitto
1628 604 1804 657 tamen,
1849 602 1903 644 ut
1933 598 2122 646 interim
2161 596 2311 660 legas,
2350 604 2453 645 tra-

210 671 420 722 dendum
471 671 678 735 denique
720 667 967 735 Leopoldo
1006 671 1285 720 Archiduci.
1362 670 1413 718 Si
1455 670 1514 717 D.
1555 669 1725 718 Abbas
1775 685 1806 716 a
1855 669 2236 719 Cremsmiinster
2286 675 2454 734 posset

207 744 407 808 impelli,
447 750 501 794 ut
537 760 613 794 me
652 752 842 806 urgeret
877 746 927 791 in
967 743 1178 793 editione
1216 744 1467 806 Epitomes
1505 741 1863 801 Astronomiae,
1902 748 2089 790 sumtus
2128 745 2231 806 ipse
2269 742 2454 791 locaret

206 818 268 866 ad
316 817 420 866 200
458 817 587 879 flor.,
644 819 832 866 interim
889 816 1002 865 dum
1052 815 1294 865 distractis
1347 822 1432 864 aut
1486 817 1741 863 mercatori
1796 817 2041 877 permissis
2095 815 2450 879 exemplaribus

204 905 394 940 summa
431 892 523 955 ipsi
561 892 856 951 restituatur,
895 889 945 937 id
981 895 1110 938 recte
1150 894 1198 938 et
1235 903 1293 938 ex
1333 888 1588 937 commodo
1628 902 1736 936 meo
1773 887 1924 937 fieret.
1999 887 2143 936 Mitto
2189 889 2269 937 hic
2308 890 2454 937 etiam

205 963 583 1027 Ephemeridum
620 969 803 1027 partem
841 978 927 1026 pro
955 962 1018 1010 D.
1048 962 1367 1026 Tengnaglio‚
1409 963 1486 1010 cui
1524 961 1730 1011 salutem
1769 967 1816 1009 et
1849 960 2010 1009 officia
2036 962 2227 1010 nuncio.
2294 959 2453 1010 Unam

208 1039 354 1100 etiam
379 1036 702 1100 Ephemerida
741 1037 887 1085 offero
925 1030 1253 1085 bibliothecae
1293 1041 1342 1084 et
1378 1035 1612 1084 hacteuus
1651 1049 1760 1083 eam
1787 1033 1928 1083 dabis
1963 1033 2103 1083 alteri
2129 1033 2452 1098 Tengnaglio.

213 1110 351 1160 Vale.
432 1113 513 1160 31.
554 1111 778 1172 Augusti.

353 1183 543 1222 Remus
573 1181 788 1232 respondit
819 1180 856 1219 d.
888 1182 929 1221 4.
961 1180 1051 1221 Oct.
1088 1182 1196 1219 1619
1230 1177 1448 1233 (Vienna),
1486 1180 1710 1231 praecipue
1752 1179 1801 1218 de
1834 1179 2058 1230 eclipsibus
2095 1179 2322 1231 disputans.
2386 1179 2453 1218 Ad

210 1252 282 1292 ea,
325 1253 433 1294 quae
464 1239 667 1290 Keplerus
700 1240 749 1279 de
779 1238 924 1291 modo,
972 1250 1053 1289 quo
1084 1251 1128 1278 se
1159 1239 1421 1279 sublevatum
1452 1242 1640 1289 cuperet,
1673 1238 1860 1288 scripsit,
1900 1237 2003 1276 haec
2032 1237 2248 1289 respondit
2276 1237 2451 1278 Remus:

206 1299 362 1339 Juvare
401 1301 489 1349 jam
520 1306 560 1338 te
590 1300 660 1337 vix
700 1297 818 1347 licet,
860 1302 1028 1348 propter
1065 1296 1166 1336 belli
1197 1301 1357 1337 sumtus
1396 1299 1652 1344 innumeros;
1698 1297 1767 1335 vix
1800 1295 1963 1346 aliquid
2007 1308 2058 1335 ex
2087 1308 2182 1336 mea
2215 1293 2450 1346 provisione

207 1359 351 1409 habui,
384 1370 432 1397 ex
458 1356 661 1396 Caesarea
691 1329 818 1407 plane⁷
847 1357 973 1409 nihi13
1007 1356 1104 1395 hinc
1134 1355 1298 1407 reliqua
1328 1356 1477 1405 cogita
1530 1355 1700 1408 Loquar
1722 1359 1857 1393 tamen
1890 1366 1980 1394 cum
2013 1355 2062 1394 D.
2096 1355 2146 1394 de
2177 1353 2351 1394 Meckau
2382 1359 2453 1394 tuo

211 1418 401 1470 nomine,
434 1417 595 1455 locutus
628 1416 750 1454 etiam
781 1426 871 1454 sum
904 1426 994 1453 cum
1025 1414 1078 1454 D
1111 1415 1389 1463 Moschinger‚
1421 1415 1492 1466 qui
1525 1413 1716 1464 promisit
1745 1412 1913 1465 quidem
1947 1424 2108 1452 omnem
2139 1424 2329 1466 operam3
2368 1416 2455 1463 jam

210 1448 409 1528 aegrotat,
441 1474 579 1513 nescio
612 1485 693 1526 qua
723 1473 773 1512 de
805 1484 932 1512 causa.
1005 1473 1049 1512 Si
1082 1471 1218 1523 placet
1247 1473 1333 1521 (sed
1363 1474 1408 1511 in
1427 1471 1589 1511 Alsatia
1619 1471 1733 1523 apud
1762 1483 1888 1523 meos,
1920 1482 2018 1510 nam
2044 1473 2130 1521 jam
2159 1472 2310 1510 Alsata
2339 1483 2451 1525 sum3

204 1531 414 1572 meliorem
456 1533 564 1571 enim
594 1536 746 1571 terram
785 1543 870 1570 non
899 1528 987 1572 vidi
1017 1542 1093 1571 nec
1123 1532 1369 1584 quietiorem
1399 1535 1471 1570 aut
1502 1531 1810 1581 simpliciorem,
1852 1534 1898 1568 ut
1937 1531 1997 1569 sic
2032 1527 2195 1583 loquar,
2236 1534 2276 1569 et
2316 1531 2450 1579 magis

208 1591 419 1631 cordatam
449 1590 658 1644 gentem),
699 1591 800 1640 jube
839 1595 878 1628 et
914 1590 1074 1640 impera
1104 1602 1179 1639 pro
1210 1601 1336 1640 opera
1366 1594 1459 1641 tua,
1499 1594 1663 1638 gratum
1693 1589 1795 1627 mihi
1826 1589 1917 1629 erit.
1976 1587 2109 1628 Edam
2147 1600 2221 1627 suo
2269 1591 2453 1639 tempore

209 1648 368 1702 aliqua,
401 1661 509 1702 qnae
539 1650 618 1688 tibi
650 1652 689 1687 et
719 1647 878 1687 tabulis
908 1646 1187 1699 Rudolphinis
1220 1660 1304 1686 non
1337 1621 1459 1687 erunt,
1484 1647 1671 1700 ingrata3
1704 1651 1750 1686 tu
1782 1646 2034 1697 Copernicus
2066 1648 2158 1700 eris,
2202 1658 2274 1696 ego
2298 1641 2454 1686 infelix

208 1708 486 1760 Reinholdus3
520 1707 557 1746 si
583 1719 667 1746 non
700 1718 796 1760 ego,
831 1710 938 1746 certe
967 1709 1010 1744 in
1042 1705 1170 1745 Italia
1200 1706 1405 1759 invenies,
1438 1707 1509 1755 qui
1541 1711 1615 1745 tua
1647 1679 1892 1756 compendia
1923 1705 2145 1756 deducent,
2187 1709 2233 1743 ut
2262 1704 2453 1755 Maginus

207 1765 332 1816 fecit,
366 1770 406 1806 et
437 1766 661 1805 extendent
689 1777 740 1804 ac
771 1765 1008 1816 expandent
1039 1769 1079 1804 et
1108 1769 1202 1804 tuos
1231 1763 1398 1804 labores
1430 1769 1471 1803 et
1498 1767 1659 1804 sumtus
1691 1765 1975 1815 suppriment3
2018 1775 2113 1814 ergo
2143 1764 2310 1809 videas.
2353 1763 2455 1817 quid

211 1824 462 1866 faciendum.
526 1824 686 1863 Addere
716 1823 815 1864 licet
846 1824 991 1876 aliqua
1020 1825 1062 1862 in
1095 1822 1227 1863 stellis
1259 1825 1352 1863 fixis
1385 1827 1425 1862 et
1454 1821 1704 1876 eclipsibus3
1739 1825 1773 1862 si
1805 1823 1884 1861 tibi
1915 1822 2141 1877 placuerit,
2173 1824 2455 1862 communica-

206 1884 346 1922 bimus
378 1883 433 1922 ad
463 1884 640 1922 invicem
673 1887 712 1921 et
743 1883 779 1922 si
808 1883 1038 1932 placuerint
1077 1882 1302 1935 adJungas3
1346 1882 1505 1922 lucrum
1546 1882 1625 1920 tibi
1666 1893 1784 1921 omne
1822 1878 2034 1932 relinquo,
2077 1882 2222 1921 saltem
2262 1893 2353 1920 mea
2389 1882 2455 1921 in-

211 1946 337 1980 venta
367 1943 533 1981 nomine
564 1942 666 1980 mihi
695 1941 979 1993 relinquendo.
1041 1941 1093 1982 D.
1117 1940 1353 1990 Tengnagel
1384 1940 1492 1979 male
1524 1940 1660 1993 habet,
1693 1940 1803 1991 quod
1835 1941 1975 1978 omnia
2003 1941 2196 1979 immutes
2221 1939 2457 1989 Tychonica

210 2004 251 2039 et
281 2001 456 2039 misceas
486 2005 560 2038 tua
594 2012 683 2039 cum
714 1999 983 2052 Tychonicis;
1016 1999 1145 2038 latius
1178 1999 1232 2038 ab
1261 2000 1356 2050 ipso
1387 1999 1604 2050 percipies.
1667 1999 1766 2038 Rem
1793 1998 2068 2048 gratissimam
2096 1999 2307 2049 J'uventuti
2328 1998 2455 2038 facies

208 2059 251 2097 in
281 2057 541 2108 logarithmis
571 2059 812 2109 majoribus.

324 2116 441 2157 Certe
473 2117 720 2168 descriptum
765 2115 843 2155 filii
880 2117 944 2155 tui
981 2127 1065 2155 non
1107 2117 1209 2155 satis
1239 2114 1450 2169 intellexi,
1492 2126 1635 2156 sensus
1674 2116 1783 2155 enim
1813 2117 1968 2155 mansit
2009 2117 2053 2155 in
2094 2115 2307 2169 aliquibus
2349 2113 2454 2155 locis

210 2176 422 2216 obscurus.
459 2198 509 2204 —
543 2176 597 2214 D.
629 2175 771 2214 Abbas
803 2174 853 2214 de
884 2172 1210 2214 Cremsmiiuster
1241 2171 1455 2224 pollicit'us
1495 2179 1555 2213 est
1586 2185 1746 2213 omnem
1779 2185 1965 2225 operam,
2002 2176 2065 2213 uti
2098 2174 2274 2227 petiisti,
2319 2175 2453 2214 scribe

210 2232 359 2273 saltem
389 2235 495 2285 ipsi,
537 2235 627 2284 ipse
671 2234 787 2272 dabit
825 2234 1081 2272 occasionem
1125 2234 1167 2274 et
1209 2233 1349 2271 omnia
1382 2233 1584 2284 requisita
1625 2236 1665 2271 et
1695 2230 1876 2273 mddum.
1936 2231 2065 2272 Paulo
2097 2238 2192 2284 post
2225 2235 2314 2281 (11.
2346 2230 2455 2285 Oct.)

212 2293 333 2332 addit
364 2293 428 2332 his
459 2293 630 2332 Remus:
663 2291 863 2331 Dominus
886 2292 1029 2331 Abbas
1059 2292 1251 2343 promisit
1281 2301 1443 2330 omnem
1474 2302 1643 2341 operam
1672 2295 1713 2330 et
1742 2292 1894 2331 bonam
1927 2289 2192 2342 voluntatem,
2225 2292 2291 2332 cui
2325 2292 2453 2331 etiam

214 2355 254 2390 te
285 2363 360 2402 pro
394 2351 579 2391 doctrina
609 2355 649 2389 et
678 2351 834 2390 meritis
865 2351 948 2390 tuis
978 2351 1194 2399 insigniter
1224 2349 1524 2391 commendavi.

364 2431 431 2470 Ad
460 2432 564 2472 haec
593 2431 807 2483 respondit
838 2430 1124 2482 Keplerus:
1182 2422 1384 2477 Graiam
1422 2423 1543 2471 sacis
1563 2424 1854 2471 mentionem
1883 2435 2058 2485 operae
2084 2422 2200 2471 mihi
2226 2429 2452 2484 navatae,

210 2497 298 2548 sed
337 2499 475 2562 cujus
513 2513 588 2548 me
611 2503 788 2547 *tamen
824 2499 1042 2559 miseret3
1092 2498 1192 2546 scio
1231 2503 1278 2545 te
1318 2495 1610 2559 Aethiopem
1646 2495 1838 2555 lavare,
1890 2510 1980 2545 nec
2016 2502 2131 2558 peto
2170 2495 2263 2546 hoc
2298 2511 2455 2546 rerum

218 2574 396 2633 statu,'
431 2578 485 2621 ut
536 2573 795 2622 cerussatis
844 2571 964 2632 illis,
1015 2573 1112 2619 imo
1150 2577 1204 2619 ut
1243 2571 1330 2618 tibi
1368 2565 1460 2632 ipsi
1500 2569 1732 2618 molestus
1770 2583 1913 2630 porro
1953 2569 2034 2616 sis.
2110 2570 2171 2617 D.
2211 2570 2388 2619 Comiti
2427 2585 2457 2619 a

213 2643 428 2708 Meggau
465 2643 655 2694 locutus
694 2659 801 2693 sum
849 2644 929 2693 hic
966 2646 1013 2691 in
1052 2645 1280 2704 transitu3
1331 2649 1385 2691 ut
1420 2643 1636 2713 loquaris
1673 2643 1765 2706 ipsi
1817 2641 1876 2690 de
1916 2641 2088 2690 studiis
2126 2644 2247 2692 meis
2299 2643 2453 2706 deque

212 2724 298 2766 tua
338 2726 385 2768 et
425 2717 483 2767 de
523 2718 697 2767 Italiae
737 2718 1011 2781 cumprimis
1050 2717 1411 2779 exspectatione
1448 2730 1543 2764 nou
1570 2729 1802 2779 repugno,
1841 2729 1954 2762 nam
1980 2717 2164 2765 otiosae
2193 2717 2456 2780 professio-

212 2805 322 2853 nes,
378 2791 533 2853 qualis
570 2792 694 2841 haec
730 2806 837 2840 mea
876 2789 1094 2851 videtur,
1147 2788 1479 2852 periclitantur
1513 2788 1575 2836 de
1614 2790 1771 2850 gratia
1807 2802 1973 2851 regum
2018 2789 2067 2835 in
2105 2788 2180 2837 his
2221 2789 2455 2838 bellorum

217 2865 602 2916 necessitatibus,
679 2863 745 2912 At
781 2870 836 2911 ut
872 2865 1143 2926 importune
1183 2861 1312 2924 apud
1350 2863 1509 2925 ipsum
1548 2863 1695 2910 instes
1734 2860 1792 2909 de
1829 2862 2061 2924 pecuniis,
2107 2861 2156 2909 id
2195 2877 2364 2911 vereor
2401 2869 2455 2911 ut

214 2937 502 2986 offendiculo
539 2939 603 2986 sit
642 2937 748 3000 ejus
785 2939 833 2984 in
872 2951 962 2997 me,
1003 2937 1074 2983 uti
1110 2949 1271 3000 sper0,
1311 2936 1558 2997 ceteroqui
1595 2940 1812 2998 promtae
1838 2935 2038 2996 gratiae.
2116 2933 2254 2996 Quae
2293 2936 2449 2996 offers,

216 3010 440 3059 differunt
476 3025 553 3060 me
593 3006 871 3073 cupiditate,
904 3007 1028 3075 'quin
1066 3015 1119 3058 tu
1157 3011 1321 3072 potius
1359 3009 1515 3072 ipsam
1553 3009 1700 3057 etiam
1725 3009 2095 3071 promissionem
2128 3011 2179 3057 in
2207 3008 2447 3058 Alsatiam

214 3083 476 3132 distulisti?

358 3157 422 3208 D.
461 3156 795 3218 Tengnaglio‚
836 3170 1045 3219 quaem,
1085 3161 1254 3205 auctor
1289 3156 1383 3224 sis²
1422 3156 1464 3203 si
1502 3155 1765 3216 scripturus
1803 3159 1877 3203 est
1914 3153 1975 3201 ad
2014 3168 2117 3214 me,
2158 3170 2218 3204 ne
2255 3170 2332 3205 me
2371 3156 2449 3202 in-

215 3228 387 3279 cendat
423 3229 729 3292 generalibus
767 3229 974 3291 querelis
1011 3227 1092 3278 vel
1128 3230 1366 3291 imperiis,
1407 3226 1492 3276 sed
1530 3233 1584 3275 ut
1620 3225 1682 3274 ad
1721 3229 1929 3289 speciem
1970 3226 2127 3289 adque
2167 3230 2328 3291 capita
2367 3243 2454 3278 seu

217 3316 443 3352 numeros
481 3304 640 3366 ipsos,
683 3302 766 3364 qui
804 3316 920 3350 sane
960 3316 1106 3363 quam
1143 3301 1281 3350 multi
1315 3306 1428 3350 sunt
1464 3301 1513 3348 in
1553 3299 1905 3364 prolegomenis
1942 3299 2328 3363 Ephemeridum,
2369 3301 2457 3350 de-

214 3376 429 3424 scendat.
505 3375 612 3424 Non
649 3373 877 3437 equidem
912 3373 1012 3422 fieri
1052 3380 1215 3437 potest
1251 3374 1413 3434 aliter,
1464 3375 1583 3436 quin
1631 3387 1740 3421 mea
1775 3373 1973 3421 inventa
2011 3372 2302 3435 Tychonicis
2335 3374 2455 3436 jun-

217 3464 328 3511 gam
366 3451 415 3495 in
453 3462 624 3510 opere,
664 3449 713 3495 in
753 3462 848 3509 quo
888 3452 988 3494 tam
1027 3447 1179 3495 multa
1214 3447 1491 3509 restabant3
1548 3459 1645 3494 non
1683 3451 1843 3493 tamen
1881 3446 2088 3502 misceo,
2138 3449 2252 3509 quin
2291 3449 2454 3509 potius

212 3522 501 3585 praescripsi
537 3520 696 3583 legem
733 3522 782 3567 in
820 3520 1137 3581 Prognostico
1176 3522 1288 3567 anni
1333 3521 1465 3569 1617
1505 3517 1608 3586 (ubi
1647 3533 1755 3567 cum
1780 3518 2005 3567 Fabricio
2044 3515 2179 3585 ago),
2220 3525 2273 3567 ut
2311 3522 2450 3582 quic-

219 3595 336 3658 quid
373 3593 543 3657 'I'ycho
584 3593 644 3642 de
682 3593 823 3642 Luna
862 3591 1036 3653 edidit,
1090 3591 1138 3639 id
1176 3598 1411 3641 secretam
1461 3608 1492 3642 a
1528 3593 1648 3640 meis
1683 3596 1868 3653 partem
1915 3597 2119 3654 occupet
2162 3585 2453 3642 tabularum.

215 3668 331 3717 Jam
371 3667 502 3730 optio
541 3665 842 3729 Tengnaglio
884 3665 1037 3726 datur,
1077 3664 1257 3714 velitne
1296 3666 1433 3728 sequi
1472 3665 1926 3728 Progymnasmata,
1979 3679 2042 3712 an
2078 3663 2265 3727 Magini
2304 3667 2453 3715 itera-

219 3743 392 3790 tiones.
477 3738 601 3788 Nam
651 3754 783 3789 meas
836 3738 1280 3787 transformationes
1327 3753 1453 3787 anno
1509 3739 1641 3787 1602
1697 3737 1932 3800 perfectas
1980 3743 2031 3803 et
2073 3737 2329 3786 Herwarto
2378 3741 2454 3786 in—

217 3815 419 3876 scriptas
474 3815 571 3871 (vol.
590 3816 662 3858 111.
681 3831 721 3870 p.
745 3819 823 3856 691
846 3820 914 3866 ss.)
968 3811 1136 3873 dignas
1197 3825 1292 3859 non
1338 3811 1506 3872 judico
1555 3824 1680 3873 quae
1728 3811 2021 3870 inserantur,
2077 3811 2192 3872 quia
2236 3810 2357 3858 nihil
2394 3810 2453 3860 de

217 3888 462 3951 principiis
500 3885 791 3950 Tychonicis
829 3890 1031 3946 mutant,
1072 3883 1375 3933 solummodo
1415 3885 1729 3946 aequationes
1767 3882 1877 3932 hinc
1915 3881 2025 3931 inde
2061 3882 2280 3946 pauculis
2318 3899 2453 3933 scru-
