2554 4140
199 104 301 195 206
1016 135 1250 193 Epitomes
1281 135 1596 181 Astronomiae

196 291 395 338 venient
448 289 495 335 in
535 286 727 347 Leone,
779 300 906 335 anno
951 287 1093 335 1643<
1128 287 1175 333 in
1217 285 1411 344 Ariete,
1461 298 1590 332 anno
1646 285 1781 333 1663
1833 299 2021 335 rursum
2062 290 2108 335 in
2150 286 2444 351 Sagittari03

192 369 307 425 post
346 362 450 409 200
489 373 642 408 annos
680 364 932 408 transeunt
969 359 1062 408 hae
1102 358 1468 420 conjunctiones
1504 359 1556 404 in
1595 356 1695 405 alia
1731 359 1822 406 tria
1871 359 2024 421 signa.
2101 361 2178 409 Ita
2221 362 2444 409 omnibus

193 441 401 497 quatuor
426 432 665 481 classibus
702 431 941 481 absolutis
978 437 1090 495 post
1117 433 1220 479 600
1246 443 1397 478 annos
1437 429 1490 477 fit
1525 444 1686 478 novus
1726 431 1945 480 circulus,
1988 438 2075 485 (cfr.
2109 438 2163 479 ΙΙ.
2196 450 2240 488 p.
2273 438 2388 491 637.)

336 504 586 569 Astrologi
635 518 810 554 nomen
860 505 936 553 his
986 504 1221 553 classibus
1270 508 1537 564 posuerunt
1586 518 1615 550 a
1653 509 1860 564 quatuor
1906 504 2174 554 elementis.
2250 504 2443 553 Primus
2529 477 2554 571 ,ἐ

195 578 466 642 triangulus
518 580 688 641 igneus
729 577 903 626 dicitur
940 577 1184 638 habetque
1225 571 1738 636 Arietem,'Leonem‚
1781 577 2112 638 Sagittarium.
2170 576 2442 626 ‘Secundus

197 658 406 713 terrene,
454 651 605 700 habet
643 651 883 711 Taurum,
937 650 1212 712 Virginem,
1264 647 1626 710 Capricornum.
1703 649 1897 698 Tertius
1935 654 2135 700 ae'reus:
2193 649 2444 712 GeminOS,

190 725 388 775 Libram
428 731 476 773 et
513 723 797 786 Aquarium.
874 722 1086 784 Quartus
1126 735 1337 784 aqueus:
1378 720 1632 782 Cancrum,
1673 721 1927 785 Scorpium
1967 729 2014 771 et
2051 723 2234 773 Pisces,

345 797 480 862 Quot
531 797 690 847 modis
735 798 939 858 siqnum
986 801 1031 843 et
1065 797 1124 842 in
1171 796 1314 855 siyno
1351 808 1448 841 esse
1483 795 1804 857 usurpatur?
1855 796 2032 844 Tribus
2069 795 2244 845 modis.
2319 796 2444 846 Nam

2534 748 2554 771 Ι

2531 776 2554 830 ἒξ

2535 834 2554 860 (2

191 870 350 920 divisa
374 869 582 934 sphaera
605 869 808 917 fixarum
845 883 932 917 sex
958 867 1163 927 circuliS,
1203 881 1289 929 per
1325 865 1577 929 eclipticae
1615 868 1758 931 polos
1798 869 2040 930 euntibuS‚
2081 870 2128 916 in
2167 875 2330 932 partes
2365 872 2445 930 12,
2532 869 2554 946 5

191 946 382 1007 signum
430 957 580 992 unum
636 948 708 991 est
757 939 836 990 vel
891 939 1144 1002 eclipticae
1183 939 1263 988 vel
1299 938 1489 987 zodiaci
1530 939 1608 988 vel
1656 943 1803 990 etiam
1857 942 2007 990 totius
2046 942 2283 1005 sphaerae
2322 941 2447 991 fixa·
2538 942 2547 962 ³

163 1031 299 1081 ,rum
337 1031 452 1080 pars
492 1014 793 1074 duodecima,
832 1027 988 1076 usque
1028 1012 1091 1061 ad
1127 1011 1268 1076 polos
1307 1011 1561 1074 eclipticae
1598 1015 1823 1077 utrinque
1863 1016 2171 1077 continuata3
2213 1021 2261 1063 et
2288 1016 2443 1078 primo

195 1089 340 1138 modo
381 1088 466 1138 Sol
505 1090 556 1136 in
601 1089 741 1150 signo
793 1100 901 1135 esse
952 1085 1152 1146 dicitur,
1208 1084 1449 1134 secundus
1498 1086 1671 1135 modus
1709 1089 1918 1150 planetis
1957 1088 2019 1136 ab
2058 1087 2282 1152 ecliptica
2325 1103 2480 1144 eva-‚
2530 1127 2545 1162 ¹⁴,

194 1163 426 1226 gantibus
477 1167 524 1210 et
576 1157 871 1223 quibusdam
922 1158 1031 1207 fixis
1079 1159 1336 1222 competit,
1385 1160 1554 1208 tertius
1591 1158 1699 1208 fixis
1739 1163 1937 1223 ceteris;
1990 1175 2157 1211 omnes
2195 1175 2311 1211 vero
2349 1167 2446 1211 tres

190 1235 326 1285 modi
364 1240 645 1298 competunt
683 1234 886 1283 cometis
923 1246 1011 1296 pro
1049 1246 1100 1282 re
1138 1238 1270 1282 nata.

926 1363 1013 1411 De
1064 1362 1418 1412 Ventorum
1469 1327 1714 1424 Plagis.

342 1464 602 1528 Quomodo
639 1471 832 1514 nautae
868 1465 1026 1514 solent
1073 1465 1380 1514 horizontem
1419 1463 1674 1531 dividere?
1730 1462 2098 1526 Antiquissimis
2146 1467 2447 1529 temporibus
2525 1511 2530 1524 ,

189 1544 399 1602 quatuor
435 1538 701 1587 horizontis
740 1538 1035 1602 quadrantes
1076 1538 1480 1601 agnoscebantur,
1521 1552 1551 1585 a
1589 1542 1798 1600 quatuor
1835 1537 2002 1586 mundi
2041 1537 2318 1588 cardinibus
2357 1539 2446 1589 de-

188 1612 353 1675 scripti
404 1610 705 1674 totidemque
754 1617 1008 1660 ventorum
1058 1611 1336 1659 nominibus
1383 1611 1613 1673 insignes
1693 1609 1838 1658 Venti
1887 1625 1933 1658 n.
1982 1610 2045 1658 ab
2083 1610 2297 1661 Homero
2348 1627 2445 1661 non

194 1684 362 1748 plures
400 1685 735 1745 nominantur,
787 1699 934 1746 quam
972 1684 1023 1731 hi
1063 1690 1297 1747 quatuor,
1337 1683 1495 1732 Eurus
1532 1683 1653 1732 flans
1693 1683 1755 1731 ab
1796 1688 1918 1744 ortu,
1963 1683 2218 1748 Zephyrus
2257 1685 2320 1734 ab
2360 1700 2447 1734 oc·

192 1771 338 1818 casu,
387 1757 571 1806 Boreas
611 1772 642 1807 a
678 1759 1037 1820 septentrione,
1089 1757 1247 1805 Notus
1286 1772 1317 1805 a
1353 1755 1568 1806 meridie.
1629 1754 1807 1805 Graeci
1854 1770 1968 1805 vero
2006 1760 2322 1819 posteriores,
2376 1761 2443 1808 rei

188 1832 416 1880 nauticae
456 1830 624 1892 dediti,
662 1831 891 1879 subtilius
929 1830 1234 1878 horizontem
1271 1825 1582 1879 subdi‘videre
1616 1835 1911 1892 coeperunt,
1967 1836 2124 1878 ortum
2164 1829 2357 1894 quidem
2396 1837 2444 1880 et

194 1917 422 1954 occasum
462 1903 738 1953 dividentes
776 1905 827 1951 in
865 1903 1174 1952 solstitialem
1213 1917 1301 1952 seu
1340 1904 1608 1964 aestivum,
1658 1902 2063 1965 aequinoctialem
2105 1909 2153 1952 et
2190 1903 2443 1953 hibernum

194 1991 283 2027 seu
319 1977 614 2039 brumalem3
654 1977 831 2039 quibus
870 1991 1173 2039 consequens
1211 1981 1329 2037 erat,
1369 1982 1423 2024 ut
1461 1977 1607 2024 etiam
1645 1977 1911 2039 septentrio
1951 1982 1998 2024 et
2022 1976 2245 2026 meridies
2284 1977 2444 2040 tripli-

188 2056 410 2099 carentur
447 2053 612 2113 itaque
652 2049 909 2099 duodecim
949 2052 1082 2098 venti
1107 2049 1291 2110 fierent,
1332 2063 1454 2112 quos
1493 2049 1805 2098 intermedios
1831 2050 1879 2096 in
1917 2050 2038 2097 mari
2076 2064 2268 2113 graecO,
2311 2049 2443 2113 quod

189 2123 546 2173 continentibus
599 2123 840 2172 inclusum
891 2137 981 2172 nec
1031 2122 1154 2171 adeo
1192 2122 1290 2171 late
1327 2128 1502 2185 patens
1542 2130 1639 2183 est,
1694 2121 2064 2171 denominarunt
2101 2137 2132 2171 a
2169 2124 2307 2172 terris
2345 2123 2443 2172 fere

190 2196 662 2260 circumjacentibus,
702 2196 830 2245 unde
869 2191 1054 2244 flarent.
1131 2195 1261 2243 Hinc
1298 2195 1535 2254 Phoenix,
1576 2195 1783 2255 Africus,
1823 2194 1957 2258 Lips,
1999 2195 2274 2255 Thrascias,
2315 2194 2441 2246 Hel-

189 2268 490 2332 lespontius,
549 2268 832 2334 OlympiaS,
873 2268 1176 2332 Strymonia,
1231 2266 1414 2332 Japy'X.
1491 2268 1748 2316 Vitruvius
1788 2267 2007 2332 duplicat
2045 2276 2327 2331 numerum,
2386 2275 2441 2318 ut

188 2343 287 2391 sint
324 2343 418 2406 ipsi
460 2343 545 2391 24.
620 2342 889 2406 Postquam
929 2356 1045 2398 vero
1087 2342 1248 2404 coepit
1288 2342 1444 2389 omnis
1483 2341 1841 2391 continentibus
1882 2341 2198 2390 circumfusus
2226 2356 2438 2391 oceanus

188 2416 428 2479 navigari,
469 2429 578 2464 cum
616 2429 774 2478 neque
814 2421 948 2463 ortus
988 2428 1289 2477 occasusque
1327 2414 1608 2463 solstitiales
1648 2431 1678 2463 a
1718 2414 2015 2463 brumalibus
2057 2414 2280 2464 omnibus
2320 2415 2441 2463 locis

189 2487 425 2538 distarent
461 2487 759 2551 aequaliter,
806 2502 966 2550 neque
1002 2489 1201 2537 nomina
1240 2488 1302 2535 ab
1342 2502 1440 2536 una
1476 2495 1620 2551 gente
1660 2487 1866 2536 conficta
1905 2493 2066 2538 essent
2103 2487 2281 2537 idonea
2319 2487 2440 2536 locis

189 2562 442 2623 omnibuS,
496 2576 654 2625 neque
694 2567 963 2611 memoratu
1011 2561 1176 2610 facilia
1214 2565 1350 2609 tanto
1390 2575 1615 2610 numero:
1666 2559 1895 2609 Germani
1933 2574 2114 2609 novam
2153 2559 2442 2610 divisionem

187 2634 452 2684 horizontis
491 2637 538 2681 in
577 2640 754 2683 ventos
794 2637 886 2694 32,
936 2636 1166 2683 continua
1219 2633 1548 2696 duplicatione
1602 2636 1787 2682 numeri
1829 2633 2077 2684 cardinum
2129 2635 2442 2699 quaternarii,

190 2707 558 2758 introduxerunt
595 2709 754 2770 iisque
781 2709 979 2755 nomina
1017 2722 1077 2756 ex
1103 2721 1193 2755 suo
1232 2706 1464 2756 idiomate
1490 2713 1772 2770 posuerunt,
1815 2721 1938 2769 quos
1976 2706 2194 2769 reliquae
2219 2709 2471 2762 nationes,

2529 973 2550 1027 r

2531 1037 2549 1121 ἰ

2528 1202 2543 1341 ἒ

2528 1431 2538 1460 ἰ.

2525 1293 2554 1472 [³³3

2544 1560 2554 1697 l

195 2780 326 2843 Itali,
368 2779 515 2843 Galli,
554 2779 765 2844 Hispani
803 2787 852 2829 et
887 2779 1106 2830 moderni
1146 2780 1309 2829 Latini
1348 2781 1604 2843 scriptores
1657 2779 1984 2843 applicatione
2024 2786 2242 2829 veterum
2280 2781 2440 2829 nomi·
2495 2815 2498 2818 -

147 2919 153 2926 .
198 2868 313 2902 num
353 2859 406 2903 ut
442 2853 703 2917 plurimum
743 2853 937 2916 quidem
974 2855 1238 2913 imitantur,
1278 2859 1330 2901 at
1368 2867 1677 2915 nequaquam
1715 2854 1820 2915 pari
1860 2853 2108 2901 felicitate.

335 2926 523 2976 Harum
561 2928 707 2991 igitur
742 2928 952 2990 partium
991 2926 1341 2988 unaquaelibet
1391 2925 1659 2988 aequaliter
1698 2933 1904 2989 occupat
1940 2932 2102 2989 partes
2148 2925 2442 2975 astronomi·
2511 2919 2513 2921 ’

196 3013 278 3048 cas
315 3014 402 3049 seu
441 2999 622 3064 gradus
660 2999 886 3049 undecim
924 3014 1032 3048 cum
1072 2997 1356 3061 quadrante.

333 3074 575 3136 Explica,
628 3073 809 3136 quibus
859 3073 1150 3122 nominibus
1197 3072 1291 3120 hae
1322 3076 1496 3133 partes
1532 3071 1867 3133 appellentur.
1946 3071 2159 3120 Primum
2199 3071 2440 3119 communi
2498 3081 2503 3084 ·
2552 3057 2554 3099 3

189 3145 432 3194 vocabulo
470 3145 628 3195 solent
665 3162 695 3195 a
733 3145 978 3213 modernis
1015 3145 1180 3194 latinis
1215 3144 1530 3206 scriptoribus
1568 3143 1805 3206 appellari
1842 3143 2047 3194 rhombi.
2124 3144 2275 3207 Pyxis
2314 3146 2441 3193 enim
2500 3141 2508 3159 ¹

189 3219 387 3266 nautica
426 3215 642 3284 (bussole
683 3217 833 3285 dicta)
871 3218 1080 3268 rotulam
1127 3218 1279 3266 habet
1317 3216 1622 3266 chartaceam
1660 3217 1938 3278 impositam
1977 3218 2087 3265 acui
2124 3219 2440 3278 magneticae,

191 3304 317 3353 quae
361 3305 552 3352 semper
602 3290 822 3355 dirigitur
871 3293 920 3339 in
967 3292 1345 3355 septentriones3
1401 3291 1448 3337 in
1501 3288 1594 3338 hac
1632 3289 1798 3338 charta
1838 3287 2017 3351 depicti
2060 3295 2173 3337 sunt
2211 3291 2278 3337 32
2318 3287 2441 3338 radii
2499 3294 2502 3295 ’

190 3377 278 3412 seu
316 3362 541 3426 cuspides
580 3363 890 3414 rhomboides
929 3363 1321 3423 diversicoloreS,
1362 3369 1416 3410 ut
1454 3364 1557 3411 acie
1595 3363 1834 3424 magnetis
1874 3376 1982 3409 cum
2020 3364 2297 3424 superpicto
2338 3361 2439 3410 lilio

195 3438 245 3484 in
282 3450 422 3485 suam
459 3436 655 3498 plagam
692 3437 966 3486 naturalem
1005 3437 1210 3497 directa,
1252 3435 1457 3499 quilibet
1494 3435 1724 3488 rhombus
1764 3436 1911 3483 etiam
1950 3449 2090 3483 suam
2126 3435 2325 3498 plagam
2363 3435 2441 3481 in-

189 3508 333 3558 dicet.
407 3508 796 3557 Denominantur
846 3524 962 3557 vero
1001 3510 1190 3559 rhombi
1230 3524 1395 3558 omnes
1444 3523 1474 3557 a
1512 3507 1676 3556 mundi
1727 3507 2025 3567 cardinibuS,
2080 3507 2222 3556 aliter
2272 3514 2434 3556 tamen
2478 3524 2481 3528 ¹

191 3581 463 3632 cardinales
499 3582 610 3644 ipsi,
650 3581 790 3629 aliter
828 3582 1112 3630 intermedii.

338 3654 474 3719 Quos
511 3653 631 3701 dicis
667 3654 851 3702 mundi
899 3654 1127 3702 cardines
1173 3661 1440 3717 ventosque
1487 3652 1807 3702 cardinales?
1881 3652 1986 3700 Hos
2026 3658 2262 3700 monstrat
2300 3652 2440 3701 nobis

192 3729 240 3774 in
278 3726 636 3791 hemisphaerio
675 3722 1043 3789 septentrionali
1063 3733 1222 3774 motus
1258 3727 1410 3788 coeli3
1451 3726 1654 3775 dicimus
1689 3740 1735 3773 n.
1764 3726 2015 3786 orientem,
2053 3723 2159 3787 ost,
2198 3723 2329 3773 unde
2355 3723 2439 3773 Sol

191 3802 339 3850 oritur
375 3802 425 3849 in
464 3800 803 3863 aequinoctiis,
843 3797 1157 3861 occidentem,
1196 3797 1335 3862 Qeft,
1374 3800 1459 3848 ubi
1497 3814 1550 3849 se
1568 3797 1652 3848 Sol
1690 3796 1855 3847 condit
1885 3797 2058 3848 eodem
2097 3798 2190 3861 die,
2231 3803 2432 3861 septen-
