2554 4140
231 133 337 182 408
1064 124 1301 181 Epitomes
1331 123 1648 168 Astrouomiae

231 276 410 340 gradus
463 274 735 323 latitudine.
825 273 964 323 Tune
1018 274 1145 322 enim
1201 273 1428 321 minimae
1479 286 1632 321 zonae
1687 272 1894 322 latitudo
1947 277 2223 324 necessario
2269 274 2484 338 prodiret

233 349 379 412 dupla
419 348 539 410 ejuS,
580 346 710 408 quod
752 361 917 395 verum
957 352 1100 395 esset.
2363 372 2366 377 ν

376 421 487 468 Etsi
539 434 690 468 arcus
739 419 916 467 circuli
955 418 1080 479 PK,
1136 415 1242 465 KG
1289 422 1335 464 et
1371 417 1555 478 reliqui
1590 421 1744 467 sumti
1779 427 1898 467 sunt
1936 422 2192 482 aequales,
2242 426 2298 468 at
2333 435 2484 468 arcus

231 509 379 542 verae
417 493 607 541 orbitae
650 491 760 550 PL,
814 491 916 540 LH
951 498 1038 540 ete.
1079 490 1314 553 aequales
1351 503 1453 538 esse
1486 504 1596 538 non
1636 491 1873 540 videntur
1890 528 1901 549 ,
1952 493 2037 540 sed
2072 508 2245 541 versus
2284 493 2334 540 E
2366 508 2483 541 ma·—

221 569 389 627 jores:
437 565 631 612 nihilne
678 565 768 612 hoc
821 565 995 613 turbat
1039 564 1480 612 demonstrationis
1517 564 1904 612 certitudinem?
1966 565 2117 614 Nihil.
2190 566 2312 615 Nam
2351 567 2483 628 quod

229 653 369 688 arcus
423 652 592 687 versus
632 637 670 684 Ε
716 643 830 685 sunt
875 637 1108 699 majores,
1162 635 1212 683 id
1262 633 1570 683 tribuendum
1626 642 1699 684 est
1739 636 1812 685 his
1850 639 1969 700 ipsis
2008 638 2377 697 librationibus,
2430 646 2485 687 ut

230 711 353 759 infra
390 710 669 774 apparebit3
717 710 847 758 idem
887 723 1002 758 vero
1041 709 1133 757 sibi
1173 710 1269 771 ipsi
1305 722 1396 756 nec
1435 721 1588 756 causa
1623 709 1843 758 solitaria
1869 725 1968 771 ⁸uec
2007 724 2296 761 concurrens
2334 725 2484 760 eausa

230 799 337 834 esse
377 790 564 847 potest,
607 789 660 830 ut
696 784 947 843 omittam,
988 781 1120 844 quod
1157 779 1368 841 turbela,
1410 782 1451 829 si
1491 795 1590 843 qua
1627 783 1775 831 etiam
1814 789 1945 832 esset
1981 782 2299 844 admittenda,
2338 783 2482 846 plane

228 859 390 906 futura
428 862 557 906 esset
594 855 906 905 insensibilis.

948 969 1040 1018 III.
1095 969 1183 1018 De
1221 970 1432 1031 figura
1482 971 1756 1020 orbitae.

382 1074 536 1124 Video
576 1088 872 1127 mensuram
910 1072 1196 1121 librationis
1232 1073 1388 1120 inesse
1426 1074 1483 1119 in
1518 1073 1713 1122 sinibus
1749 1076 1908 1123 versis
1946 1089 2162 1124 arcuum
2200 1077 2392 1127 orbitae
2417 1079 2482 1127 ab

229 1149 401 1212 apside
450 1152 792 1208 inceptorum,
847 1160 908 1195 ea·
948 1147 1219 1207 principiis
1265 1150 1312 1192 et
1359 1146 1524 1193 causis
1574 1152 1807 1195 motuum
1846 1151 2106 1209 assumtis,
2159 1157 2383 1211 superest
2426 1159 2486 1200 ut

225 1224 427 1284 probes,
477 1221 571 1267 hac
619 1219 905 1268 librationis
957 1219 1133 1281 forma
1182 1216 1420 1267 constitui
1455 1217 1676 1266 orbitam
1715 1221 1989 1281 ellipticam
2004 1256 2016 1279 ,
2071 1221 2132 1268 de
2169 1237 2274 1284 qua
2312 1223 2485 1274 dnkristi
2542 1261 2548 1269 .

227 1298 398 1344 testari
433 1294 816 1342 observationes.
883 1290 1091 1354 Ellipsin
1128 1290 1230 1338 fieri
1269 1291 1477 1339 orbitam
1519 1290 1746 1353 planetae
1770 1291 2090 1342 PLHEOTR
2115 1300 2165 1343 et
2190 1298 2482 1358 oppoSitam,

228 1368 584 1417 demonstratur
635 1380 666 1413 a
711 1364 1090 1428 proprietatibus
1144 1362 1365 1413 identicis
1417 1362 1565 1425 hujus
1615 1363 1822 1427 figurae,
1875 1380 1998 1428 quas
2036 1370 2356 1431 proprietates
2395 1383 2484 1418 ex·
2552 1378 2554 1385 ’

227 1443 389 1504 primit
426 1439 620 1487 libratio
659 1436 897 1487 haetenus
934 1436 1128 1485 tradita.

376 1513 520 1577 Quae
555 1517 676 1558 sunt
711 1511 934 1572 ellipseos
970 1509 1215 1558 identicae
1250 1509 1624 1571 proprietates?
1666 1512 1709 1558 l.
1753 1509 1957 1560 Constat
1997 1527 2055 1561 ex
2085 1511 2334 1576 Apollonii
2361 1513 2482 1564 Per-

227 1588 339 1650 gaei
379 1585 597 1644 Conicis,
639 1583 861 1646 ellipsin,
902 1584 981 1631 cui
1019 1582 1226 1631 circulus
1266 1587 1338 1629 est
1377 1583 1784 1646 circumscriptus,
1825 1586 2072 1634 communi
2109 1586 2360 1647 diametm,
2400 1589 2484 1650 qui

225 1665 300 1709 est
335 1659 564 1721 ellipseos
603 1656 810 1719 longior,
850 1669 1016 1704 secare
1059 1655 1315 1704 ordinatim
1355 1654 1628 1719 applicatas
1666 1655 1728 1705 ad
1763 1655 1899 1706 illam
1924 1658 2211 1708 diametrum
2241 1661 2288 1707 iu
2314 1659 2483 1711 eadem

227 1747 393 1796 omnes
430 1731 743 1794 proportione
781 1735 1157 1792 segmentorum.

397 1814 460 1860 Ut
489 1814 528 1858 si
557 1812 648 1857 sint
678 1810 918 1856 ordinatim
948 1811 1204 1868 applicatae
1232 1811 1290 1856 ad
1320 1811 1401 1855 PR
1428 1811 1576 1858 lineae
1606 1813 1711 1868 ΚΧ,
1746 1813 1846 1870 GF,
1877 1815 1981 1870 DB,
2012 1815 2111 1871 NA,
2144 1816 2229 1871 SY,
2262 1816 2482 1873 siquidem

222 1881 341 1925 linea
378 1893 515 1925 curva
543 1877 835 1922 PLHEOTR
872 1882 942 1921 est
981 1875 1174 1932 ellipsis,
1216 1881 1396 1932 oportet
1438 1890 1540 1926 esse
1580 1882 1632 1922 ut
1660 1878 1742 1923 DB
1787 1879 1844 1924 ad
1876 1879 1977 1932 BE,
2023 1880 2089 1926 sie
2122 1880 2199 1925 GF
2232 1881 2289 1926 ad
2319 1881 2402 1926 ΕΗ
2439 1888 2486 1928 et

224 1947 308 1991 ΚΧ
337 1946 396 1991 ad
425 1945 521 2000 XL,
553 1943 617 1988 sic
649 1944 784 1988 etiam
815 1943 898 1989 NA
930 1943 989 1988 ad
1019 1941 1100 1987 AO
1134 1947 1180 1985 et
1212 1941 1284 1986 SY
1314 1940 1374 1986 ad
1404 1942 1505 1987 Y'lt
2491 1959 2496 1962 ·

368 2025 416 2071 2.
467 2021 634 2070 Habet
678 2020 864 2082 ellipsis
904 2019 1001 2068 duo
1048 2023 1251 2083 puncta,
1305 2033 1363 2068 ex
1418 2020 1597 2082 quibus
1647 2020 1733 2069 illa
1772 2020 1924 2070 veluti
1963 2024 2142 2071 centris
2181 2022 2482 2083 describitur,

225 2110 351 2159 quae
403 2095 583 2144 focos
631 2093 879 2158 appellare
933 2092 1085 2142 soleo,
1160 2091 1345 2141 Lineae
1393 2094 1540 2154 igitur
1591 2107 1652 2141 ex
1700 2094 1826 2142 binis
1873 2094 1995 2144 socia
2041 2094 2105 2144 ad
2154 2095 2495 2159 quodcunque·

223 2173 454 2232 punctum
493 2167 691 2231 ellipsiS‚
732 2172 817 2215 aut
855 2168 1003 2214 etiam
1035 2180 1094 2214 ex
1131 2179 1230 2213 uno
1267 2165 1378 2213 foco
1418 2165 1482 2214 ad
1521 2166 1748 2229 opposita
1787 2181 1846 2215 ex
1887 2174 2053 2217 centro
2092 2167 2276 2232 ellipsis
2302 2175 2484 2234 puncta

226 2242 416 2301 ductae,
455 2254 645 2303 semper
676 2240 878 2302 junctae
918 2244 1031 2286 sunt
1069 2236 1303 2301 aequales
1343 2236 1578 2287 diametro
1617 2237 1852 2302 longiori:
1894 2240 2022 2289 unde
2061 2241 2130 2299 tit,
2171 2247 2224 2289 ut
2253 2256 2363 2290 cum
2389 2241 2483 2290 du-

224 2320 397 2364 cuntur
442 2313 506 2363 ad
550 2313 637 2361 illa
686 2318 867 2377 puncta
918 2311 1124 2375 ellipsis,
1179 2325 1306 2374 quae
1354 2317 1466 2359 sunt
1512 2313 1561 2358 in
1615 2310 1852 2362 diametro
1900 2313 2124 2363 breviore
2163 2314 2324 2363 media
2361 2315 2484 2363 inter

220 2389 443 2447 vertices,
485 2385 735 2449 quaelibet
770 2384 963 2433 illarum
1005 2388 1183 2447 aequet
1221 2383 1635 2434 semidiametrum
1675 2385 1856 2434 circuli.

391 2470 453 2516 Ut
486 2469 524 2514 si
555 2469 615 2514 sit
644 2470 684 2515 A
715 2469 858 2526 focus,
888 2469 926 2513 B
958 2474 1165 2513 centrum
1195 2467 1366 2521 circuli,
1400 2468 1491 2525 AB,
1523 2468 1602 2512 BF
1633 2468 1875 2526 aequales,
1909 2468 1996 2513 erit
2025 2468 2064 2514 F
2095 2468 2224 2515 focus
2256 2468 2396 2524 alter,
2439 2456 2485 2513 et

218 2535 315 2584 ΑΗ,
345 2535 428 2580 HF
453 2535 640 2591 junctae
671 2539 802 2579 erunt
833 2533 1046 2590 aequales
1078 2533 1297 2577 diametro
1328 2532 1425 2589 PR;
1468 2533 1534 2579 sic
1565 2533 1700 2579 etiam
1730 2534 1823 2586 AL,
1854 2534 1959 2591 LF,
2001 2541 2047 2580 et
2075 2534 2170 2591 AO,
2202 2534 2303 2591 OF;
2345 2548 2484 2592 quare

216 2614 320 2645 cum
351 2601 432 2645 ΒΕ
474 2600 532 2645 sit
571 2599 902 2644 semidiameter
943 2599 1121 2644 brevior
1160 2604 1205 2643 et
1235 2598 1275 2642 Ε
1307 2606 1526 2655 punctum
1565 2599 1612 2644 in
1642 2612 1717 2654 ea,
1759 2604 1893 2645 erunt
1919 2599 2030 2655 ΑΕ,
2073 2599 2155 2645 EF
2193 2601 2408 2657 aequales
2436 2596 2492 2663 at,

218 2670 408 2724 utraque
440 2666 641 2724 aequalis
674 2664 1006 2710 semidiametro
1037 2665 1126 2720 BP,
1159 2664 1242 2708 BR
1270 2663 1341 2708 vel
1371 2665 1467 2710 BD.
1519 2665 1630 2722 (Fig.
1665 2663 1760 2721 76.)
1928 2676 1930 2679 ·

590 2755 674 2795 mg.
699 2752 753 2788 77.
1270 2739 1382 2790 Hoc
1419 2742 1491 2789 sic
1526 2741 1800 2805 applicatur
1837 2739 1902 2790 ad
1940 2740 2179 2806 planetas,
2220 2742 2352 2806 quod
2391 2744 2482 2794 ob-

1124 2814 1430 2862 servationes
1469 2816 1637 2863 testari
1685 2813 1921 2874 diximus,
1976 2814 2201 2878 planetas
2249 2822 2365 2866 tunc
2402 2816 2486 2881 ‹ii-5

1125 2892 1254 2935 stare
1293 2902 1324 2935 a
1360 2885 1475 2935 Sole
1526 2885 1655 2952 (foco
1705 2887 1860 2938 altero
1899 2887 2047 2951 hujus
2085 2886 2292 2953 ellipsis)
2333 2890 2487 2948 semi„

1125 2957 1361 3008 diametro
1400 2959 1565 3008 circuli
1590 2961 1861 3020 eccentrici,
1902 2975 2012 3010 cum
2038 2959 2359 3024 quadrantem
2397 2977 2488 3017 or-,

1124 3032 1256 3081 bitae
1295 3031 1359 3080 ab
1398 3032 1569 3096 apside
1607 3033 1648 3082 P
1686 3036 1907 3099 praecise
1945 3033 2270 3084 confecerunt.
2477 3078 2486 3104 ‚

1268 3103 1577 3155 Demonstro
1593 3141 1605 3165 ,
1681 3106 1819 3170 quod
1878 3113 2318 3170 repraesententur
2387 3109 2486 3173 hae,

1122 3177 1370 3240 ellipticae
1404 3181 1739 3242 proprietates
1767 3182 1824 3226 in
1862 3179 2028 3248 orbita
2063 3180 2314 3243 planetae,
2355 3180 2483 3244 quae

1122 3265 1183 3300 ex
1219 3250 1318 3298 illis
1356 3250 1713 3302 librationibus
1748 3253 1993 3302 nascitur.
2035 3254 2481 3316 Describaturigitu‘r
2551 3291 2554 3295 «

1121 3318 1297 3376 legibus
1319 3318 1540 3366 hactenus
1565 3319 1743 3366 traditis
1760 3333 1876 3365 nova
1891 3319 2051 3376 figura,
2084 3327 2238 3368 centro
2255 3322 2479 3378 scilieetR
2550 3316 2554 3356 ’ἶ

1023 3421 1027 3436 ,
1123 3383 1318 3429 circulus
1348 3385 1492 3443 PDR,
1535 3400 1668 3444 quem
1712 3391 1896 3443 tangere
1926 3385 2090 3431 debeat
2120 3387 2313 3446 ellipsis,
2352 3388 2483 3453 cujusq
2548 3405 2554 3438 ε

1023 3458 1025 3467 ·
1122 3450 1181 3494 sit
1208 3450 1387 3506 longior
1417 3451 1636 3498 diameter
1666 3452 1757 3505 PR,
1791 3457 1836 3496 et
1865 3451 1911 3495 in
1939 3465 1993 3497 ea
2010 3452 2050 3496 A
2079 3451 2210 3499 focus
2242 3467 2323 3499 seu
2352 3453 2477 3501 locus
2547 3461 2554 3495 ἰ

1123 3516 1255 3561 Solis.
1318 3516 1495 3574 Agatur
1524 3517 1611 3574 ipsi
1637 3517 1719 3562 PR
1746 3516 2135 3575 perpendicularis
2166 3532 2250 3576 per
2279 3520 2330 3575 B,
2354 3530 2477 3575 oquae
2545 3497 2553 3560 l

1122 3581 1182 3625 sit
1209 3581 1314 3636 DT,
1355 3582 1441 3626 erit
1478 3581 1525 3626 in
1562 3596 1617 3627 ea
1656 3581 1872 3627 diameter
1913 3581 2100 3627 brevior.
2163 3584 2225 3627 Et
2263 3581 2370 3639 quia
2397 3582 2475 3628 BA
2547 3585 2550 3615 ἱ

1121 3647 1434 3692 eccentricitas
1480 3651 1550 3692 est
1590 3645 1819 3692 dimidium
1858 3647 2135 3706 librationis,
2168 3655 2310 3702 ⁴tanta
2343 3647 2478 3705 igitur
2541 3623 2550 3713 Ξ

1122 3718 1349 3768 competet
1364 3713 1567 3770 perfeeto
1587 3712 1848 3768 quadranti3
1877 3713 2062 3771 planeta
2076 3714 2224 3772 igitur,
2246 3714 2293 3760 in
2313 3713 2475 3758 lineam
2541 3719 2547 3728 ¹

1121 3777 1203 3821 DB
1232 3777 1450 3834 incidens,
1483 3777 1668 3823 distabit
1697 3790 1725 3821 a
1756 3777 1861 3824 Sole
1890 3780 2037 3825 minus
2069 3771 2205 3837 qum
2237 3780 2284 3825 in
2313 3780 2364 3833 P,
2394 3777 2476 3828 «ue.
2539 3766 2546 3796 ²

1072 3875 1084 3879 -
1122 3842 1312 3911 ¹ferentia
1332 3845 1426 3902 BA,
1457 3843 1642 3892 distabit
1671 3843 1810 3900 igitur
1840 3844 2096 3902 quantitate
2121 3843 2209 3898 BP,
2240 3858 2380 3910 quare
2407 3844 2472 3892 ins
