2560 4100
960 120 1030 166 De
1058 116 1271 178 Epitome
1298 101 1635 166 Astronomiae.¹
2361 127 2426 174 77

173 279 450 323 metrorum.
524 272 685 320 Docet
732 284 850 321 vero
900 271 1194 334 geometria,
1245 269 1608 334 proportionem
1643 265 1962 336 (simplicem)
2013 283 2268 334 corporum
2319 284 2426 319 esse

175 345 502 410 proportionis
542 341 826 412 (simplicis)
866 343 1211 394 diametrorum
1249 346 1299 391 in
1337 344 1396 391 iis
1435 341 1718 406 corporibus
1767 342 1962 405 triplam
2001 345 2174 406 (sensu
2210 342 2430 406 redupli-

173 421 323 481 cato).
397 419 455 467 In
493 420 587 467 tria
624 418 773 481 igitur
810 417 1039 481 aequalia
1078 415 1400 480 dispescenda
1439 421 1514 465 est
1549 415 1798 478 proportio
1844 418 1868 464 1
1912 415 1975 464 ad
2017 418 2099 468 10.
2177 416 2245 465 At
2281 431 2430 480 supra

172 492 285 553 dixi,
324 497 440 541 tunc
477 493 526 539 in
566 493 596 540 3
636 490 864 553 aequalia
901 490 1055 539 dividi
1095 491 1460 554 proportionem
1497 488 1793 552 simplicem,
1847 490 1887 536 si
1927 503 2014 551 pro
2054 490 2160 553 ejus
2210 491 2428 549 terminis

168 571 411 628 ponantur
448 579 615 614 eorum
653 564 842 613 radices
881 564 1082 613 cubicae
1129 578 1218 613 seu
1256 561 1458 613 secundi
1498 560 1695 610 ordinis.
1771 561 1860 610 Est
1903 568 2066 611 autem
2119 563 2178 612 de
2221 566 2247 612 1
2289 562 2428 612 radix

170 638 341 687 cubica
384 640 427 697 1,
475 644 523 687 et
560 637 619 687 de
662 639 727 686 10
765 637 903 686 radix
942 637 1114 686 cubica
1153 642 1226 685 est
1267 638 1296 685 3
1326 663 1393 672 —
1434 634 1515 684 vel
1555 637 1584 683 2
1617 636 1709 694 -Ι-;
1749 634 1970 696 sequitur
2008 637 2178 698 igitur,
2219 651 2427 700 propor-

171 712 354 760 tionem
408 710 753 760 diametrorum
801 710 1071 774 simplicem
1120 715 1227 759 esse
1270 712 1296 757 1
1351 707 1416 758 ad
1455 709 1485 757 3
1518 735 1582 743 —
1622 706 1706 757 vel
1749 710 1773 755 1
1817 706 1880 756 ad
1920 709 1950 755 2
1982 709 2072 768 -Ι-,
2122 709 2201 758 vel
2240 706 2277 773 Β
2319 710 2427 759 dia-

166 790 372 833 metrum
410 799 576 833 veram
617 799 724 833 esse
763 784 912 847 paulo
950 783 1222 846 longiorem
1263 781 1414 846 dupla
1438 781 1674 830 diametro
1701 779 1940 844 Telluris;
1979 780 2107 830 unde
2141 783 2245 846 jam
2267 790 2426 833 astro-

164 871 337 906 nomus
378 863 650 922 computat,
690 857 823 906 illam
860 871 1094 922 apparere
1134 857 1407 919 quantitate
1452 850 1539 924 ¹s2‘
1577 869 1617 904 c.

310 942 368 991 In
407 946 692 1007 quaestione
729 959 842 1007 pag.
873 945 975 993 648
1004 958 1114 992 cum
1142 948 1194 992 tu
1220 943 1318 991 tuis
1346 942 1499 991 utaris
1525 942 1705 1001 verbis,
1746 938 1810 990 ad
1848 955 2045 992 sensum
2071 947 2207 992 tuum
2235 945 2428 1008 egregie

166 1016 572 1079 accommodatis,
624 1019 707 1081 qui
743 1017 846 1066 fieri
884 1019 1064 1080 possit,
1115 1022 1171 1064 ut
1207 1030 1305 1065 non
1342 1015 1588 1078 intelligas
1639 1030 1740 1064 rem
1772 1014 1967 1079 ipsam?
2044 1013 2253 1066 Omnino
2290 1026 2425 1082 puto,

166 1096 213 1140 te
252 1090 509 1152 simulare,
549 1091 630 1140 vel
669 1087 782 1158 (nisi
821 1089 952 1153 quod
991 1089 1162 1151 video,
1202 1094 1252 1138 te
1289 1087 1515 1138 nonnihil
1552 1103 1583 1138 a
1620 1103 1728 1139 meo
1768 1104 1914 1138 sensu
1965 1087 2207 1156 aberrare)
2244 1090 2426 1142 ludere.

164 1162 240 1212 Tu
279 1164 338 1213 de
374 1166 687 1228 proportione
725 1163 953 1228 planetae
993 1164 1122 1212 circa
1160 1161 1327 1212 Solem
1365 1162 1611 1225 loqueris,
1652 1177 1744 1226 ego
1783 1178 1926 1225 vero,
1972 1164 2041 1211 ibi
2081 1164 2277 1227 quidem
2315 1165 2426 1227 loci,

166 1237 224 1286 de
263 1234 562 1287 advectione
592 1237 820 1301 planetae
859 1236 922 1286 ad
959 1235 1126 1286 Solem
1165 1235 1246 1285 vel
1283 1235 1584 1313 repulsione.
1660 1235 1756 1285 Sed
1794 1236 1890 1286 hoc
1927 1236 2049 1285 nihil
2087 1238 2274 1299 obstat,
2330 1254 2426 1302 quo

163 1312 321 1359 minus
376 1311 455 1360 vel
504 1326 563 1360 ex
600 1312 673 1360 tui
725 1312 879 1374 ipsius
919 1310 1081 1359 verbis
1129 1308 1403 1372 intelligaS‚
1457 1296 1906 1372 compensationem
1958 1310 2089 1359 fieri:
2142 1318 2196 1360 ut
2241 1320 2424 1375 quanto

162 1383 456 1434 imbecillius
494 1385 694 1448 planeta
732 1384 1014 1444 attrahitur,
1069 1388 1206 1431 tanto
1248 1382 1432 1431 diutius
1470 1382 1576 1446 (per
1614 1382 1764 1432 aliurn
1802 1384 2052 1446 effectum,
2104 1384 2163 1434 de
2203 1400 2300 1448 quo
2340 1386 2424 1435 fol.

167 1454 298 1525 665)
338 1459 386 1504 in
427 1457 514 1506 illa
553 1457 806 1507 imbecilla>
835 1459 1016 1506 virtute
1054 1462 1267 1505 maneat.
1344 1456 1432 1504 Est
1452 1470 1632 1519 magna
1657 1457 1725 1505 rei
1752 1457 2064 1520 perplexitaS‚
2105 1459 2261 1508 fateor
2287 1459 2426 1509 dico-

163 1545 257 1594 que
310 1531 661 1580 consolationis
700 1545 876 1592 causa,
932 1545 1009 1579 me
1062 1535 1218 1594 ipsum
1264 1530 1556 1578 immensum
1602 1529 1822 1580 laborem
1869 1530 2092 1580 hausisse
2140 1539 2424 1596 textumque

157 1605 409 1653 minimum
449 1604 609 1659 decies
647 1610 888 1665 mutasse,
946 1603 1101 1652 donec
1149 1604 1469 1667 exprimerem
1506 1602 1579 1663 id,
1636 1603 1769 1666 quod
1818 1606 1867 1651 in
1907 1619 2056 1655 causa
2110 1607 2416 1656 versabatur.

158 1677 283 1727 Nam
321 1679 390 1727 ibi
427 1678 524 1727 loci
562 1677 645 1727 fol.
691 1679 792 1727 648
834 1675 1201 1740 anticipandum
1240 1682 1337 1738 est,
1397 1675 1530 1739 quod
1575 1676 1659 1727 fol.
1703 1678 1805 1726 665
1847 1677 2048 1741 dicitur,
2107 1694 2216 1728 cum
2255 1686 2420 1730 tamen

162 1751 368 1802 alterum
405 1752 468 1801 ab
507 1751 659 1801 altero
697 1749 926 1815 pendeat.
1004 1750 1205 1799 Summa
1244 1750 1689 1813 comprehensionis
1715 1751 1959 1813 perfectae
1998 1755 2048 1800 in
2086 1767 2144 1802 eo
2185 1755 2422 1816 consistit,

165 1830 222 1872 ut
272 1824 540 1889 intelligaS,
589 1826 881 1889 principium
928 1838 1026 1872 non
1071 1825 1188 1887 peti.
1280 1822 1409 1872 Nam
1460 1823 1519 1873 de
1574 1824 1955 1875 contradictione
2005 1840 2081 1875 res
2130 1832 2205 1876 est
2251 1827 2423 1877 faciliS.

162 1897 259 1948 Sed
310 1898 482 1960 vide0,
530 1897 849 1948 exscribenda
899 1897 1020 1946 mihi
1067 1912 1183 1947 esse
1224 1902 1311 1945 tua
1359 1897 1512 1945 verba
1566 1898 1786 1960 meisque
1838 1897 2085 1961 parallelis
2129 1899 2422 1964 adjuvanda.

157 1971 345 2022 Ponam
384 1979 574 2034 autem,
629 1979 678 2021 te
716 1973 1031 2021 summarium
1071 1971 1246 2020 fecisse
1285 1971 1540 2033 utriusque
1578 1969 1795 2020 locorum
1846 1987 1877 2020 a
1912 1987 1990 2022 me
2035 1973 2139 2037 jam
2179 1974 2423 2038 allegato-

159 2060 293 2110 rum3
332 2047 427 2095 nisi
464 2045 559 2095 hoc
595 2060 791 2109 ponam,
832 2045 975 2109 plura
1014 2050 1178 2094 essent
1215 2047 1264 2091 in
1304 2050 1390 2092 tuo
1429 2049 1567 2092 textu
1607 2045 1906 2108 corrigenda.

246 2194 249 2198 ,
309 2145 409 2204 Quo
444 2145 586 2191 altius
613 2145 849 2190 invehitur
871 2145 1089 2202 planeta,
1121 2144 1206 2189 hoc
1234 2143 1502 2189 imbecillius
1532 2148 1575 2189 et
1603 2144 1770 2189 lentius
1790 2149 2102 2201 promovetur.

314 2221 424 2284 Quo
463 2221 610 2271 altius
649 2221 898 2271 invehitur
930 2220 1154 2285 planeta,
1202 2219 1298 2270 hoc
1335 2219 1642 2269 imbecilliori
1681 2222 1859 2271 virtute
1897 2221 2092 2271 vehitur
2138 2227 2186 2270 et
2220 2222 2425 2271 trahitur

166 2294 246 2345 vel
282 2296 504 2360 pellitur3
555 2296 650 2345 hoc
703 2296 854 2359 igitur
901 2296 1059 2344 minor
1107 2300 1155 2344 et
1203 2294 1380 2343 lentior
1426 2299 1500 2343 est
1548 2295 1723 2357 quovis
1771 2301 2017 2345 momento
2057 2298 2274 2359 operatio
2324 2303 2423 2346 tam

156 2371 488 2433 provectionis
529 2384 676 2433 quam
714 2369 988 2419 librationis
1027 2383 1057 2417 a
1097 2367 1211 2417 Sole
1250 2373 1299 2417 et
1338 2367 1400 2416 ad
1440 2367 1620 2431 Solem,
1662 2383 1720 2418 ex
1760 2378 1898 2432 parte
1938 2369 2133 2434 quidem
2170 2369 2314 2420 Solis.

303 2453 404 2513 Quo
433 2454 599 2499 lentius
626 2457 797 2510 fertur,
829 2454 914 2500 hoc
945 2453 1120 2499 diutius
1148 2457 1369 2499 moratur.

310 2530 420 2594 Quo
469 2531 650 2582 lentius
697 2533 925 2581 incitatur
974 2537 1181 2594 utroque
1229 2536 1367 2580 motu
1419 2533 1468 2579 in
1518 2532 1712 2595 punctis
1765 2545 1853 2580 seu
1901 2531 2160 2580 momentis
2201 2530 2423 2593 singulis,

160 2605 255 2656 hoc
295 2604 477 2655 diutius
514 2611 731 2655 moratur
767 2608 815 2654 in
858 2610 1019 2655 certae
1060 2606 1345 2669 quantitatis
1385 2619 1516 2666 arca,
1556 2607 1605 2653 in
1645 2619 1741 2668 quo
1781 2605 1946 2653 insunt
1972 2603 2068 2665 xilla
2104 2609 2300 2667 puncta.

308 2689 407 2747 Quo
438 2704 570 2735 mora
599 2690 804 2747 longior,
837 2690 922 2735 hoc
951 2690 1003 2735 in
1031 2691 1220 2747 planeta
1249 2703 1408 2735 sensus
1440 2689 1593 2734 acrior
1621 2688 1806 2734 virtutis
1827 2686 2207 2744 promoventis.*)

310 2766 419 2829 Quo
458 2782 596 2816 mora
633 2768 682 2815 in
721 2773 850 2816 certo
890 2781 1007 2816 arcu
1044 2766 1236 2830 longior
1275 2781 1421 2829 quam
1458 2767 1508 2814 in
1548 2765 1646 2814 alio
1686 2779 1800 2814 arcu
1840 2764 2060 2828 aequalis
2087 2763 2421 2827 longitudinis,

165 2838 258 2890 hoc
304 2841 461 2904 major
499 2843 747 2904 quantitas
795 2836 974 2890 vii-ium
1012 2840 1153 2890 Solis
1181 2839 1520 2899 imbecillium,
1572 2853 1659 2902 per
1695 2839 1890 2901 longius
1928 2845 2120 2902 tempus
2175 2838 2421 2901 dispersa-

159 2928 289 2977 rum,
343 2930 490 2978 quam
528 2916 569 2963 si
608 2913 779 2963 eadem
817 2912 1100 2963 fortitudine
1138 2915 1268 2964 vires
1319 2928 1406 2977 per
1445 2914 1643 2962 brevius
1681 2917 1873 2976 tempus
1911 2909 2028 2978 (quo
2067 2913 2108 2960 is
2148 2912 2300 2961 alium
2338 2926 2421 2961 ar-

157 3000 263 3037 cum
300 2986 552 3053 percurrit)
591 2986 922 3051 impendisset.

298 3072 397 3131 Quo
427 3072 501 3118 hic
529 3086 705 3129 maaor,
737 3084 790 3117 eo
821 3076 863 3117 et
893 3071 1116 3129 immulsus
1144 3070 1298 3128 maj0r
1328 3076 1371 3116 et
1402 3043 1676 3116 concitatior
1705 3083 1877 3115 cursus.

301 3148 410 3211 Quo
448 3149 606 3212 major
644 3150 893 3212 quantitas
933 3147 1253 3197 imbecillium
1291 3146 1420 3196 Solis
1460 3148 1662 3209 virium,
1712 3146 1806 3196 hoc
1842 3146 1999 3210 maj0r
2038 3147 2236 3197 effectus
2278 3143 2420 3214 (pro-

163 3223 389 3272 motionis
430 3223 626 3287 quidem
665 3224 793 3271 circa
834 3221 1002 3271 Solem
1039 3221 1349 3284 simpliciter,
1389 3220 1662 3268 librationis
1701 3234 1818 3269 vero
1857 3235 1954 3269 non
1993 3219 2291 3284 simpliciter,
2332 3219 2419 3269 sed

165 3300 350 3344 tantum
389 3311 449 3346 ex
484 3302 622 3361 parte
661 3289 846 3363 Solis),
898 3309 1047 3357 quam
1084 3297 1126 3343 si
1174 3294 1345 3342 harum
1397 3293 1712 3343 imbecillium
1751 3295 1925 3342 virium
1976 3297 2133 3344 minor
2171 3296 2419 3358 quantitas

163 3368 313 3419 effusa
351 3376 507 3438 esset,
560 3369 796 3420 admensa
831 3369 1057 3417 nimirum
1115 3369 1323 3431 tempori
1362 3367 1604 3431 breviori,
1654 3368 1785 3431 quod
1827 3368 2026 3432 planeta
2073 3370 2123 3417 in
2162 3369 2263 3418 alto
2303 3382 2416 3417 arcu

160 3444 408 3493 consumit.

304 3523 432 3586 Ενρο
463 3541 552 3586 quo
583 3527 764 3576 tardior
792 3531 964 3584 motuS,
994 3526 1077 3572 hoc
1106 3525 1226 3571 idem
1255 3525 1466 3573 velocior.

309 3686 349 3745 *)
379 3692 492 3732 Haec
521 3703 603 3732 vox
634 3689 788 3734 acrior
816 3692 886 3732 hic
916 3689 1038 3741 plane
1070 3693 1132 3729 est
1162 3686 1299 3728 aliena
1329 3692 1377 3728 ets
1400 3690 1604 3730 contraria
1642 3702 1751 3729 vero.
1814 3689 1968 3730 Sensus
1999 3689 2134 3727 acrior
2165 3687 2314 3726 dicitur
2345 3683 2411 3724 vel

168 3757 219 3787 ex
248 3753 364 3799 parte
394 3750 559 3791 sensilis
588 3749 655 3790 vel
686 3763 736 3790 ex
766 3755 885 3801 parte
917 3749 1104 3789 sensorii.
1157 3747 1254 3788 Jam
1285 3747 1435 3788 sensile
1466 3750 1535 3789 hic
1565 3748 1631 3789 vel
1661 3749 1786 3802 quasi
1818 3749 1982 3798 sensile,
2014 3749 2147 3786 virtus
2178 3758 2232 3785 sc.
2265 3756 2411 3795 prove-

162 3806 289 3855 hens,
332 3819 415 3850 non
454 3815 516 3850 est
548 3812 636 3860 jam
675 3811 869 3862 acrior,
914 3809 986 3848 sed
1025 3807 1257 3861 segnior,
1300 3809 1531 3848 censorium
1570 3819 1664 3848 vero
1707 3819 1801 3848 suas
1843 3808 1972 3847 habet
2000 3806 2188 3857 proprias
2219 3803 2330 3852 leges
2362 3814 2412 3841 ex

164 3867 329 3905 rectiori
357 3869 422 3908 vel
454 3867 680 3922 obliquiori
711 3870 877 3919 objectu
911 3868 1102 3907 diametri
1131 3867 1409 3921 magneticae,
1456 3879 1567 3920 quae
1596 3868 1809 3918 proprium
1843 3870 1904 3906 est
1932 3866 2009 3906 hoc
2039 3864 2130 3904 loco
2163 3863 2407 3903 sensorium.
