2554 4140
979 1057 1315 1182 LIBRI
1387 1057 1751 1181 SEXTI
1862 962 1870 967 ’

1118 1269 1292 1319 PARS
1330 1269 1598 1319 TERTIA.

328 1425 423 1482 DE
473 1422 755 1482 DUOBUS
803 1421 1304 1480 INFERIORlssUS
1350 1420 1445 1480 EX
1492 1419 1887 1493 PRIMARllS,
1947 1420 2232 1479 VENERE
2279 1421 2367 1479 ET

1159 1521 1547 1582 MERCURIO.

369 1782 513 1846 Quae
552 1794 710 1829 causa
746 1786 839 1840 est,
888 1795 983 1829 cur
1018 1786 1324 1842 separentur
1358 1781 1412 1828 hi
1448 1781 1553 1830 duo
1585 1781 1827 1843 planetae
1865 1796 1900 1828 a
1936 1780 2095 1828 tribus
2128 1780 2484 1842 superioribus,
2539 1774 2543 1780 ’

216 1870 335 1904 cum
373 1858 430 1904 in
467 1868 683 1903 numero
721 1859 767 1902 et
801 1854 978 1917 forma
1005 1854 1438 1917 inaequalitatum
1476 1869 1592 1903 cum
1631 1856 1693 1902 iis
1728 1852 2073 1904 conveniant?
2132 1856 2173 1902 l.
2214 1852 2343 1915 Quia
2368 1854 2488 1901 situs
2533 1867 2536 1870 ·

215 1929 306 1977 hos
345 1929 407 1976 ab
446 1928 543 1976 illis
581 1933 792 1990 separat,
837 1925 1235 1976 denominatione
1258 1929 1366 1990 ipsa
1402 1926 1675 1988 indicatus3
1715 1927 1785 1975 illi
1824 1934 1920 1976 tres
1959 1927 2086 1976 enim
2126 1927 2347 1975 cursibus
2382 1926 2483 1975 suis

217 2003 422 2050 orbitam
462 2001 642 2050 Terrae
682 2001 982 2049 circumeunt
1019 2001 1249 2065 exterius,
1287 2000 1338 2048 hi
1377 2000 1473 2049 duo
1513 2002 1640 2050 intra
1664 1999 1874 2049 Telluris
1914 2000 2119 2048 orbitam
2160 2013 2329 2048 cursus
2367 2013 2481 2048 suos

221 2079 462 2125 exercent.
540 2075 589 2121 2.
628 2072 839 2121 Telluris
877 2087 1068 2122 annuus
1095 2074 1325 2122 circuitus
1364 2075 1679 2138 apparentiae
1710 2072 1843 2122 hisce
1883 2072 2075 2121 duobus
2114 2072 2356 2132 conciliat,
2395 2085 2484 2121 nec
2538 2091 2539 2094 ¹

215 2147 340 2196 adeo
381 2145 631 2196 evidentes
659 2152 708 2194 et
745 2148 888 2195 certis
914 2146 1219 2208 respectibus
1258 2149 1513 2210 oppositas
1538 2147 1835 2211 apparentiis
1862 2147 2179 2209 superiorum.
2239 2147 2287 2194 3.
2326 2144 2485 2194 Aliter
2525 2171 2533 2183 ι

217 2223 345 2269 circa
392 2221 666 2285 superiores
714 2217 872 2267 differt
910 2218 1251 2282 Copernieana
1296 2221 1595 2269 astronomia
1643 2219 1706 2268 ab
1760 2219 1989 2282 antiqua,
2039 2217 2182 2267 aliter
2228 2220 2355 2267 circa
2404 2219 2482 2266 in·-
2523 2214 2539 2234 ⁸

216 2294 429 2343 seriores.
507 2295 554 2341 4.
611 2291 815 2340 Accedit
853 2306 1003 2340 causa
1039 2291 1325 2341 mechanica
1363 2292 1744 2343 et'theoriarum
1795 2289 2134 2342 commoditas.
2210 2291 2314 2340 Etsi
2355 2293 2481 2340 enim
2527 2290 2542 2322 ’-

216 2372 385 2430 posset
422 2364 523 2414 fieri
576 2366 844 2413 communis
892 2365 1083 2413 theoria
1134 2380 1221 2428 pro
1263 2366 1489 2415 omnibus
1528 2367 1744 2429 quinque
1784 2372 1832 2414 et
1870 2380 1957 2430 pro
1996 2363 2112 2414 Sole
2162 2379 2248 2413 seu
2289 2363 2511 2414 Tellure>

216 2445 372 2501 sext0,
414 2452 542 2501 quae
582 2437 777 2486 demum
813 2440 1027 2500 genuina
1065 2437 1232 2487 mundi
1272 2438 1467 2488 mobilis
1508 2446 1556 2488 et
1587 2439 1848 2487 intrinseca
1885 2443 2015 2488 esset
2038 2437 2250 2500 effigies:
2288 2443 2342 2486 at
2366 2433 2481 2500 quia

217 2513 372 2572 orbis,
426 2511 585 2560 dictus
624 2511 687 2559 ab
726 2525 816 2559 usu
856 2525 1088 2574 magnus,
1138 2512 1350 2561 Saturno
1388 2521 1571 2575 parvus
1609 2510 1872 2560 admodum
1912 2516 1986 2561 est
2021 2508 2507 2572 accommodandus,‘

214 2587 256 2634 is
295 2584 467 2634 eadem
506 2584 781 2647 quantitate
820 2598 1022 2633 manens
1062 2586 1359 2634 eccentricos
1403 2585 1614 2635 Veneris
1654 2590 1702 2634 et
1740 2583 1965 2634 Mercurii
2002 2585 2204 2646 requirit
2239 2583 2392 2632 multo
2429 2597 2482 2632 se

216 2659 426 2707 minores
465 2659 723 2720 minusque
762 2657 1057 2707 tractabiles.
1135 2657 1361 2707 Praestat
1399 2660 1548 2722 igitur
1572 2657 1868 2722 peculiarem
1906 2671 1993 2721 pro
2020 2656 2326 2707 inferioribus
2352 2671 2480 2706 eum-

220 2746 315 2794 que
355 2731 475 2780 satis
514 2729 730 2793 amplum
760 2729 863 2780 fieri
904 2730 1069 2780 orbem
1108 2745 1359 2795 magnum,
1400 2738 1453 2781 ut
1481 2733 1628 2782 etiam
1667 2732 1924 2781 eccentrici
1949 2730 2229 2780 inferiorum
2269 2730 2480 2793 aliquam

212 2805 396 2867 justam
435 2805 757 2867 quantitatem
795 2805 1013 2853 nancisci
1052 2806 1259 2868 possint.

358 2877 596 2938 Recense,
646 2890 775 2939 quas
811 2883 1045 2926 motuum
1097 2879 1430 2942 appar-critias
1465 2878 1669 2941 faciant
1714 2875 1817 2933 duo
1867 2875 2160 2939 inferiores,
2223 2875 2392 2925 Venus
2435 2879 2480 2924 et

219 2948 519 2999 Mercurius,
601 2951 646 2999 1.
693 2949 957 2998 Anomalia
1004 2964 1091 3000 seu
1140 2950 1466 3014 inaequalitas
1512 2950 1668 3013 prior,
1719 2955 1827 2998 orta
1864 2948 1928 2998 ab
1968 2950 2260 3010 eccentricO,
2316 2950 2365 2995 in
2403 2948 2478 2996 in-

217 3022 471 3072 ferioribus
507 3036 823 3085 nequaquam
862 3024 931 3072 ita
967 3024 1170 3086 promtis
1210 3023 1552 3073 occasionibus
1592 3022 1866 3082 innotescit,
1902 3026 1958 3070 ut
1990 3022 2038 3069 in
2077 3022 2231 3071 tribus
2258 3021 2480 3085 superio-

218 3096 376 3156 ribuS‚
425 3094 511 3145 sed
549 3095 698 3158 longa
738 3095 932 3144 demum
970 3098 1346 3146 ratiocinatione
1384 3103 1460 3146 est
1496 3093 1793 3159 indaganda.
1867 3093 2125 3143 Evolvitur
2162 3100 2325 3144 autem
2368 3107 2479 3143 vera

218 3168 448 3229 ipsorum,
486 3169 770 3230 praesertim
808 3168 1052 3229 Mercurii,
1092 3169 1340 3219 anomalia
1376 3185 1406 3218 a
1443 3168 1721 3233 phantasia,
1760 3182 1908 3232 quam
1945 3167 2076 3216 orbis
2114 3182 2320 3231 magnus
2361 3181 2477 3217 cau-

223 3240 370 3296 satur,
411 3240 708 3302 difficillime,
751 3243 869 3304 quia
906 3256 1156 3306 nunquam
1195 3251 1436 3307 apparent
1472 3243 1567 3290 nisi
1613 3241 1708 3290 hac
1743 3239 1960 3290 secunda
1995 3240 2348 3304 inaequalitate
2385 3241 2492 3289 im-‘

220 3311 410 3374 plicati:
453 3315 642 3374 quoties
682 3315 807 3363 enim
846 3316 895 3361 in
920 3314 1102 3364 lineam
1143 3331 1201 3365 ex
1228 3316 1380 3365 Terra
1414 3329 1501 3378 per
1520 3314 1687 3364 Solem
1724 3312 1959 3372 incidunt,
1998 3309 2218 3363 carentes
2240 3315 2477 3376 inaequa-
2553 3338 2554 3343 =

223 3385 362 3432 litate
401 3385 638 3447 secunda,
679 3400 871 3450 semper
907 3394 1020 3436 sunt
1058 3389 1150 3437 sub
1188 3388 1352 3438 radios
1392 3387 1522 3436 Solis
1561 3385 1852 3437 absconditi.
1926 3385 2102 3448 Itaque
2141 3393 2282 3436 vetus
2321 3392 2477 3436 astro-

223 3458 387 3505 nomia
421 3457 623 3518 primam
663 3465 711 3506 et
747 3464 1011 3521 genuinam
1052 3460 1245 3510 illorum
1272 3461 1675 3524 inaequalitatem
1713 3473 1774 3508 ne
1800 3456 1996 3521 quidem
2031 3461 2231 3522 opinata
2263 3465 2351 3521 est,
2389 3457 2476 3508 etsi

223 3529 310 3578 illa
346 3542 452 3577 sese
490 3529 724 3589 nonnihil,
765 3532 851 3580 sed
890 3534 981 3581 sub
1020 3535 1182 3596 specie
1222 3535 1506 3597 longissime
1545 3531 1658 3593 alia,
1696 3529 1926 3595 prodidit.
2444 3551 2450 3556 ·

366 3600 549 3650 Verum
590 3599 815 3650 detractis
856 3605 1105 3655 oculorum
1143 3606 1367 3667 fallacii5‚
1410 3619 1538 3670 quae
1578 3619 1776 3654 causam
1814 3604 1877 3652 ab
1916 3618 2080 3652 annuo
2107 3605 2308 3653 circuitu
2347 3601 2475 3652 orbis

224 3674 403 3724 Terrae
439 3672 650 3733 trahunt,
692 3673 1110 3740 deprehendimus,
1153 3681 1300 3729 etiam
1338 3680 1428 3727 hos
1466 3679 1690 3742 planetas
1729 3676 1791 3725 ad
1818 3691 2037 3725 normam
2077 3682 2345 3726 ceterorum
2383 3674 2486 3723 cir-‘

226 3748 405 3798 cumire
456 3744 620 3794 Solem
674 3747 893 3794 motibus·
937 3753 1215 3800 eccentricis
1263 3769 1293 3802 a
1340 3752 1480 3813 Sole,
1536 3750 1829 3811 velocesque
1878 3764 2014 3810 esse,
2065 3764 2171 3798 cum
2225 3754 2337 3798 sunt
2373 3744 2473 3796 Soli
2543 3763 2549 3794 ε

223 3820 498 3883 propinqui,
538 3816 720 3877 tardos,
761 3832 869 3866 cum
894 3820 957 3867 ab
996 3836 1054 3869 eo
1080 3826 1267 3884 remoti,
1306 3825 1357 3873 in
1382 3824 1693 3888 proportione
1733 3821 1883 3885 dupla
1909 3821 2198 3885 angulorum
2237 3824 2284 3869 in
2312 3826 2471 3870 centro
2544 3834 2546 3842 ’

226 3892 370 3954 Solis,
413 3906 536 3955 quos
572 3892 788 3953 ipsorum
828 3891 985 3940 diurni
1023 3898 1276 3947 eccentrici
1313 3896 1628 3946 subtendunt.
