2554 4140
140 1874 145 1882 ,
216 1850 465 1898 Dividitur
503 1853 551 1898 in
592 1850 714 1898 duos
753 1853 1001 1911 semisseS,
1051 1865 1201 1898 unum
1242 1850 1410 1899 Lunae
1459 1850 1743 1907 crescentis,
1795 1848 1930 1896 GKC
1963 1854 2077 1908 (Εἰς.
2111 1856 2216 1910 66),
2267 1850 2474 1900 alterum
2514 1875 2515 1880 =

194 111 316 159 ,466
465 119 467 121 ’
800 164 806 170 .
1042 102 1278 159 Epitomes
1307 101 1624 148 Astronomiae

209 256 346 302 naria
391 253 574 301 faciunt
619 265 834 300 mensem
886 250 933 301 d.
975 253 1041 300 29
1081 251 1128 299 h.
1175 251 1255 299 15.
1300 252 1349 298 7‘
1397 250 1622 313 longum,
1671 252 1904 313 perigaea
1953 250 1999 298 d.
2042 252 2107 298 29
2157 251 2205 298 h.
2252 251 2332 302 10.
2374 250 2460 296 24⁴

210 327 424 388 longum.

706 439 791 488 De
844 438 1451 501 inaequalitatibus
1504 435 1857 487 menstruis
1888 434 1954 504 ⁷⁹)

355 541 544 602 Quibus
593 542 880 589 nominibus
930 542 1195 601 distinquis
1244 538 1372 586 duas
1422 539 1650 586 residuas
1699 546 1982 588 menstruas
2032 541 2462 604 inaequalitates?
2542 548 2545 550 ’

209 614 346 661 Prior
385 613 571 661 dicatur
602 614 1208 675 temporanea,·posterior
1245 618 1494 674 perpetua.
1571 611 1710 660 Prior
1748 614 1876 660 enim
1914 627 2011 660 non
2060 613 2171 665 ideo
2219 620 2466 661 menstrua
2546 652 2550 659 .

211 685 402 746 dicitur,
441 686 572 748 quod
608 686 812 748 singulis
853 686 1101 733 mensibus
1140 683 1319 753 redeat,
1359 684 1445 731 sed
1485 682 1610 743 ideo,
1652 686 1767 745 quia
1805 687 1995 732 nonnisi
2029 699 2178 733 causa
2215 686 2466 733 illumina-

209 759 383 819 tionis,
437 773 564 820 quae
612 773 826 807 mensem
864 759 1003 817 facit,
1058 758 1264 818 oriatur3
1311 771 1408 803 non
1447 762 1610 804 manet
1648 759 1793 819 igitur
1838 757 2055 818 ejusdem
2095 761 2379 820 quantitatis
2416 760 2463 805 in

214 831 439 880 omnibus
478 831 826 891 lunationibus,
868 831 953 879 sed
992 830 1227 892 paulatim
1267 830 1316 875 in
1355 830 1671 891 sequentibus
1710 831 1957 877 mensibus
1997 834 2270 893 evanescit3
2310 832 2465 879 altera

213 906 535 967 quantitatem
587 905 774 952 obtinet
824 903 1055 963 eandem,
1107 917 1193 964 per
1244 916 1409 950 omnes
1456 902 1732 950 lunationes
1784 910 2038 961 constanS,
2091 906 2245 952 etsie
2285 896 2473 966 duplic!

212 979 410 1025 nomine
449 983 696 1024 menstrua
735 976 923 1036 dicitur,
967 983 1014 1023 et
1054 977 1170 1037 quia
1210 982 1283 1023 est
1322 976 1384 1022 ab
1423 974 1795 1036 illuminatione,
1836 989 1963 1037 quae
1998 990 2213 1029 mensem
2249 977 2380 1037 facit,
2421 982 2470 1025 et
2514 973 2517 977 ’

215 1052 333 1112 quia
371 1050 576 1112 singulis
615 1050 864 1097 mensibus
903 1048 1028 1096 redit
1066 1047 1253 1096 eadem.

361 1125 468 1183 Quo
494 1122 682 1171 ‘ordine
719 1128 836 1169 sunt
875 1121 1188 1168 tradendae?
1241 1121 1368 1182 Etsi,
1411 1127 1464 1167 ut
1503 1120 1626 1168 libro
1664 1119 1752 1168 IV.
1795 1120 1877 1168 sol.
1921 1121 2039 1168 364.
2095 1119 2467 1182 disputavimus,

211 1203 449 1259 perpetua
496 1202 670 1242 natura
720 1196 851 1256 prior
903 1201 977 1242 est
1028 1202 1075 1242 et
1122 1201 1332 1254 cognata
1384 1195 1536 1241 motui
1578 1193 1746 1240 Lunae
1795 1192 1954 1240 medio
2007 1199 2054 1240 et
2093 1208 2241 1242 causa
2279 1200 2470 1257 tempo-

213 1282 408 1333 raneae,
447 1282 602 1329 eaque
642 1267 702 1316 de
741 1282 791 1315 re
832 1282 1004 1315 causas
1044 1267 1149 1328 ejus
1188 1266 1434 1314 naturales
1473 1268 1621 1327 priori
1646 1266 1755 1313 loco
1795 1266 2144 1327 explicavimus
2180 1283 2210 1315 a
2234 1266 2316 1314 fol.
2348 1268 2471 1315 364.

212 1345 259 1388 in
299 1340 380 1388 fol.
424 1342 553 1400 368,
606 1355 779 1388 causas
820 1355 933 1388 vero
973 1347 1316 1401 temporaneae
1354 1341 1617 1401 posterius,
1664 1354 1694 1387 a
1733 1339 1848 1386 folio
1891 1339 1993 1386 388
2036 1340 2082 1385 111
2125 1341 2251 1398 393,
2311 1347 2468 1388 tamen

212 1415 313 1476 ⁴jam
353 1415 400 1460 in
441 1415 578 1475 praxi
618 1415 942 1460 astronomica
982 1413 1308 1475 incipiendum
1349 1418 1422 1460 est
1461 1419 1856 1473 a'temporanea,
1898 1413 2014 1473 quia
2048 1412 2183 1472 haec,
2223 1414 2271 1459 in
2312 1427 2472 1475 quan·

212 1495 315 1534 tum
354 1485 550 1548 quidem
588 1485 738 1534 habet
778 1486 996 1547 quolibet
1035 1501 1198 1533 mense
1227 1485 1495 1533 dimensum
1534 1500 1675 1532 suum
1716 1492 1913 1544 certum,
1954 1483 2200 1532 simillima
2239 1492 2312 1534 est
2348 1500 2471 1534 ano-
2552 1517 2554 1522 .

212 1558 390 1607 maliae
441 1558 632 1607 solutae
684 1560 981 1621 attinetque,
1033 1565 1086 1607 ut
1126 1558 1236 1618 illa,
1288 1567 1386 1606 tarn
1422 1557 1778 1620 longitudinem
1819 1572 1964 1619 quam
2003 1557 2326 1607 latitudinem.
2406 1559 2475 1607 At
2552 1566 2554 1594 :

212 1638 448 1696 perpetua
488 1638 560 1680 est
598 1633 788 1694 generis
830 1632 1028 1679 alterius
1068 1637 1116 1680 et
1152 1632 1309 1679 solam
1347 1631 1700 1694 longitudinem
1740 1633 1924 1693 variat3
1976 1632 2141 1694 itaque
2182 1634 2328 1680 etiam
2368 1630 2473 1680 cal-
2549 1646 2554 1668 ⁴

217 1705 356 1754 culus
394 1705 573 1753 Brahei
615 1705 835 1752 ultimam
874 1704 1090 1755 adhibet.

359 1778 615 1840 Quomodo
654 1777 902 1826 dividitur
938 1781 1120 1825 mensis
1156 1777 1425 1840 synodicus
1459 1782 1666 1839 propter
1712 1776 2103 1837 inaequalitates
2151 1777 2476 1826 menstruas?
2546 1759 2554 1852 1

215 1925 511 1972 senescentis
553 1923 705 1984 CFG,
762 1939 966 1987 quorum
1005 1924 1166 1972 media
1205 1930 1372 1972 tenent
1409 1922 1623 1985 quadrae
1660 1921 1762 1982 IK,
1817 1922 1924 1982 EF,
1964 1920 2083 1970 fines
2123 1923 2327 1985 copulae
2368 1924 2502 1986 OD„

219 1995 332 2046 GH.
407 1996 633 2058 Amplius
671 1998 981 2059 ,quadrantes
1035 1997 1124 2045 hos
1176 2004 1386 2058 quatuor
1435 1995 1560 2044 aliae
1611 1993 1789 2057 phases
1827 1994 1894 2054 L,
1935 1993 2015 2054 M,
2053 1994 2115 2056 N,
2158 1994 2199 2044 Ο
2240 1997 2475 2060 bisecant,

169 2105 174 2109 ι
219 2069 440 2118 Braheus
481 2075 699 2117 octantes
739 2070 874 2128 dixit,
917 2068 1049 2132 quod
1087 2071 1268 2117 mensis
1307 2071 1365 2116 iis
1405 2070 1453 2115 in
1494 2074 1603 2116 octo
1643 2073 1806 2129 partes
1847 2066 2104 2114 dividatur.
2545 2110 2547 2115 ⁴

365 2141 633 2203 Numquid
666 2143 756 2191 hoc
781 2144 886 2192 loco
914 2145 1096 2190 mensis
1133 2142 1211 2190 vel
1237 2143 1515 2190 lunationis
1550 2139 1853 2189 vocabulum
1880 2139 2052 2188 induit
2087 2141 2318 2203 aliquam
2342 2141 2475 2197 tech-
2516 2139 2547 2230 1

218 2217 391 2263 nicam
427 2210 857 2277 siqnifieationem,
898 2222 943 2263 et
979 2230 1110 2277 quae
1147 2215 1272 2262 illa?
1325 2213 1562 2262 0111111110·
1604 2228 1718 2261 nam
1743 2214 1846 2260 etsi
1886 2212 2080 2277 apsides
2120 2221 2168 2262 et
2193 2214 2309 2262 nodi
2350 2217 2473 2264 emi-
2540 2243 2545 2282 3

222 2295 363 2350 grant
402 2303 427 2337 e
467 2287 654 2350 copulis
694 2294 742 2336 et
780 2289 976 2351 quadris
1015 2295 1149 2336 motu
1192 2286 1437 2346 continuo,
1478 2288 1546 2335 sic
1585 2293 1638 2334 ut
1676 2285 1812 2334 nulla
1851 2300 1963 2348 pars
2002 2289 2180 2336 mensis
2229 2286 2313 2335 alii
2353 2289 2484 2350 parti
2535 2289 2554 2346 ¹,

218 2360 389 2408 similis
428 2362 491 2408 sit
527 2363 575 2406 in
617 2360 934 2423 dispositione
972 2363 1182 2435 apogaei
1224 2359 1299 2408 vel
1340 2360 1454 2408 nodi
1493 2359 1555 2407 ad
1594 2359 1796 2422 phaseS,
1836 2359 2064 2421 fingimus
2091 2366 2267 2420 tamen,
2309 2359 2485 2424 dispo-
2533 2325 2547 2422 1

219 2435 443 2482 sitionem
484 2433 614 2481 banc
648 2440 750 2482 toto
790 2449 952 2483 mense
991 2448 1184 2482 manere
1224 2433 1387 2494 talem,
1430 2432 1589 2496 qualis
1623 2433 1868 2481 invenitur
1906 2431 1970 2480 ad
2008 2439 2304 2483 momentum
2342 2431 2477 2496 illud,
2532 2411 2542 2486 '¹

220 2506 283 2555 ad
323 2506 453 2570 quod
492 2506 660 2554 Lunae
700 2506 837 2555 locus
877 2514 950 2555 est
990 2505 1333 2568 dispiciendus.
2443 2509 2484 2551 it
2530 2504 2540 2544 i

370 2579 502 2642 Quid
538 2582 696 2642 iqitur
733 2581 957 2643 appellas
995 2586 1235 2637 odontes,
1290 2578 1414 2641 quid
1452 2577 1678 2641 quadras
1716 2583 1762 2625 et
1799 2577 1924 2640 quid
1959 2578 2203 2640 copulas?
2258 2566 2493 2637 Genera-⁸45
2529 2578 2536 2645 ξ

220 2654 329 2702 liter
379 2659 427 2701 et
476 2653 693 2701 technice
746 2656 924 2738 quovis
973 2655 1225 2716 proposito
1277 2659 1522 2700 momento
1575 2651 1747 2700 locove
1790 2651 1954 2699 Lunae
2006 2657 2118 2699 sunt
2169 2658 2348 2716 puncta
2393 2650 2535 2703 ili-i

222 2727 423 2785 orbitae,
463 2727 511 2773 in
553 2726 729 2788 quibus
770 2728 811 2774 si
850 2732 965 2774 tunc
1005 2733 1131 2774 esset
1174 2726 1327 2785 Luna,
1368 2724 1471 2773 Soli
1512 2723 1590 2772 vel
1629 2723 1760 2773 oetili
1801 2724 1878 2772 vel
1906 2724 2141 2787 quadrato
2171 2726 2246 2774 vel
2282 2723 2490 2775 trioctili·
2529 2713 2534 2773 ἶ

183 2840 189 2851 .
221 2807 423 2862 aspectu
463 2799 856 2861 configuraretur,
899 2799 976 2848 vel
1018 2797 1326 2861 copularetur
1365 2798 1522 2847 eidem
1562 2812 1618 2845 ex
1660 2797 1831 2846 eadem
1871 2798 1950 2846 vel
1989 2801 2214 2861 opposita
2251 2799 2434 2863 plaga.
2437 2801 2485 2846 4
2524 2792 2554 2830 ¹

363 2882 426 2926 Ut
454 2881 500 2924 in
532 2882 760 2926 schemate
790 2882 939 2937 89,111
971 2895 1059 2938 quo
1090 2882 1131 2926 A
1154 2881 1308 2929 Terra
1339 2880 1377 2923 B
1410 2886 1613 2924 centrum
1645 2880 1883 2924 eccentrici
1915 2881 1977 2935 D,
2018 2881 2056 2925 si
2089 2881 2165 2925 Sol
2196 2883 2255 2927 sit
2284 2883 2329 2927 in
2358 2880 2486 2936 limi}¹
2523 2848 2554 2901 ¹

222 2946 305 2989 ΑΗ
338 2953 383 2990 et
411 2947 543 2990 Luna
572 2948 617 2990 in
648 2948 688 2990 D
720 2946 792 2989 vel
821 2947 863 2990 N
894 2946 967 2991 vel
997 2947 1043 2990 in
1076 2946 1233 3001 quovis
1264 2945 1351 2990 alio
1384 2951 1551 3002 puncto
1585 2944 1768 2998 orbitae,
1799 2952 1908 2990 tunc
1937 2945 2015 2989 illa
2046 2945 2139 2990 vice
2169 2955 2338 3004 puncta
2357 2949 2402 2992 H
2427 2943 2485 3018 61
2521 2911 2552 2979 ¹

224 3012 263 3057 G
293 3012 432 3057 vicem
464 3019 624 3068 gerunt
656 3013 934 3071 copularum,
965 3014 988 3057 I
1018 3020 1064 3058 et
1094 3015 1137 3059 Κ
1167 3014 1308 3058 vicem
1341 3015 1634 3070 quadrarum,
1665 3013 1702 3057 L
1735 3013 1877 3058 vicem
1909 3013 2117 3060 octantis

369 3089 654 3152 Specialiter
693 3097 739 3139 et
777 3093 931 3139 rarius
971 3093 1078 3154 ipsa
1116 3092 1224 3140 loca
1251 3107 1473 3142 verarum
1512 3091 1738 3153 phasium
1764 3090 1949 3150 Lunae,
1990 3105 2192 3152 quarum
2220 3091 2483 3160 1111811118ώέ
2516 3082 2554 3144 lp

230 3176 324 3223 que
364 3177 451 3210 suo
491 3170 695 3233 apparet
733 3174 1000 3225 momento,
1049 3165 1125 3213 his
1175 3166 1451 3213 nominibus
1502 3166 1716 3213 veniunt.
1792 3163 1918 3211 Nam
1956 3162 2096 3212 Luna
2145 3166 2193 3211 in
2233 3165 2409 3228 copula
2428 3162 2483 3219 ἦ,
2515 3151 2523 3198 ¹

226 3233 340 3282 Sole
379 3238 622 3291 remotiori
661 3245 865 3299 apparet
903 3237 1074 3300 plena,
1128 3240 1174 3284 in
1217 3239 1491 3286 octantibus
1542 3237 1613 3284 illi
1664 3237 1896 3299 proximis
1947 3237 2120 3297 gibba,
2179 3240 2228 3285 in
2279 3236 2519 3300 quadris
2512 3226 2543 3262 ¹'

226 3301 389 3366 bifida,
430 3309 479 3355 in
519 3312 794 3358 octantibus
833 3311 935 3358 Soli
975 3312 1282 3373 propioribus
1319 3310 1500 3359 falcata
1538 3324 1625 3359 seu
1666 3316 1879 3369 cornuta,
1919 3323 2091 3369 graece
2115 3316 2387 3374 μηνοειδηςς
2414 3300 2519 3373 iti

229 3379 404 3441 copula
443 3382 649 3428 citeriori
690 3385 1026 3445 exstinguitur
1102 3384 1239 3432 Tunc
1278 3399 1394 3432 vero
1435 3384 1627 3431 nonnisi
1665 3382 1869 3430 abusive
1908 3381 2216 3442 quadrantes,
2258 3372 2517 3432 octauum?

227 3452 306 3500 vel
344 3451 631 3500 semiciiculi
670 3455 763 3504 dici
802 3463 1007 3517 possunt
1044 3471 1182 3504 arcus
1222 3457 1482 3518 interjecti,
1525 3458 1703 3518 quippe
1743 3456 1788 3500 in
1830 3452 2053 3515 ecliptica
2090 3455 2238 3517 paulo
2263 3458 2483 3504 minores
2507 3441 2550 3507 ¹

228 3531 341 3572 sunt
378 3526 478 3572 suis
517 3525 649 3573 hisce
687 3530 978 3589 nominibuS,
1019 3531 1066 3576 in
1106 3530 1264 3577 orbita
1307 3543 1418 3577 vero
1459 3530 1726 3578 eccentrica
1761 3525 1931 3575 Lunae
1958 3527 2166 3589 majores
2204 3535 2340 3592 parte
2378 3529 2513 3580 cm·

228 3588 346 3651 citer
370 3596 688 3674 duodecima,
727 3607 780 3647 ut
819 3615 877 3648 ex
916 3603 1231 3663 sequentibus
1268 3603 1501 3664 patebit.
2015 3617 2025 3630 ·
2302 3634 2306 3635 ν
2418 3599 2462 3644 *1-
2503 3564 2541 3691 ¹

830 3718 914 3765 De
951 3719 1416 3781 inaequalitate
1454 3724 1864 3779 temporanea.
2431 3702 2433 3706 Α
2445 3730 2508 3781 1

386 3818 494 3878 Quo
529 3819 586 3865 in
622 3819 723 3866 situ
761 3815 943 3865 Lunae
976 3821 1183 3881 patescit-
1218 3820 1557 3882 inaequalitas
1594 3822 1924 3882 temporanea
1961 3824 2007 3867 et
2030 3818 2312 3882 eujusmodi
2342 3815 2481 3886 faut
