2560 4100
221 163 286 207 20
840 151 1073 210 Epistolae
1103 150 1291 210 Kepleri
1323 151 1601 208 aliorumque
1629 156 1823 199 mutuae.

215 305 398 366 tiquam
435 301 671 350 haeresin.
735 304 814 360 (Ex
834 305 978 360 *literis
1010 309 1050 350 d.
1082 311 1151 350 26.
1183 311 1283 360 Apr.
1320 305 1459 360 1615.)
1518 306 1722 357 Keplerus
1755 308 1894 344 contra
1921 304 2085 347 Hizleri
2115 306 2322 347 decretum
2353 319 2451 358 pro-

217 377 384 413 vocavit
413 374 464 412 ad
495 371 795 411 Consistorium
825 372 1254 423 Wiirttembergicum,
1284 374 1497 412 Hizlerum
1518 382 1729 424 accusans,
1761 370 1822 408 nil
1844 382 1938 410 vero
1959 371 2134 420 profecit
2163 374 2266 410 teste
2280 381 2430 419 respon

216 434 330 471 sicne
362 430 618 482 Consistorii,
650 441 776 481 quam
807 431 918 469 idem
947 432 1020 470 ille
1050 432 1156 471 liber
1180 430 1380 471 Fischlini
1413 430 1591 468 exhibet.
1652 427 1840 467 Ceterum
1870 433 2012 478 postea
2040 431 2085 468 in
2106 430 2281 478 gratiam
2299 426 2454 466 Hizleri

192 491 384 529 «rediisse
413 489 576 527 videtur
605 487 833 542 Keplerus‚
880 501 973 528 cum
1002 501 1085 528 non
1115 493 1276 528 tantum
1307 488 1475 527 Crusius
1507 485 1597 538 (qui
1625 487 1804 536 Keplero
1834 485 2078 535 Berneggeri
2106 488 2198 525 loco
2229 486 2454 536 respondit.

217 547 296 586 Cfr.
314 547 494 587 Hansch.
527 558 567 597 p.
588 546 671 585 620
704 545 773 599 SS.)
805 545 963 599 aliique
995 549 1156 598 saepius
1187 546 1409 598 Keplerum
1441 545 1660 597 petierint,
1691 548 1740 583 ut
1770 543 1944 583 salutem
1975 544 2130 583 diceret
2157 544 2351 594 Hizlero,
2382 544 2453 583 sed

212 607 301 655 ipse
349 606 472 643 etiam
508 602 711 654 Keplerus
750 606 797 643 111
834 605 1049 644 literarum
1086 618 1191 657 quas
1228 605 1351 643 modo
1391 602 1678 653 praemisimus
1709 602 1763 641 ad
1792 601 2091 651 Bemeggerum
2121 603 2310 642 datarum
2338 606 2453 653 post—

212 670 364 718 saripto
395 671 568 710 scribat:
622 663 838 711 Salutem
887 664 1056 712 Crusio
1089 665 1237 726 jussit
1274 663 1546 711 adscribere
1585 661 1648 711 D.
1688 662 1816 709 Dan.
1854 660 2034 722 Hizler,
2071 661 2454 726 praeclarissime

211 733 457 796 pollicitus
497 748 709 798 operam,
748 738 790 784 si
829 751 926 799 qua
961 739 1012 784 in
1050 751 1100 785 re
1138 739 1293 800 possit
1330 735 1402 782 illi
1440 732 1699 798 prodesse,
1736 732 2042 796 praedicator
2080 734 2184 800 ejus
2224 733 2457 783 donorum

212 813 259 856 et
296 805 591 871 diligentiae,

358 877 766 927 Gringalletum
796 881 965 930 Kepleri
997 881 1252 919 conditiones
1284 880 1492 929 accepisse
1524 879 1588 918 his
1618 879 1792 917 nunciat
1813 876 1980 917 Crusius
2012 878 2212 928 Keplero:
2251 877 2306 919 Ι).
2330 878 2454 917 Grin-

215 937 394 985 galletus
425 935 602 976 salutem
635 942 676 976 et
704 933 844 977 officia
877 950 950 977 sua
980 939 1263 988 promtissima
1292 939 1373 976 tibi
1402 949 1475 988 per
1504 949 1570 976 me
1598 937 1790 976 nunciati
1819 937 1955 988 petiit,
1987 947 2111 988 seque
2134 948 2184 975 ea
2205 935 2454 989 conditione,

215 1006 343 1047 quam
373 995 456 1045 ipsi
486 993 697 1045 obtulisti,
738 997 917 1035 maxime
957 1008 1044 1035 esse
1078 999 1317 1035 contentum
1349 996 1451 1035 dicit
1481 1000 1522 1035 et
1549 995 1606 1035 ad
1634 998 1823 1034 nostrum
1852 994 2009 1044 pascha
2037 995 2127 1033 Deo
2158 993 2323 1034 volente
2352 994 2454 1033 Lin-

216 1055 326 1092 cium
357 1065 399 1092 se
431 1053 625 1095 conferet.
687 1053 876 1093 Habebis
907 1055 1137 1108 hominem,
1186 1059 1232 1093 ut
1263 1066 1409 1108 spero,
1456 1054 1704 1104 deligentem
1735 1057 1775 1092 et
1806 1053 1971 1091 doctum
2001 1054 2252 1105 negotioque
2282 1058 2378 1102 tuo,
2410 1053 2455 1091 in

211 1123 294 1164 quo
325 1112 524 1165 versaris,
572 1123 655 1150 non
683 1110 889 1152 inutilem.
951 1113 1028 1161 (Ex
1069 1111 1200 1152 literis
1242 1113 1282 1154 d.
1326 1113 1402 1155 ΙΙΙ.
1442 1112 1547 1151 Νοιι.
1578 1112 1719 1151 Martii
1752 1109 1896 1163 1617.)
1957 1109 2150 1150 Calendis
2179 1111 2283 1160 Maji
2313 1111 2456 1150 scribit

212 1169 402 1211 Crusius:
449 1170 582 1208 Tuum
611 1181 852 1219 responsum
883 1170 935 1209 ad
965 1182 1078 1209 meas
1109 1171 1295 1223 quotidie
1327 1174 1532 1221 exspecto.
1594 1171 1647 1211 D.
1680 1167 1980 1218 Gringalletum
2011 1171 2096 1219 Jam
2124 1170 2204 1208 tibi
2234 1170 2452 1222 mittimus,

210 1239 292 1281 quo
322 1229 410 1266 viro
442 1232 482 1266 et
512 1228 632 1266 docto
665 1233 704 1267 et
734 1229 906 1267 honesto
935 1230 978 1267 in
1009 1231 1187 1277 negotiis
1218 1230 1299 1268 tuis
1331 1230 1615 1268 astronomicis
1649 1240 1698 1268 ex
1737 1231 1834 1266 voto
1873 1229 1935 1267 uti
1978 1228 2154 1278 poteris,
2201 1232 2242 1266 et
2269 1225 2455 1276 gratulor

210 1286 458 1325 astronomis
490 1286 539 1325 de
570 1286 742 1325 Tabulis
771 1285 1072 1340 Rudolphaeis‚
1104 1299 1205 1336 quas
1234 1290 1319 1337 Jam
1348 1293 1425 1326 tua.
1454 1298 1572 1339 cura,
1604 1287 1727 1336 hujus
1758 1286 1890 1325 nostri
1919 1284 2163 1335 Gringalleti
2193 1284 2353 1325 auxilio
2386 1285 2452 1324 di-

207 1343 383 1441 ggenti,
431 1344 669 1394 propediem
715 1342 848 1384 lucem
879 1346 1036 1385 visuras
1067 1352 1181 1396 puto.
1242 1346 1336 1396 Ipse
1380 1346 1582 1396 Keplerus
1627 1344 1852 1384 adventum
1892 1342 2137 1393 Gringalleti
2176 1343 2242 1384 his
2283 1344 2454 1384 nunciat

248 1413 488 1451 erneggero:

353 1461 402 1510 S.
440 1461 495 1509 P.
537 1462 599 1509 D.
677 1460 868 1510 Gratias
907 1476 1000 1526 ago
1038 1463 1152 1523 tibi,
1204 1464 1356 1512 amice
1394 1461 1728 1525 Berneggere,
1755 1494 1757 1497 .
1782 1463 1866 1523 qui
1917 1475 1994 1511 me
2048 1461 2268 1510 liberasti
2307 1475 2452 1511 onere

192 1532 449 1583 vscribendi
487 1533 549 1582 ad
587 1539 634 1581 te
673 1537 884 1597 integras
926 1535 1171 1598 epistolae,
1212 1537 1493 1585 transmisso
1534 1534 1597 1583 ad
1634 1549 1727 1595 me,
1768 1536 1851 1597 qui
1876 1533 2139 1583 schedulae
2164 1549 2303 1583 meae
2330 1549 2452 1597 ope-

210 1609 466 1656 rimentum
503 1607 667 1655 faciat.
741 1606 952 1670 Pragam
989 1609 1058 1655 ivi
1099 1609 1144 1656 8.
1183 1607 1366 1669 Martii,
1406 1614 1639 1659 evocatus
1677 1623 1708 1656 a
1747 1607 1983 1668 Caesare,
2031 1605 2151 1656 redii
2190 1608 2273 1655 26.
2315 1606 2454 1670 Maji‚

211 1679 406 1730 octiduo
444 1686 554 1742 post
593 1677 922 1742 Gringalletus
962 1680 1177 1741 advenit,
1216 1680 1345 1731 laeto
1384 1689 1438 1731 ut
1462 1695 1569 1732 reor
1593 1681 1813 1744 auguri0.
1892 1679 2013 1742 Quis
2041 1679 2220 1741 credat,
2261 1681 2454 1743 Argen-

210 1755 312 1802 tina
347 1752 467 1800 mihi
504 1751 722 1801 subsidia
759 1754 1068 1802 consiliorum
1107 1753 1408 1817 suppeditari
1447 1754 1511 1803 ad
1548 1752 1851 1814 absolvenda
1887 1767 1997 1802 mea
2043 1751 2246 1802 studia?
2307 1752 2455 1801 Initia

210 1828 316 1890 spei
352 1825 633 1889 plenissima
669 1832 807 1888 sunt3
869 1827 1011 1876 faxit‘·
1028 1827 1162 1876 Deus
1175 1862 1186 1888 ,
1235 1833 1289 1876 ut
1335 1834 1539 1878 eventus
1576 1825 1867 1891 respondeat
1904 1839 2133 1889 novaque
2171 1831 2457 1876 averruncet

209 1899 568 1963 impedimenta.

354 1971 546 2020 Literae
585 1979 697 2020 tuae
736 1973 918 2034 priores
956 1972 1127 2022 Lincio
1163 1972 1284 2021 mihi
1323 1973 1529 2037 Pragam
1579 1978 1692 2022 sunt
1729 1974 1908 2021 missae
1935 1977 2004 2037 xet
2040 1972 2270 2021 remissae
2310 1987 2340 2021 a
2377 1986 2453 2021 me

212 2045 274 2094 ad
314 2043 580 2093 Guraldum
619 2047 708 2103 (cfr.
739 2051 811 2090 IV.
840 2063 880 2102 p.
916 2053 998 2091 127
1031 2056 1072 2092 et
1101 2049 1367 2101 Hanschium
1396 2064 1436 2103 p.
1469 2048 1599 2105 622),
1650 2044 1737 2094 sed
1786 2045 1935 2094 finitis
1972 2044 2224 2105 nundinis,
2276 2058 2326 2094 re
2365 2059 2454 2093 cu-

212 2124 332 2167 rata.
408 2117 582 2180 Itaque
622 2117 869 2167 Guraldus
910 2119 1288 2169 offensiunculae
1327 2117 1582 2182 cujusdam
1618 2120 1758 2182 signa
1795 2117 1928 2168 dedit
1953 2118 2003 2165 in
2027 2119 2274 2181 rescripto.
2332 2114 2456 2181 Opi-

211 2206 298 2242 nor
335 2197 527 2251 tamen,
588 2193 794 2240 tonsoris
849 2192 1084 2241 rationem
1134 2206 1231 2242 non
1271 2207 1378 2241 esse
1416 2191 1667 2252 habitam,
1723 2205 1812 2240 nec
1851 2190 2098 2240 Guraldus
2135 2192 2184 2238 in
2222 2192 2454 2254 rescripto

213 2265 330 2314 facit
369 2265 473 2327 ejus
511 2266 821 2313 mentionem.
896 2264 1071 2327 Itaque
1109 2272 1227 2322 tuas,
1258 2279 1344 2328 per
1382 2262 1737 2328 Gringalletum
1773 2265 1949 2314 missas
1976 2265 2220 2313 transmisi
2245 2263 2307 2312 ad
2334 2263 2455 2311 Am-

211 2340 425 2385 monium
462 2338 512 2383 in
551 2336 762 2401 Styx-iam
799 2352 897 2385 una
936 2353 1044 2387 cum
1082 2339 1144 2387 D.
1185 2339 1341 2387 Crusii
1378 2338 1554 2399 literis,
1593 2338 1672 2387 cui
1707 2351 1837 2386 nunc
1873 2352 1959 2401 per
1996 2343 2045 2387 te
2083 2336 2315 2399 salutem,
2356 2336 2456 2386 alia

211 2411 318 2460 vice
356 2410 576 2459 scribam.
651 2410 792 2459 Vale.
868 2418 982 2467 (Dies
1013 2419 1156 2465 deest.)

358 2482 659 2530 Gringalletum
689 2483 899 2531 negotium
929 2483 1012 2522 sibi
1042 2483 1282 2522 mandatum
1313 2483 1368 2522 ad
1398 2486 1539 2523 votum
1570 2480 1804 2534 perfecisse,
1836 2493 1887 2521 ex
1918 2483 2106 2533 epistolis
2137 2483 2225 2532 ejus
2255 2480 2310 2520 ad
2339 2481 2454 2532 Kep-

213 2541 342 2580 lerum
374 2544 415 2579 et
442 2538 613 2590 Kepleri
642 2541 694 2580 ad
722 2542 1019 2590 Berneggerum
1052 2542 1157 2581 datis
1189 2546 1370 2591 apparet.
1433 2541 1635 2592 Keplerus
1682 2552 1763 2591 quo
1808 2543 1992 2591 tempore
2038 2538 2320 2589 Gringalletus
2349 2540 2453 2579 Lin-

214 2601 323 2639 cium
352 2599 490 2647 venit,
535 2598 708 2647 Pragam
753 2611 776 2637 a
807 2598 983 2639 Caesare
1013 2599 1194 2639 Matthia
1223 2603 1391 2640 vocatus
1424 2604 1486 2639 est
1515 2603 1556 2639 et
1587 2599 1844 2648 Gringalleto
1876 2610 2016 2638 curam
2047 2597 2384 2638 Calendariorum
2417 2602 2457 2637 et

212 2657 581 2708 Ephemeriduma·
602 2668 678 2696 nec
718 2668 803 2696 non
844 2670 980 2697 rerum
1012 2659 1329 2698 domesticarum
1359 2658 1558 2708 tradidit,
1610 2669 1701 2697 cum
1733 2657 1904 2698 Octobri
1933 2669 2093 2710 mense,
2126 2660 2173 2695 ut
2206 2657 2328 2695 matri
2360 2668 2457 2696 suae

217 2719 381 2765 praesto
414 2715 468 2753 sit
495 2715 541 2753 in
572 2726 699 2754 causa
728 2715 783 2754 ad
814 2715 949 2755 forum
981 2717 1131 2770 delata,
1162 2717 1205 2755 in
1239 2716 1628 2766 Wiirttembergiam
1656 2716 1864 2767 profectus
1894 2714 2028 2757 fuerit.
2092 2713 2248 2766 (Comp.
2278 2714 2312 2756 1.
2347 2712 2458 2766 661.)

218 2773 467 2825 Priusquam
498 2773 646 2813 Lincio
678 2773 782 2812 abiit
812 2775 914 2813 haec
946 2775 1059 2814 dedit
1090 2776 1364 2825 Berneggero:

360 2831 409 2880 S.
449 2831 504 2878 P.
545 2833 606 2880 D.
683 2832 960 2883 Clarissime
999 2837 1084 2882 vir.
1160 2833 1485 2897 Ephemerida
1521 2835 1571 2882 in
1610 2847 1789 2882 annum
1832 2832 1967 2880 1618
2005 2833 2147 2880 novis
2173 2834 2303 2896 typis
2329 2831 2459 2880 edidi

216 2905 503 2967 paginarum
543 2907 601 2966 43
643 2911 946 2955 sumtuosum
985 2906 1286 2970 opusculum.
1326 2910 1327 2913 ’
1363 2907 1539 2970 Itaque
1577 2906 1620 2956 si
1657 2912 1787 2971 sunt,
1824 2907 1907 2967 qui
1945 2903 2124 2954 babere
2150 2907 2360 2968 cupiant,
2398 2905 2459 2953 iis

218 2977 425 3037 indiceS,
482 2976 559 3025 die
609 2979 691 3025 23.
740 2978 873 3042 Sept.
931 2980 1205 3029 absolutam
1256 2986 1305 3030 et
1350 2980 1443 3029 hoc
1482 2980 1559 3030 die
1602 2982 1646 3029 1.
1689 2978 1796 3028 Oct.
1834 2978 2133 3040 Noribergae
2172 2992 2279 3027 esse
2315 2991 2460 3041 posse

219 3049 349 3112 apud
388 3048 718 3097 Abrahamum
755 3050 1176 3116 Wagenmannum
1226 3059 1274 3103 et
1321 3067 1407 3117 per
1457 3067 1567 3103 eum
1611 3052 1760 3139 paulo
1808 3055 1922 3115 post
1968 3051 2279 3101 Frankofurti
2330 3050 2461 3115 apud

218 3121 281 3171 G.
321 3121 569 3185 Tampach
609 3121 802 3171 dictum.

362 3193 661 3243 Introductio
701 3195 868 3244 debuit
906 3197 1020 3246 addi
1061 3213 1169 3247 cum
1207 3197 1528 3262 Ephemeride
1565 3197 1712 3260 hujus
1751 3198 1864 3246 anni
1906 3193 2064 3254 1617,
2104 3195 2190 3245 sed
2226 3210 2336 3259 spes
2375 3211 2462 3245 ex·-

225 3267 431 3316 cudendi
458 3273 588 3315 certa
624 3268 839 3315 nondum
878 3277 1094 3332 apparet.
1172 3270 1346 3334 Cogito
1385 3272 1635 3321 annuatim
1671 3271 1880 3320 scribere
1917 3268 2150 3332 singulas,
2187 3283 2300 3317 nam
2326 3283 2463 3317 sum-

222 3340 352 3397 tibus
388 3353 484 3388 non
524 3339 725 3388 sufficio.
804 3340 1131 3404 Gringalletus
1183 3347 1426 3407 egregiam
1472 3349 1690 3408 praestat
1738 3356 1948 3405 operam.
2023 3341 2272 3404 Epitomes
2325 3351 2462 3390 meae

218 3426 332 3475 pars
356 3412 620 3475 sphaerica,
660 3414 832 3461 misere
870 3414 1037 3463 habita
1074 3418 1444 3479 atypographo‚
1487 3416 1825 3479 sculptoribus,
1866 3419 2146 3475 correctore,
2172 3428 2249 3463 me
2273 3414 2462 3476 Pragae

222 3486 439 3544 absente,
478 3499 603 3532 nunc
642 3485 838 3534 tandem
874 3487 1049 3549 prodit,
1088 3489 1182 3535 nisi
1209 3488 1450 3552 Criigerus
1475 3488 1760 3551 bibliopola,
1803 3488 1887 3550 qui
1923 3492 2110 3536 sumtus
2146 3487 2274 3547 fecit,
2316 3489 2463 3535 etiam

221 3564 372 3606 nunc'
396 3571 528 3605 more
578 3571 667 3605 suo
722 3561 1000 3608 occasiones
1046 3559 1267 3622 negligat
1317 3562 1574 3612 exhibendi
1624 3561 1947 3610 Frankofurti.
2021 3559 2148 3608 Vale
2188 3558 2464 3609 Clarissima

224 3630 313 3679 Vir
347 3643 520 3692 meque
561 3645 685 3678 ama.
761 3631 822 3678 D.
870 3635 911 3679 1.
953 3630 1061 3680 Oct.
1105 3630 1259 3680 1617.
1335 3635 1507 3684 Lincii.

366 3702 530 3741 Aer-arii
572 3702 732 3752 publici
772 3704 953 3742 tenuitas
995 3708 1034 3742 et
1077 3715 1140 3742 res
1187 3706 1380 3754 publicae
1422 3708 1572 3746 mirum
1601 3706 1646 3744 in
1675 3704 1844 3745 modum
1873 3706 2064 3743 turbatae
2093 3702 2179 3744 illis
2209 3707 2464 3755 temporibus

225 3760 395 3810 Kepleri
426 3771 590 3812 quoque
621 3761 753 3799 otium
782 3762 1026 3800 literarium
1041 3762 1264 3811 plurimum
1294 3766 1528 3819 turbabant,
1559 3764 1619 3802 ita
1648 3767 1695 3802 ut
1723 3764 1795 3802 vix
1826 3764 2007 3811 haberet,
2039 3773 2122 3814 quo
2150 3761 2351 3804 familiam
2373 3766 2462 3804 ale-

224 3822 312 3868 ret,
357 3829 490 3870 neque
533 3830 639 3870 quae
683 3818 936 3868 Gringalleto
984 3820 1230 3870 promiserat
1273 3827 1482 3870 praestare
1526 3825 1680 3872 posset.
1739 3821 1890 3860 Martio
1935 3821 2044 3860 1619
2077 3821 2220 3860 scribit
2250 3821 2461 3864 Blanch0:

230 3888 347 3925 „cum
378 3877 417 3916 ei
446 3887 529 3917 non
560 3876 798 3932 satisfacerp
829 3879 1010 3933 possim,
1053 3878 1235 3919 desertus
1266 3890 1290 3917 a
1321 3878 1606 3933 Caesareanis,
1637 3879 1689 3920 da
1720 3879 1918 3921 diuturna
1948 3880 2035 3929 ejus
2063 3881 2299 3930 praesentia
2331 3884 2462 3921 certus
