2554 4140
98 1118 421 1178 Admodum
459 1119 839 1190 ReverendiS,
887 1118 1208 1178 Illustribus
1255 1118 1585 1191 GenerosiS,
1633 1120 2007 1179 Nobilissimis
2061 1121 2339 1193 StrenuiS‚

100 1221 397 1280 Nobilibus
443 1222 827 1282 Prudentibus
875 1226 982 1282 etc.
1053 1221 1321 1293 DominiS‚
1369 1221 1800 1282 Archiducatus
1846 1221 2118 1281 Austriae
2166 1238 2340 1296 supra

327 1322 576 1383 Onasum
618 1322 928 1383 Ordinibus
975 1326 1082 1383 etc.
1174 1321 1427 1382 Dominis
1473 1324 1612 1381 meis
1661 1322 2115 1383 Gratiosissimis

247 1477 391 1540 Quod
422 1477 711 1540 jamdudum
747 1486 860 1543 post
898 1479 1029 1529 edita
1049 1493 1160 1528 mea
1197 1477 1256 1528 de
1295 1477 1507 1527 motibus
1528 1477 1699 1526 stellae
1726 1477 1941 1526 Martis
1982 1479 2340 1540 commentaria,

104 1549 424 1601 suadentibus
461 1553 630 1600 amicis
669 1554 993 1602 astronomiae
1030 1553 1212 1615 peritis,
1250 1551 1470 1601 factitare
1508 1552 1660 1614 coepi,
1708 1556 1760 1599 ut
1795 1564 1975 1599 novam
2012 1550 2146 1600 illam
2183 1557 2343 1601 astro-

101 1626 296 1673 nomiae
334 1625 425 1673 sub
462 1623 790 1688 Rudolpho
829 1625 1039 1675 Caesare
1089 1623 1386 1674 restauratae
1424 1623 1625 1672 formam
1665 1623 1950 1687 compendio
2001 1624 2343 1688 complecterer

104 1707 153 1747 et
181 1698 445 1746 minoribus
484 1699 625 1760 quasi
651 1697 895 1748 subselliis
931 1697 1359 1759 accommodarem,
1400 1704 1467 1757 ut,
1507 1699 1621 1760 quia
1647 1710 1742 1745 non
1768 1696 1958 1746 felicius
1984 1697 2185 1747 discitur
2220 1697 2343 1748 haec

99 1772 336 1831 scientia,
377 1784 523 1833 quam
561 1772 617 1832 si,
657 1773 743 1834 qui
778 1771 985 1821 fructum
1007 1770 1113 1835 ejus
1152 1770 1587 1835 adultipercipere
1626 1771 1851 1834 cupiunt,
1899 1771 1949 1817 in
1986 1785 2046 1819 ea
2080 1777 2342 1820 sementem

99 1845 240 1906 pueri
295 1843 503 1904 faciant,
558 1843 704 1892 simul
757 1843 830 1892 illi
882 1851 930 1893 et
979 1843 1214 1893 facilitate
1260 1842 1699 1907 comprehensionis
1753 1849 1800 1892 et
1844 1844 1985 1905 pretii
2025 1842 2341 1893 diminutione

102 1917 346 1979 copiaque
379 1916 517 1979 justa
555 1916 903 1980 exemplarium
934 1917 1247 1980 juvarentur,
1287 1916 1337 1964 id
1361 1922 1476 1965 tunc
1510 1915 1590 1965 vel
1624 1917 1830 1965 maxime
1854 1915 2199 1979 perficiendum
2225 1916 2343 1965 mihi

97 1991 294 2050 censui,
337 1995 599 2052 postquam
636 1992 948 2040 concessione
985 1989 1066 2039 8⁸⁸
1112 1990 1195 2039 0⁸0
1234 1988 1341 2038 M²¹⁸
1397 1995 1444 2038 et
1480 1988 1772 2061 liberalitate
1810 1996 1990 2049 vestra,
2029 1989 2343 2051 ProcereS,

102 2062 329 2110 Lincium
366 2061 658 2125 translatus,
710 2064 838 2113 fores
873 2063 992 2112 mihi
1028 2064 1327 2127 patefactum
1365 2064 1421 2111 iri
1459 2063 1678 2125 speravi,
1730 2061 2092 2112 Nobilissimam
2132 2068 2343 2112 vestram

0 2154 3 2158 ¹
92 2135 405 2197 juventutem
454 2142 677 2186 oretenus
723 2139 774 2184 in
810 2137 903 2186 hac
940 2138 1143 2186 scientia
1191 2134 1491 2187 instituendi.
1571 2134 1862 2199 Quanquam
1909 2151 1969 2185 ne
2016 2135 2109 2185 hoc
2148 2135 2342 2199 quidem

101 2210 311 2257 transitu
346 2222 456 2258 meo
493 2224 657 2259 morae
707 2209 976 2259 studiorum
1013 2224 1228 2260 meorum
1265 2208 1669 2274 publicandorum
1718 2222 1886 2258 omnes
1933 2209 2065 2258 fuere
2103 2208 2340 2258 sublatae.

105 2279 226 2330 Cum
268 2283 393 2330 enim
430 2281 704 2332 laboriosae
741 2297 839 2333 non
875 2285 1036 2332 minus
1075 2298 1220 2347 quam
1257 2288 1538 2332 sumtuosae
1583 2284 1680 2331 sint
1717 2281 1952 2331 editiones
1989 2282 2340 2344 hujuscemodi,

99 2368 158 2403 ex
215 2368 314 2403 una
348 2359 486 2418 parte
531 2355 771 2418 solitud0,
825 2371 885 2406 ex
932 2356 1086 2406 altera
1137 2357 1295 2405 tenuis
1345 2370 1432 2405 res
1459 2370 1569 2405 mea
1630 2354 1911 2404 difficillima
1959 2355 2075 2404 mihi
2129 2356 2345 2405 fecerunt

97 2428 342 2492 principia
363 2444 375 2490 3
413 2430 675 2493 pepigique
700 2431 988 2479 necessitate
1014 2429 1292 2493 compulsus
1319 2444 1427 2480 cum
1455 2427 1725 2491 bibliopola
1750 2427 2058 2492 Augustano,
2097 2435 2152 2478 ut
2177 2444 2342 2479 exem—

97 2498 239 2563 plum
279 2500 528 2563 Epitomes
565 2502 712 2565 hujus
764 2501 928 2553 ederet
975 2505 1077 2551 suis
1116 2503 1380 2563 sumtibuS,
1436 2500 1567 2564 quod
1605 2507 1654 2551 et
1698 2516 1750 2551 se
1787 2502 2024 2551 facturum
2064 2504 2245 2565 recepit
2296 2509 2344 2551 et

101 2573 361 2637 Epitomen
417 2573 544 2624 hanc
587 2575 919 2625 'nundinarum
964 2575 1439 2626 Francofurtensium
1502 2574 1726 2638 catalogo
1787 2581 1900 2625 ante
1957 2575 2079 2625 duos
2132 2575 2341 2638 amplius

106 2659 262 2695 annos
299 2648 517 2697 inseruit.
594 2647 914 2697 Commodum
952 2655 1115 2698 autem
1153 2650 1434 2712 supervenit
1471 2647 1612 2696 nobis
1651 2647 2008 2713 typographus,
2060 2662 2157 2710 quo
2196 2662 2340 2711 prae-

103 2725 241 2768 sente
277 2719 397 2768 mihi
435 2723 731 2771 correctione
769 2724 874 2786 typi
921 2726 970 2770 et
1005 2721 1261 2786 multiplici
1301 2721 1557 2771 relectione
1604 2723 1797 2785 speravi
1845 2735 1922 2770 me
1959 2721 2246 2784 perfectiora
2294 2727 2342 2771 et

99 2791 429 2842 emendatiora
468 2794 631 2843 omnia
669 2794 1010 2844 exhibiturum.
1084 2795 1237 2858 Atqui
1276 2801 1443 2844 contra
1482 2793 1752 2860 bibliopola
1788 2808 1925 2843 meus
1961 2795 2170 2857 gravari,
2210 2793 2342 2857 quod

97 2863 254 2914 Lincii
292 2872 479 2914 sumtus
519 2872 683 2915 essent
718 2867 925 2917 faciendi
967 2874 1015 2917 et
1051 2868 1263 2931 majores
1303 2874 1350 2917 et
1375 2869 1649 2931 importuno
1678 2866 1800 2928 1000,
1840 2881 1999 2929 neque
2023 2873 2184 2917 tamen
2220 2866 2340 2915 mihi

94 2940 336 2988 remittere
375 2939 671 3004 pactionem,
707 2954 867 3003 neque
899 2940 999 3004 juri
1036 2955 1125 2990 suo
1165 2941 1224 2990 de
1261 2940 1429 2990 libello
1470 2938 1751 2989 excudendo
1791 2940 2088 3001 renunciare,
2129 2940 2339 2990 factum—

95 3024 188 3073 que
226 3012 614 3061 cunctationibus
651 3014 824 3074 variis,
879 3020 933 3062 ut
968 3013 1091 3063 haec
1127 3013 1280 3064 solius
1319 3012 1565 3063 doctrinae
1603 3012 1885 3075 sphaericae
1933 3012 2082 3062 editio
2135 3027 2223 3063 nec
2261 3015 2340 3061 in-

95 3085 331 3147 ciperetur
368 3091 479 3134 ante
517 3087 863 3148 sesquiannum
901 3100 932 3135 a
967 3088 1193 3149 pactione
1231 3091 1398 3135 nostra
1435 3091 1483 3135 et
1520 3086 1712 3149 incepta
1748 3085 1876 3136 ultra
1914 3100 2093 3135 anuum
2132 3086 2339 3136 alterum

96 3156 387 3219 traheretur,
428 3156 649 3221 adeoque
687 3159 780 3207 nisi
820 3164 1005 3223 partem
1044 3165 1290 3209 sumtuum
1328 3160 1433 3223 ipse
1459 3158 1845 3221 suppeditassem
1882 3173 2151 3224 operasque
2191 3174 2336 3222 quam

98 3232 235 3292 potui
271 3231 687 3281 commodissimas
726 3228 844 3299 (etsi
883 3231 1107 3282 meliores
1141 3227 1336 3297 optavi)
1377 3230 1731 3294 conduxissem,
1771 3232 2050 3297 imperfecta
2076 3234 2339 3283 etiamnum

97 3308 306 3353 exstaret
342 3303 507 3355 editio.
1718 3306 1721 3309 ’

232 3376 342 3426 Non
381 3376 526 3427 debet
563 3383 726 3428 autem
764 3376 951 3426 inutilis
991 3375 1070 3425 vel
1110 3379 1271 3426 otiosa
1310 3375 1463 3426 videri
1501 3379 1723 3440 repetitio
1752 3380 1847 3428 ista
1882 3377 2128 3428 doctrinae
2155 3377 2336 3442 sphae-

17 3460 25 3517 ‘‚
93 3448 242 3510 ricae,
283 3452 423 3513 quasi
461 3457 573 3515 post
611 3457 829 3501 veterum
855 3448 1084 3509 Euclidis,
1125 3449 1279 3510 Arati,
1322 3448 1612 3513 Cbleomcdis,
1652 3450 1860 3513 Gemini,
1899 3452 2076 3513 Procli,
2118 3451 2334 3501 Theonis

22 3521 25 3542 ³
96 3525 455 3586 conceptiones,
511 3530 598 3573 aut
640 3531 753 3588 post
789 3524 1130 3581 recentiorum,
1184 3520 1480 3572 Sabrobosci
1523 3525 1745 3574 nimirum
1796 3531 1844 3574 et
1895 3524 2188 3574 infinitorum
2228 3524 2334 3586 ejus

24 3631 28 3646 .
97 3602 520 3645 commentatorum
571 3598 790 3660 interque
840 3610 925 3646 eos
977 3594 1242 3643 doctissimi
1296 3600 1344 3644 et
1401 3597 1721 3659 copiosissimi
1776 3597 2110 3661 christophori
2162 3597 2336 3656 (flavii,

26 3678 30 3720 ε
95 3662 383 3716 Hartmanni
422 3671 568 3718 etiam
607 3675 656 3719 et
693 3669 952 3732 Virdungi,
993 3668 1240 3717 Wurstisii
1281 3674 1327 3718 et
1364 3668 1581 3727 Peuceri,
1622 3670 2018 3720 Schreckenfuxii
2058 3677 2106 3720 et
2144 3669 2338 3719 Piccol-
2431 3683 2436 3695 ¹

94 3735 318 3802 hominei,
356 3741 576 3804 Brucaei,
616 3742 922 3803 Winshemii,
962 3739 1207 3789 Maestlini
1246 3747 1293 3789 et
1329 3744 1580 3791 novissimi
1609 3745 1822 3793 omnium
1847 3743 1988 3792 Metii
2008 3745 2334 3807 repetitiones,

95 3818 204 3873 post
238 3812 551 3876 Peurbachii,
605 3814 868 3865 Reinholdi
917 3820 967 3864 et
1005 3812 1123 3862 Simi
1161 3809 1447 3876 Theoricas,
1502 3829 1650 3864 causa
1686 3816 1822 3864 nulla
1870 3821 2042 3877 restet,
2097 3829 2180 3863 cur
2214 3814 2336 3863 haec

97 3881 310 3935 doctrina
350 3887 708 3950 compendiaria
747 3888 905 3938 denuo
947 3885 1176 3936 tradatur.
1253 3885 1374 3935 Nam
1402 3889 1570 3950 prim0,
1612 3890 1700 3936 etsi
1740 3888 1859 3937 nihil
1895 3889 2182 3937 accessisset
2220 3888 2333 3934 novi

1916 3974 1989 4022 8¹26
