2554 4140
263 191 291 239 3
305 190 366 237 16
1081 187 1314 246 Epitomes
1346 188 1662 235 Astronomiae

261 333 512 396 conjungi:
564 332 699 382 fieret
738 335 906 397 igitur,
945 341 998 385 ut
1036 319 1158 387 alter
1196 337 1401 387 alterum
1439 334 1707 400 impediret,
1747 349 1838 385 nec
1875 341 2075 398 possent
2112 334 2305 383 illorum
2343 341 2503 384 motus

260 421 366 456 esse
414 405 661 469 regulares
714 413 763 455 et
809 422 1060 471 perennes,
1137 410 1390 475 Copernici
1437 423 1551 457 vero
1604 414 1652 457 et
1691 410 2008 457 vetustissimi
2047 407 2315 456 Aristarchi
2365 409 2504 467 rati0‚

259 479 466 528 subnixa
505 479 943 543 observationibus,
982 483 1205 545 regiones
1243 481 1545 546 singulorum
1583 482 1860 544 ingentibus
1899 479 2168 530 intervallis
2208 482 2330 529 inter
2368 495 2420 528 se
2458 486 2507 528 et

176 560 183 573 ¹
258 566 288 600 a
324 551 432 600 fixis
471 550 724 600 distinctas
762 567 868 602 esse
908 556 1168 603 convincit.

411 624 683 687 Quodnam
719 632 789 674 est
819 627 898 675 hic
934 628 1202 675 discrimen
1239 628 1370 674 inter
1409 633 1634 675 veterum
1671 632 1718 674 et-
1753 628 1885 674 inter
1930 625 2193 688 Copernici
2228 627 2509 674 ratiocina-

259 697 484 746 tionem?
537 700 580 746 1.
632 697 865 748 Veterum
911 703 1034 748 ratio
1071 698 1342 762 probabilis
1386 698 1559 748 saltem
1598 705 1694 759 est,
1745 699 2001 761 Copernici
2049 698 2396 747 demonstratio
2449 712 2507 744 ex

260 772 360 818 suis
400 784 509 818 orsa
547 771 819 834 principiiS‚
861 775 1185 821 necessarium
1225 772 1381 821 infert.
1460 774 1508 819 2.
1547 771 1627 820 Illi
1663 771 1758 820 hoc
1797 777 1986 819 tantum
2026 770 2226 830 docent,
2266 785 2362 818 non
2403 784 2510 817 esse

258 842 421 906 plures
459 857 556 891 uno
595 843 818 906 planetas
857 846 906 891 in
945 859 1042 893 una
1081 844 1300 908 qualibet
1337 843 1570 907 sphaera,
1627 843 1922 907 Copernicus
1963 843 2083 891 illud
2122 845 2318 906 insuper
2356 841 2505 901 addit,

263 922 498 978 quantum
538 916 802 979 quemlibet
838 932 982 980 super
1009 916 1214 967 alterum
1253 917 1498 966 elevatum
1525 931 1630 966 esse
1668 931 1866 966 necesse
1891 917 1969 965 sit.
2047 918 2094 966 3.
2134 916 2338 964 Veteres
2370 917 2513 977 igitur

260 989 424 1039 coelos
462 989 553 1038 sibi
592 995 760 1037 mutuo
792 990 1215 1052 superaedificant,
1254 997 1309 1038 ut
1345 990 1523 1040 lateres
1550 992 1598 1037 in
1618 989 1785 1052 aliquo
1812 1004 1965 1049 mum,
2006 995 2106 1050 aut,
2149 988 2280 1052 quod
2304 987 2510 1036 similius

157 1107 161 1121 2
261 1068 347 1123 est,
388 1063 580 1111 tunicae
621 1076 897 1124 coeparum,
936 1062 1135 1112 interior
1174 1064 1459 1113 exteriorem
1498 1064 1718 1124 sustinet,
1758 1064 1850 1110 rati
1887 1063 2048 1125 spatia
2085 1063 2248 1111 omnia
2274 1058 2513 1124 explenda

184 1179 186 1196 ζ
260 1150 366 1184 csse
405 1135 602 1183 orbibus
651 1140 698 1182 et
737 1141 924 1184 tantam
960 1136 1270 1186 statuendam
1307 1151 1414 1184 esse
1451 1137 1709 1199 sphaeram
1748 1136 2075 1198 superiorem,
2130 1141 2364 1198 quantam
2403 1146 2510 1182 esse

260 1209 441 1271 patitur
477 1206 686 1269 sphaera
722 1208 918 1257 inferior
956 1215 1101 1258 notae
1141 1210 1452 1272 quantitatiS,
1501 1223 1627 1272 quae
1669 1208 1988 1257 conformatio
2025 1207 2290 1256 materialis
2335 1205 2509 1255 saltem

260 1286 359 1342 est3
413 1279 733 1342 Coperni011S‚
788 1295 848 1330 ex
897 1283 1017 1344 ipsis
1062 1283 1489 1332 observationibus
1527 1282 1687 1344 spatia
1724 1281 1928 1344 singulis
1967 1296 2058 1329 sua
2093 1286 2327 1342 metatus,
2376 1285 2512 1327 tanta

259 1355 381 1402 inter
419 1353 560 1401 binos
599 1354 830 1403 interesse
869 1354 1108 1416 ostendit,
1164 1362 1217 1404 ut
1252 1353 1538 1403 incredibile
1572 1357 1666 1414 sit,
1718 1353 1803 1402 illa
1842 1355 2041 1403 orbibus
2079 1352 2296 1416 impleri3
2347 1354 2511 1414 itaque

259 1426 380 1475 haec
417 1425 523 1487 ejus
561 1424 814 1489 dispositio
855 1434 994 1490 urget
1031 1434 1242 1478 mentem
1281 1426 1740 1490 contemplatricem,
1782 1432 1835 1474 ut
1872 1432 2034 1490 spreta
2072 1428 2275 1475 materia
2313 1431 2360 1475 et
2395 1439 2513 1474 con-

259 1490 482 1562 tiguitate
521 1498 726 1561 orbium,
768 1502 952 1564 aspiret
988 1501 1052 1550 ad
1090 1501 1454 1564 indagationem
1494 1499 1707 1548 formalis
1746 1499 2079 1562 dispositionis
2118 1514 2207 1548 seu
2245 1498 2511 1562 archetypi,

259 1571 323 1620 ad
369 1585 513 1634 quem
563 1571 694 1621 facta
745 1575 842 1636 sint
886 1574 1160 1623 intervalla.
1238 1575 1286 1621 4.
1338 1573 1542 1622 Veteres
1587 1587 1678 1621 sua
1724 1578 1964 1621 structura
2004 1571 2245 1621 materiali
2283 1570 2514 1620 mundum

259 1645 581 1708 planetarium
619 1660 706 1695 seu
742 1646 972 1696 mobilem
1011 1653 1249 1709 coguntur
1290 1645 1522 1709 majorem
1559 1646 1717 1695 facere
1755 1645 1918 1694 multis
1957 1645 2192 1708 partibuS‚
2233 1659 2378 1707 quam
2416 1644 2514 1692 Co-

260 1718 486 1781 pernicus
523 1733 614 1768 sua
652 1718 970 1783 dispositione
1008 1719 1227 1781 formali,
1284 1719 1580 1782 Copernicus
1629 1726 1797 1768 contra
1834 1718 2084 1767 mobilium
2123 1719 2369 1781 regionem
2407 1731 2515 1765 mo-

261 1791 366 1840 dice
404 1789 644 1854 amplam,
697 1792 900 1840 fixarum
951 1807 1066 1842 vcro
1119 1794 1453 1856 quiescentem
1491 1795 1777 1841 immensam
1816 1792 1957 1853 facit,
2007 1807 2154 1854 quam
2195 1797 2381 1840 veteres
2419 1804 2512 1838 uon

262 1863 414 1912 multo
453 1864 688 1927 majorem
726 1871 947 1915 statuunt
979 1866 1188 1930 sphaera
1226 1866 1438 1916 Saturni.
1511 1866 1555 1916 5.
1596 1865 1797 1916 Veteres
1837 1864 2170 1928 dispositionis
2207 1879 2326 1913 suae
2365 1865 2532 1922 ratior

261 1952 373 1986 nem
412 1951 534 1998 non,
589 1944 642 1987 ut
680 1944 873 2002 optant,
925 1938 1170 2003 explicant
1209 1946 1256 1988 et
1295 1939 1635 2002 comprobant:
1691 1939 1988 2002 Copernicus
2027 1940 2075 1986 in
2113 1937 2382 1987 rationibus
2421 1941 2516 1985 stat

262 2025 470 2074 egregie.

410 2083 550 2147 Quas
594 2084 717 2133 dicis
765 2087 989 2134 rationes
1037 2085 1375 2147 dispositionis
1412 2084 1638 2144 orbium,
1687 2090 1733 2132 et
1770 2083 2017 2146 quomodo
2053 2084 2115 2131 iis
2146 2088 2376 2145 praestat
2420 2082 2514 2132 Co-

254 2157 532 2218 pernicus?
576 2157 737 2206 Docet
774 2157 1064 2207 Aristoteles
1101 2157 1188 2208 lib.
1227 2157 1294 2205 ΙΙ.
1336 2157 1395 2205 de
1450 2156 1600 2205 Coelo
1641 2171 1746 2220 cap.
1779 2158 1860 2218 10,
1899 2155 2018 2204 nihil
2057 2157 2212 2219 magis
2251 2171 2358 2206 esse
2398 2170 2516 2204 con-

263 2234 546 2278 sentaneum
585 2231 789 2295 rationi,
843 2245 989 2293 quam
1038 2237 1092 2279 ut
1139 2228 1466 2293 respondeant
1519 2230 1754 2292 cujusque
1791 2228 2018 2293 planetae
2055 2236 2274 2292 tempora
2313 2243 2516 2278 conver-

263 2303 414 2351 sionis
455 2301 673 2364 ejusdem
713 2302 959 2352 altitudini
998 2318 1086 2354 seu
1125 2304 1256 2352 orbis
1294 2302 1619 2366 amplitudini.
1694 2301 1811 2351 Jam
1850 2302 2095 2351 veteribus
2135 2301 2330 2364 quidem
2378 2301 2516 2350 altis-

262 2377 412 2423 simus
470 2375 600 2423 idem
650 2381 749 2437 est,
819 2378 902 2439 qui
958 2382 1006 2425 et
1060 2375 1391 2436 tardissimus,
1457 2376 1682 2423 nimirum
1737 2374 2003 2436 Saturnus,
2068 2375 2183 2437 quia
2238 2376 2306 2424 30
2363 2389 2513 2424 annos

263 2448 442 2510 habet3
483 2462 628 2511 quem
666 2449 886 2511 sequitur
921 2445 1033 2498 loco
1073 2455 1120 2498 ct
1158 2454 1376 2512 tempore
1414 2446 1633 2512 Jupiter,
1674 2449 1757 2511 qui
1802 2450 1869 2496 12'
1903 2461 2078 2509 annos,
2118 2453 2166 2496 et
2203 2447 2332 2498 hunc
2370 2447 2512 2521 Mars,

265 2523 347 2584 qui
385 2521 545 2570 minus
584 2524 613 2568 2
654 2523 794 2570 annis
822 2522 985 2571 habet.
1060 2521 1176 2571 Jam
1216 2536 1331 2571 vero
1370 2522 1418 2568 in
1444 2521 1641 2584 reliquis
1679 2521 1803 2569 ratio
1832 2520 2076 2570 veteribus
2112 2521 2396 2584 perturbata
2428 2524 2515 2571 est.

263 2594 368 2643 Nisi
408 2595 536 2643 enim
573 2593 753 2643 Terrae
793 2596 1088 2644 concesseris
1127 2601 1312 2644 motum
1350 2608 1566 2644 annuum
1605 2595 1731 2643 circa
1770 2593 1964 2655 Solem,
2004 2594 2087 2643 fiet
2115 2595 2178 2642 'ut
2211 2593 2313 2655 Sol,
2351 2578 2515 2673 Venu'f

263 2673 312 2715 et
346 2666 615 2716 Mercurius
628 2703 639 2728 ‚
691 2674 789 2717 tres
829 2667 1045 2717 distincti
1084 2667 1338 2732 planetae,
1390 2666 1519 2717 idem
1555 2666 1771 2716 habeant
1809 2681 2025 2716 annuum
2064 2674 2254 2730 tempus
2292 2666 2515 2733 circuitus

264 2741 366 2802 sui,
421 2740 600 2803 quibus
639 2745 801 2790 tamen
841 2742 1060 2790 tribuunt
1100 2740 1525 2802 orbesdiversos,
1564 2739 1669 2789 Soli
1705 2741 2028 2803 superiorem,
2069 2739 2247 2790 Veneri
2288 2719 2511 2818 mediani,

265 2813 506 2862 Mercurio
547 2815 769 2876 tertium3
820 2821 922 2863 tum
963 2813 1171 2878 denique
1211 2814 1381 2863 Lunae
1419 2812 1638 2862 tribuunt
1675 2813 1825 2861 imum
1861 2811 2048 2875 locum,
2095 2814 2164 2862 uti
2205 2812 2290 2863 illa
2326 2805 2522 2888 quideqi·

265 2888 412 2936 etiam
449 2886 599 2936 habet
636 2892 828 2950 tempus
867 2888 1283 2951 angustissimum,
1323 2892 1621 2935 menstruum
1659 2885 1859 2935 scilicet.
2488 2919 2496 2935 .

410 2959 707 3023 Copernicus
747 2975 877 3022 vero,
917 2959 1117 3010 Terram
1156 2965 1377 3009 statuens
1415 2961 1543 3008 circa
1581 2958 1746 3008 Solem
1784 2957 2091 3019 circumferri,
2133 2957 2279 3007 habet
2316 2954 2511 3010 cauden}
2549 2967 2554 3022 ξ

265 3047 348 3093 per
387 3047 554 3082 omnes
591 3033 814 3096 planetas
853 3034 1105 3097 primarios
1157 3031 1435 3096 analogiam
1473 3037 1522 3080 et
1559 3036 1777 3080 motuum
1818 3038 1865 3080 et
1904 3032 2150 3095 temporis.
2226 3031 2285 3078 Ei
2322 3029 2407 3080 Sol
2443 3012 2510 3079 es‘t
2550 3030 2554 3078 ἶ

266 3107 314 3151 in
355 3112 518 3154 centro
557 3105 725 3154 mundi
765 3112 814 3156 et
850 3109 922 3155 sic
957 3107 1181 3167 intimus,
1221 3106 1425 3154 circuitu
1465 3105 1615 3154 centri
1653 3119 1843 3165 carens,
1897 3104 1992 3154 hoc
2031 3109 2104 3154 est
2141 3105 2291 3153 centri
2329 3110 2378 3152 et
2413 3102 2511 3152 axis
2546 3098 2554 3153 ε’

263 3184 484 3240 respectu
522 3179 804 3229 immobilis:
846 3194 1020 3243 corpus
1060 3193 1176 3229 vero
1205 3178 1335 3228 Solis
1374 3180 1501 3228 circa
1538 3192 1681 3227 axem
1717 3177 2016 3226 immobilem
2055 3177 2304 3238 turbinari,
2343 3172 2506 3240 paucis
2542 3180 2554 3239 ξι,

267 3249 444 3298 abhinc
492 3254 631 3299 annis
685 3252 1039 3316 deprehensum
1076 3258 1174 3313 est,
1232 3253 1375 3301 citius
1428 3265 1573 3314 quam
1612 3251 1755 3300 unius
1793 3251 1973 3298 mensis
2010 3250 2189 3312 spatio.
2262 3250 2508 3298 Proximus

271 3322 396 3370 circa
446 3321 581 3372 illum
629 3324 900 3375 Mercurius
957 3326 1073 3375 orbe
1129 3321 1515 3388 angustissimo,
1559 3339 1704 3387 quem
1758 3321 1976 3372 absolvit
2030 3322 2183 3371 tribus
2242 3321 2506 3391 mensibus,
2534 3301 2554 3379 tl

266 3396 394 3443 circa
430 3394 558 3443 hunc
596 3397 760 3446 orbem
798 3398 968 3448 Venus
1006 3398 1231 3462 ampliori
1270 3398 1385 3447 orbe
1426 3404 1475 3446 et
1511 3397 1760 3460 prolixiori
1798 3396 2028 3458 temporis
2065 3396 2249 3458 spatio,
2303 3409 2370 3446 sc.
2407 3394 2510 3458 ses·
2535 3392 2554 3469 1

267 3468 465 3530 quiocto
522 3470 773 3519 mensium.
868 3472 1008 3521 Circa
1057 3472 1260 3520 Veneris
1314 3469 1503 3520 coelum
1559 3475 1633 3519 est
1687 3468 1855 3518 Tellus
1913 3483 2022 3517 cum
2075 3467 2368 3531 pedissequa
2410 3463 2554 3566 'anais

267 3539 410 3588 Luna
447 3541 545 3600 (est
582 3542 708 3588 enim
747 3543 886 3592 Luna
923 3544 1238 3594 secundarius
1276 3543 1499 3606 planeta,
1548 3556 1750 3606 quorum
1790 3543 1912 3589 inter
1962 3542 2217 3604 primarios
2254 3542 2378 3590 ratio
2415 3550 2504 3586 non
2543 3508 2554 3614 1

267 3608 492 3676 habetur)
531 3614 847 3677 circumitque
887 3615 1145 3667 duodecim
1182 3618 1418 3666 mensium
1458 3617 1632 3680 spatio.
1709 3614 1892 3663 Postea
1929 3619 2197 3676 sequuntur
2231 3613 2378 3675 Mars,
2415 3606 2554 3678 ,ΙΙΙ-ζ

267 3687 418 3747 piter,
473 3684 737 3745 Saturnus,
790 3693 842 3734 ut
891 3689 1021 3750 apud
1061 3696 1277 3750 veteres,
1331 3704 1440 3738 cum
1477 3702 1566 3737 suo
1607 3689 1813 3751 quisque
1859 3686 2107 3736 satellitio.
2184 3686 2305 3735 Post
2340 3681 2529 3758 Satur-'¹

267 3773 382 3806 num
433 3763 504 3806 est
557 3757 765 3822 sphaera
814 3760 1037 3822 fixarum,
1093 3768 1146 3810 ut
1194 3764 1432 3813 immenso
1469 3760 1729 3812 intervallo
1768 3759 1977 3822 distans,
2029 3761 2100 3810 sic
2138 3761 2329 3840 penitus
2367 3757 2527 3807 etiam2

270 3844 541 3896 quiescens
2445 3847 2450 3855 ¹
2533 3845 2537 3851 ·
