2560 4100
952 107 1022 153 De
1061 107 1273 166 Epitome
1317 69 1647 153 Asxtronomiae.
1991 126 2001 132 -
2331 118 2388 163 .2
2398 119 2425 164 3

176 259 262 299 Fac
294 258 428 308 igitur
455 269 523 297 me
552 257 782 310 certiorem,
814 268 869 296 an
900 259 980 296 tibi
1010 257 1190 296 arrideat
1219 258 1320 296 haec
1351 258 1534 296 conditio
1565 268 1710 300 necne.
1771 258 1940 296 Interim
1971 258 2097 296 etiam
2127 258 2294 310 figurae,
2327 270 2430 310 quas

173 319 215 356 in
253 328 354 367 pyro
401 315 630 355 delineatas
667 314 863 355 matrueli
900 327 992 355 meo
1030 315 1285 368 concredidi,
1333 314 1637 366 exsculpentur.
1675 337 1720 344 -
1758 316 1825 354 Ad
1856 314 2027 366 eclipsin
2058 315 2301 355 hodiernam
2334 316 2428 355 dili-

173 379 316 424 genter
345 373 618 416 attendemus,
651 373 687 411 si
717 375 913 413 serenitas
944 378 992 413 ut
1022 386 1140 424 spe-ro
1170 375 1463 426 perseverabit.
1526 373 1700 412 Utinam*
1726 373 1814 422 ipse
1846 384 2037 423 praesens
2070 386 2157 413 esse
2184 372 2251 412 vel
2285 386 2427 424 posses

171 432 237 471 vel
267 429 410 473 velles,
468 431 551 471 Sed
582 430 682 482 quid
713 431 763 470 de
795 433 886 471 Tua
916 429 1088 485 (matre)
1122 433 1286 481 agitur?
1318 431 1563 470 Nondumne
1594 433 1736 470 mitius
1768 433 2034 470 tractamini‘?
2067 430 2276 471 Oondoleo
2309 434 2426 472 vobis

171 494 262 530 tota
294 488 361 528 die
395 492 435 528 et
464 490 637 529 meliora
675 501 726 528 ex
756 492 896 529 animo
926 502 1082 540 precor.
1142 492 1311 530 Interim
1342 488 1448 529 Vale
1480 489 1557 528 Vir
1597 491 1794 541 aequiore
1841 493 1950 528 sorte
1996 490 2264 543 dignissime,
2313 495 2354 530 et
2382 492 2428 530 in

168 549 247 587 hoc
275 547 437 597 privato
469 552 540 587 tuo
571 547 687 587 luctu
715 549 911 598 publicae
940 550 1174 589 matheseos
1205 560 1361 600 causae,
1394 551 1511 598 cujus
1544 552 1588 588 tu
1619 547 1731 588 solus
1756 560 1797 586 es
1819 551 2033 600 patronus,
2065 560 2146 587 non
2171 547 2426 590 obliviscere.

170 604 296 645 Salve
321 617 488 659 quoque
517 618 545 644 a
574 606 627 647 D.
658 607 711 648 D.
745 607 898 646 Lansio
932 612 972 646 et
1002 607 1179 657 Besoldo
1197 639 1208 661 ,
1255 607 1328 660 qui
1358 607 1438 646 tibi
1468 607 1596 645 amice
1629 610 1897 659 succensent,
1945 606 2057 657 quod
2086 607 2298 659 proxime,
2319 615 2426 647 'cum

167 665 234 702 hic
265 668 401 716 esses,
433 669 480 703 tu
511 663 679 714 publico
710 666 851 715 potius
881 666 1037 716 hospiti
1067 678 1191 718 quam
1219 666 1344 719 ipsis,
1377 668 1615 715 perspectae
1635 665 1734 703 fidei
1765 665 1910 702 amicis
1943 664 2183 703 concredere
2214 664 2424 708 malueris.

166 722 319 762 Denuo
353 721 469 763 Vale.
502 720 503 723 ’
530 723 700 773 Raptim
731 723 945 773 Tubingae
974 724 1082 774 prid.
1115 724 1243 763 Andr.
1278 725 1403 764 1620.
1464 724 1540 764 Ex.
1575 723 1621 763 Τ.
1656 723 1734 763 Off.
1770 723 1833 762 W.
1868 719 2109 763 Schickard.

311 780 398 820 Die>
423 779 493 823 11.
524 782 624 832 Apr.
656 778 769 824 1623
810 783 985 821 nunciat
1024 782 1300 822 Schickardus
1340 781 1535 832 Keplero:
1591 781 1826 820 Postremos
1861 782 1971 822 Astr.
2004 780 2104 829 Oop.
2137 779 2265 820 libros
2297 795 2428 833 nuper

166 839 259 880 emi.
319 839 562 890 Reperirent
603 840 742 890 plures
784 841 999 880 nobiscum
1028 839 1224 894 lectores,
1268 842 1350 880 nisi
1381 846 1465 879 tam
1498 841 1584 879 cari
1616 843 1766 881 essent.
1828 839 1933 878 Nam
1967 843 2156 879 constant
2186 839 2271 891 2¹s2
2301 842 2444 882 flore-v

165 897 242 947 1115,
273 897 387 950 quod
418 898 496 937 11οο
526 896 783 948 pagellarum
814 911 983 938 numero
1015 899 1266 940 inauditum.

308 956 354 994 In
402 955 575 1006 epistola
615 956 869 995 dedicatoria
912 956 967 995 ad
1011 955 1141 996 libros
1172 958 1362 998 v-VH,
1410 957 1470 1002 (d.
1505 955 1594 996 Cal.
1625 954 1712 996 Jul.
1750 951 1874 1007 1621)
1922 955 2011 1006 ipse
2059 954 2262 1005 Keplerus
2303 959 2426 997 refert

165 1024 307 1053 causas
340 1014 497 1053 dilatae
529 1015 737 1068 editionis,
768 1013 937 1065 bellum,
966 1015 1119 1054 itinera
1147 1015 1191 1053 in
1215 1016 1606 1064 Wiirttembergiam
1638 1016 1689 1053 ob
1721 1014 1866 1052 matris
1898 1025 2065 1052 causam
2095 1013 2301 1054 forensem
2333 1029 2426 1055 sus-

166 1075 299 1122 cepta,
329 1074 691 1112 concinnationem
722 1073 1030 1125 editionemque
1061 1074 1382 1124 Ephemeridum
1413 1079 1453 1113 et
1473 1074 1755 1122 Harmoniae3
1787 1072 1852 1110 his
1885 1073 2107 1111 accessisse
2140 1070 2324 1113 calculos
2357 1087 2425 1113 va-

164 1132 247 1170 rios
278 1131 322 1170 in
351 1131 609 1181 planetarum
639 1132 821 1171 motibus
854 1135 894 1170 et
922 1132 1144 1182 praecipue
1175 1133 1217 1170 in
1235 1133 1377 1171 Lunae
1399 1133 1572 1184 theoria,
1607 1133 1759 1180 quibus
1791 1131 1983 1169 effectum
2015 1131 2082 1181 sit,
2114 1135 2161 1169 01
2199 1144 2258 1184 00,
2294 1145 2427 1185 „quae
2470 1138 2473 1142 '

165 1200 191 1227 a
222 1193 377 1239 septem
408 1190 530 1228 0111115
560 1191 788 1228 haerebant
817 1191 862 1228 in
893 1191 1056 1229 scriniis
1107 1194 1279 1240 „operas
1319 1191 1607 1240 exspectantia
1639 1190 1837 1228 curatoris
1871 1193 1911 1227 et
1942 1187 2258 1244 chalcographi“
2292 1193 2425 1230 inter-

159 1250 270 1296 jecto
301 1251 489 1298 tempore,
514 1247 638 1298 plane
670 1252 938 1299 mutarentur,
969 1246 1015 1287 01
1047 1248 1096 1287 (10
1130 1249 1287 1299 „primo
1321 1249 1545 1298 exemplari
1576 1260 1628 1287 ne
1659 1249 1881 1297 vestigium
1914 1248 2083 1299 quidem
2116 1255 2352 1298 superesset
2382 1252 2425 1288 in

163 1317 239 1357 eo,
285 1306 396 1357 quod
438 1306 671 1345 exhibitum
702 1310 765 1345 est
795 1307 1136 1357 chalcographo.“
1198 1306 1343 1347 Mense
1374 1307 1511 1357 Aprili
1543 1318 1650 1345 anno
1686 1308 1796 1346 1620
1827 1307 1974 1344 Lunae
2005 1307 2164 1345 theoria
2195 1307 2249 1346 ad
2282 1313 2424 1347 votum

163 1365 371 1411 successit,
400 1365 462 1403 ita
492 1369 538 1403 ut
567 1366 672 1404 liber
690 1366 774 1406 IV.
805 1364 966 1405 absolvi
995 1370 1149 1418 posset,
1185 1367 1285 1417 „qui
1315 1370 1380 1405 est
1409 1366 1458 1404 de
1490 1366 1706 1415 principiis
1729 1365 1941 1404 doctrinae
1963 1365 2214 1405 theoricae.“
2268 1360 2419 1407 Editus

162 1426 225 1462 est
252 1423 320 1462 hic
347 1422 455 1462 liber
487 1423 652 1471 „media
679 1424 787 1462 inter
815 1435 927 1462 arma
952 1420 1434 1477 13avai-ica,crebrosque¹
1459 1425 1624 1462 morbos
1656 1428 1696 1462 et
1726 1428 1881 1462 mortes
1911 1422 2093 1462 militum
2125 1427 2172 1462 et
2209 1423 2422 1478 civium‘⁵;

162 1484 255 1531 post
285 1481 441 1520 editum
470 1480 623 1520 librum
654 1485 848 1534 quartum
880 1481 1082 1532 Keplerus
1129 1483 1241 1536 quod
1285 1482 1491 1534 reliquum
1531 1486 1617 1521 erat
1658 1483 1794 1532 operis
1836 1483 1945 1520 inter
1985 1483 2128 1521 turbas
2160 1478 2345 1522 forenses
2382 1491 2423 1524 01

159 1540 307 1579 itinera
338 1539 528 1590 confecit,
559 1541 776 1589 Tubingae
807 1545 982 1580 exeunte
1013 1552 1124 1580 anno
1159 1543 1268 1581 1620
1296 1540 1523 1581 Maestlino
1570 1540 1860 1590 dijudicandas
1898 1541 2117 1590 proposuit
2151 1544 2421 1591 quaestiones

161 1597 210 1636 de
239 1599 374 1652 Luna,
405 1599 661 1638 Ratisbonae
692 1611 761 1638 eas
793 1599 944 1638 revidit
975 1603 1016 1638 et
1047 1599 1335 1639 describendas
1369 1601 1552 1651 curavit,
1585 1603 1746 1649 partem
1776 1599 1969 1638 ultimam
2000 1599 2099 1638 libri
2132 1599 2204 1639 VI.
2236 1600 2422 1640 absolvit

158 1655 384 1701 Monachii.
447 1657 676 1707 Tubingam
707 1662 748 1696 et
778 1657 1066 1706 Stuttgartiam
1097 1670 1281 1698 reversus
1312 1658 1429 1708 Maj0
1462 1663 1502 1697 et
1522 1659 1650 1697 Junio
1682 1659 1782 1696 anni
1817 1659 1940 1708 1621,
1974 1659 2127 1696 librum
2146 1659 2240 1699 VII.
2272 1672 2421 1709 „occa-

159 1715 275 1754 sione
307 1717 634 1755 conversationis.
661 1726 755 1755 cum
784 1715 1004 1755 Maestlino
1039 1720 1078 1755 et
1108 1729 1180 1767 per
1209 1716 1429 1757 lectionem
1456 1716 1672 1767 librorum,
1707 1728 1808 1767 quos
1842 1717 1886 1755 in
1917 1717 2090 1755 Austria
2126 1718 2316 1758 nancisci
2337 1731 2422 1758 non

159 1771 379 1824 00100101ιι
408 1774 560 1813 revidit
591 1777 631 1813 et
659 1772 944 1826 locupletavit.
1005 1774 1118 1815 Hinc
1149 1776 1468 1815 Frankofurtum
1498 1775 1707 1826 profectus
1739 1773 1899 1829 (mense
1930 1774 2074 1825 Junio)
2123 1787 2263 1814 curam
2307 1779 2421 1827 typis

161 1831 294 1886 dedit,
340 1837 381 1872 et
422 1844 604 1872 mensem
644 1833 687 1871 in
717 1832 968 1884 perficiendo
999 1837 1098 1884 typo
1130 1835 1352 1888 transegit,
1398 1846 1479 1887 quo
1511 1838 1722 1873 transacto
1755 1835 1992 1873 absolutum
2024 1845 2127 1882 opus
2148 1834 2256 1884 ,(1105
2290 1836 2420 1875 libros

159 1887 418 1943 posteriores)
448 1892 688 1942 proceribus
719 1891 1009 1931 archiducatus
1042 1894 1233 1932 Austriae
1265 1893 1643 1943 Supr.'—Anisanae
1668 1894 1908 1943 vsubjuncta
1954 1891 2135 1943 epistola
2167 1893 2422 1933 dedicatoria

158 1950 399 1991 transmisit.
1414 1978 1416 1982 »

137 2009 141 2012 ”
299 2008 397 2048 Jam
427 2008 483 2047 ad
513 2009 709 2059 epistolas
740 2009 914 2058 reversi,
956 2021 1062 2061 quas
1093 2009 1297 2060 Keplerus
1329 2010 1380 2048 de
1410 2011 1517 2049 libro
1550 2022 1624 2049 suo
1657 2011 1804 2049 amicis
1837 2010 1975 2060 dedit,
2020 2010 2188 2049 initium
2220 2011 2420 2051 faciamus

158 2078 183 2105 a
220 2066 376 2106 Petro
415 2065 645 2116 Criigero
683 2068 966 2121 Dantiscano,
1015 2079 1139 2120 quem
1185 2069 1341 2118 passi‘m
1370 2070 1414 2108 in
1445 2070 1729 2108 voluminibus
1773 2070 1981 2119 prioribus
2014 2069 2196 2108 diximus
2238 2068 2416 2122 loquen-

156 2129 322 2179 temque
351 2126 672 2167 introduximus,
734 2125 935 2176 Criigerus
967 2138 1074 2165 anno
1112 2129 1223 2166 1610
1253 2128 1433 2177 primum
1464 2128 1569 2167 adiit
1598 2128 1826 2178 Keplerum
1873 2127 1954 2181 „de
1986 2128 2090 2167 facie
2120 2126 2420 2179 incognitum‚“

158 2187 301 2235 petens
347 2185 678 2224 observationem
721 2183 922 2236 eclipseos
954 2190 995 2223 et
1023 2197 1164 2224 verum
1204 2186 1479 2225 meridianum
1510 2187 1766 2236 Pragensem.
1830 2184 2031 2236 Keplerus
2063 2186 2114 2224 ad
2146 2187 2221 2225 has
2253 2185 2422 2236 Criigeri

158 2244 303 2282 literas
345 2243 562 2294 respondit
600 2255 710 2282 anno
755 2243 918 2283 demum
970 2245 1101 2297 [6153
1154 2255 1354 2284 excusans
1399 2245 1610 2284 silentium
1655 2245 1894 2284 diuturnum
1926 2249 2110 2284 recenset
2147 2244 2233 2283 fata
2262 2257 2339 2284 sua
2368 2247 2419 2284 ab

157 2312 264 2341 anno
298 2303 410 2342 1610
441 2303 522 2341 huc
551 2313 684 2355 usque
714 2299 806 2356 (cfr.
840 2301 921 2341 vol.
954 2303 1014 2344 IL·
1040 2314 1079 2353 p.
1110 2300 1237 2355 400).
1299 2302 1417 2353 Quae
1448 2307 1704 2357 sequuntur,
1744 2304 1937 2356 quamvis
1977 2315 2062 2343 non
2102 2305 2338 2353 pertineant
2369 2304 2421 2343 ad

158 2371 361 2400 summam
390 2361 629 2414 Epitomes,
675 2361 744 2400 hic
782 2364 919 2400 tamen
959 2361 1180 2401 inserenda
1217 2363 1478 2418 censuimus,
1528 2375 1621 2402 cum
1652 2363 1795 2402 referri
1824 2363 1988 2414 possint
2018 2363 2069 2401 ad
2099 2360 2252 2401 librum
2285 2364 2420 2414 operis

160 2420 345 2459 tertium.

304 2477 447 2541 Quod
486 2485 826 2541 argumentum
862 2478 1126 2538 literarum,
1168 2487 1313 2526 scribit
1342 2486 1560 2539 Keplerus,
1601 2482 1790 2542 attinet,
1829 2480 1881 2528 id
1918 2481 2300 2543 geographieum
2329 2488 2417 2540 est,

164 2565 254 2600 nec
304 2565 395 2614 ego
447 2551 681 2601 hactenus
733 2552 868 2601 illam
919 2551 1223 2616 disciplinam
1276 2551 1403 2602 ultra
1451 2552 1631 2601 limites
1683 2556 2009 2603 astronomiae
2061 2555 2216 2615 attigi.
2293 2553 2417 2601 Mihi

156 2624 280 2675 haec
319 2640 415 2673 una
454 2639 598 2687 cura,
652 2632 706 2674 ut
743 2627 920 2686 sciam,
973 2626 1109 2675 locus
1150 2627 1380 2689 quisque,
1432 2627 1480 2672 in
1533 2640 1630 2689 quo
1669 2626 1749 2676 vel
1790 2642 1882 2690 ego
1923 2628 2130 2676 observo
2171 2627 2250 2674 vel
2290 2626 2416 2675 alius

158 2699 435 2761 quicunque
473 2697 568 2747 fide
606 2698 781 2762 dignus
819 2698 1218 2760 mathematicnS,
1275 2705 1509 2761 quantum
1557 2699 1702 2750 distet
1741 2715 1770 2748 a
1807 2700 2075 2750 meridiano
2115 2699 2416 2748 Huennensi.

159 2771 377 2834 Cumque
404 2785 480 2819 res
520 2779 740 2822 versetur
778 2774 826 2819 in
865 2773 1098 2833 minimis,
1136 2788 1295 2835 neque
1332 2773 1476 2822 facile
1513 2774 1576 2821 sit
1612 2775 1862 2836 negotium
1900 2788 1984 2837 per
2023 2772 2212 2822 Lunam
2250 2771 2417 2839 (raris-

157 2846 310 2894 simae
356 2859 568 2908 namque
620 2847 907 2910 contingunt
947 2847 1315 2898 observationes
1354 2848 1401 2893 in
1439 2849 1757 2909 nonagesimo
1798 2846 2001 2895 diversis
2039 2845 2191 2907 locis3
2243 2846 2418 2909 quodsi

158 2917 270 2967 illae
311 2917 529 2967 diversas
568 2918 782 2968 habeant
818 2919 922 2982 poli
959 2917 1258 2981 altitudines„
1299 2928 1546 2982 utcunque
1586 2919 1742 2969 eidem
1780 2920 2045 2968 meridiano
2072 2920 2276 2980 subsint,
2312 2920 2417 2982 jam

158 2999 207 3040 et
244 2990 516 3041 differentes
555 2990 807 3040 habebunt
842 2994 1202 3055 nonagesimos.
1279 2992 1413 3042 Loca
1461 2994 1612 3052 enim,
1665 3007 1789 3054 quae
1828 2992 2002 3042 eodem
2038 2995 2270 3056 temporis
2307 3007 2416 3041 mo-

159 3069 321 3113 mento
361 3064 570 3114 eundem
611 3065 793 3118 habent
843 3068 1245 3129 nonagesimum,
1308 3066 1547 3128 disposita
1599 3072 1712 3114 sunt
1763 3067 1809 3113 in
1861 3071 2020 3115 tractu
2072 3066 2280 3125 Terrae,
2338 3068 2420 3128 qui

158 3137 379 3201 subjacet
435 3137 592 3186 eidem
645 3137 824 3187 circulo
875 3137 1145 3187 latitudinis
1195 3153 1282 3201 per
1321 3139 1510 3187 Lunam
1568 3138 1741 3187 ducto:
1801 3138 2022 3202 adeoque
2078 3139 2189 3202 plus
2226 3138 2417 3202 peccari

159 3210 314 3273 possit
350 3210 655 3260 observando
698 3210 774 3260 vel
811 3216 1006 3274 propter
1044 3211 1170 3260 hanc
1207 3211 1595 3260 incertitudinem
1631 3215 1948 3277 nonagesimi,
1987 3211 2068 3262 vel
2105 3219 2299 3277 propter
2337 3215 2415 3259 in-

158 3290 533 3334 strumentorum
571 3286 856 3347 requisitam
894 3283 1238 3344 subtilitatem,
1291 3299 1438 3346 quam
1484 3284 1595 3334 loca
1647 3287 1771 3335 inter
1818 3301 1871 3335 se
1917 3286 2223 3348 longitudine
2277 3286 2416 3335 diffe-

159 3359 308 3421 runt),
347 3356 444 3406 duo
482 3359 631 3420 igitur
667 3364 780 3406 sunt
817 3356 1023 3417 residua,
1067 3371 1268 3425 quorum
1309 3357 1514 3408 alterum
1551 3360 1600 3406 in
1628 3356 1816 3424 Opticis
1856 3362 2058 3420 tentavi,
2099 3374 2189 3423 per
2211 3359 2415 3422 eclipses

161 3429 300 3481 Solis*
325 3437 375 3479 01
412 3431 748 3481 tractationem
786 3430 1109 3495 parallaxium
1155 3433 1250 3489 (vol.
1282 3437 1333 3477 11.
1366 3450 1404 3488 p.
1440 3439 1538 3492 358,
1571 3439 1654 3480 372
1687 3441 1750 3494 s‚),
1802 3432 2009 3482 alterum
2062 3435 2194 3495 agito
2253 3435 2415 3496 potius

160 3505 334 3564 animo,
376 3510 428 3553 ut
465 3517 531 3552 sc.
572 3505 1009 3568 peregrinationem
1046 3504 1309 3566 suscipiam
1347 3504 1428 3573 vel
1466 3520 1557 3569 ego
1598 3507 1675 3557 vel
1714 3506 2046 3567 studiosorum
2086 3506 2412 3554 astronomiae

163 3578 400 3641 quispiam
441 3579 490 3623 in
528 3583 793 3626 extremum
832 3592 986 3640 usque
1025 3572 1643 3640 promontorium'SiciliaQ
1685 3594 1743 3628 ex
1785 3594 1880 3642 quo
1909 3580 2074 3628 Africa
2099 3581 2227 3628 cerni
2255 3585 2414 3642 potest

163 3654 215 3698 01
244 3655 413 3713 portus
435 3650 880 3713 Carthaginiensis3
918 3651 988 3699 ibi
1026 3649 1280 3712 diligenter
1319 3651 1578 3702 observata
1616 3652 1746 3701 linea
1784 3652 2051 3702 meridiana
2076 3651 2412 3716 descriptoque

166 3721 343 3771 circulo
380 3722 664 3772 azimuthali
701 3727 919 3774 notarem
957 3728 1146 3772 montes
1167 3723 1374 3785 Africae,
1413 3730 1556 3774 notos
1581 3727 1743 3774 nautis
1771 3732 1819 3775 et
1844 3728 2013 3790 piratis
2041 3725 2231 3785 Siculis,
2273 3737 2412 3770 mon-

166 3801 239 3843 tes
275 3796 421 3846 etiam
459 3795 744 3862 Calabriae3
782 3811 873 3848 nec
911 3795 1057 3848 valde
1096 3796 1278 3848 incerta
1314 3792 1388 3848 051
1424 3798 1678 3865 longitudo
1718 3799 1950 3864 trajectus
1987 3801 2034 3850 in
2074 3798 2287 3849 Africam
2323 3810 2412 3848 nec
