2554 4140
209 156 314 206 3⁷6
1029 148 1268 206 Epitomes
1300 147 1620 195 Astronomiae

209 291 356 352 tionis
394 299 630 359 Telluris,
671 311 902 347 successu
939 297 1211 347 seculorum
1251 296 1676 359 deprehenduntur
1711 311 1883 362 parum
1921 297 2140 346 inclinari
2177 300 2334 365 etsie
2372 298 2460 348 de-

210 388 366 424 serere
403 372 526 421 fixas
562 371 807 434 pristinas,
848 385 1062 422 annuere
1102 371 1166 420 ad
1203 368 1326 418 alias
1364 369 1695 431 succedentes,
1736 376 1970 433 quantum
2001 371 2461 434 generaliter-judi-

212 449 311 496 cari
346 450 524 508 potest.
588 444 714 492 Nam
750 449 912 493 motus
951 446 1044 492 iste
1082 443 1386 492 tardissimus
1426 449 1514 499 est,
1555 444 1625 491 sic
1663 449 1719 490 ut
1755 446 1880 491 intra
1918 444 2054 491 1400
2093 457 2246 492 annos
2285 459 2315 491 a
2339 444 2461 492 Pto-

208 519 397 568 lemaeo
436 517 500 566 ad
536 530 626 565 nos
662 530 760 565 non
797 519 916 566 satis
954 523 1059 565 tuto
1102 516 1159 564 de
1200 516 1423 563 omnibus
1461 515 1673 577 planetis
1710 515 1805 565 hoc
1841 515 2070 563 affirmari
2107 518 2277 577 possit.

324 589 599 639 ‘Forsitan
635 603 755 638 axes
789 590 864 637 illi
899 589 1270 638 convolutionis
1299 602 1576 650 corporum
1609 587 1874 650 fibrarum,
1916 601 2045 650 quas
2081 588 2161 636 hic
2186 589 2464 638 introducis

205 679 303 726 pro
341 651 709 723 librationibus,
750 665 876 724 vices
911 661 1192 710 sustinent?
1239 661 1358 708 Axis
1397 661 1730 709 conversionis
1755 661 1965 710 Telluris
2005 660 2221 722 diurnae,
2263 660 2323 710 de
2363 677 2460 725 quo

210 740 260 783 in
309 735 564 799 sphaerica
611 734 854 795 doctrina,
909 734 1121 783 tenditur
1173 747 1320 782 causa
1356 732 1677 796 longitudinis
1717 748 1887 782 versus
1925 734 2166 796 principia
2204 733 2375 783 Cancri
2415 741 2464 784 et

213 809 492 872 Capricorni
542 813 793 871 perpetuo.
870 808 993 855 Nam
1048 805 1313 869 productus
1363 806 1443 854 hic
1495 807 1599 854 axis
1639 808 1866 869 utrinque
1903 808 2065 868 signat
2102 806 2243 869 polos
2280 807 2463 868 mundi,

212 888 266 930 ut
319 887 393 930 est
437 880 520 929 lib.
561 881 626 929 II.
668 880 748 928 fol.
795 881 910 928 189.
995 879 1148 941 Atqui
1199 876 1341 927 arcus
1393 894 1453 927 ex
1500 878 1614 942 polo
1667 879 1834 927 mundi
1883 884 2046 927 rectus
2091 881 2140 926 in
2191 878 2466 943 eclipticam

212 956 384 1003 transit
421 954 566 1004 etiam
605 967 692 1016 per
728 952 869 1016 polos
908 951 1188 1014 eclipticae,
1242 957 1315 1000 est
1354 953 1500 1013 igitur
1535 954 1578 1000 is
1621 951 1814 1001 colurus
1863 951 2210 1012 solstitiorum,
2265 955 2465 1015 signans

211 1029 450 1091 principia
489 1026 724 1075 dictorum
764 1027 1027 1087 signorum.
1103 1024 1201 1072 Sed
1247 1024 1419 1085 fibrae,
1470 1025 1646 1086 quibus
1685 1024 1836 1073 Terra
1873 1039 1903 1072 a
1941 1022 2056 1073 Sole
2093 1023 2346 1088 repellitur
2384 1025 2465 1075 vel

213 1100 434 1160 allicitur,
476 1103 728 1147 transeunt
765 1097 825 1146 de
867 1099 1009 1161 signo
1049 1098 1097 1143 in
1137 1098 1344 1160 signum.
1405 1098 1522 1146 Erat
1562 1099 1690 1147 enim
1727 1097 1973 1161 aphelium
2012 1096 2223 1146 Telluris
2263 1098 2379 1146 olim
2417 1101 2466 1145 in

214 1174 501 1235 Sagittario,
552 1184 680 1219 nunc
728 1176 800 1219 est
843 1171 894 1218 in
933 1169 1215 1233 Capricorni
1251 1170 1404 1232 gradu
1444 1175 1600 1221 sexto.
1676 1171 1805 1233 Ergo
1846 1171 2074 1219 differunt
2110 1172 2234 1220 inter
2271 1186 2322 1220 se
2363 1173 2468 1220 axis

214 1244 573 1295 convolutionis
610 1243 790 1292 Terrae
830 1248 878 1291 et
915 1242 1037 1291 fibra
1073 1243 1384 1292 intervallum
1421 1249 1630 1292 mutans.

369 1317 580 1367 Videtur
628 1318 788 1379 iyitur
834 1316 992 1365 Terra
1040 1317 1374 1365 nihilominus
1418 1318 1475 1363 in
1522 1317 1779 1378 principio
1829 1315 2132 1377 Capricorni
2183 1317 2472 1379 Ionyissime

214 1391 400 1440 distare
443 1390 629 1439 debere.
708 1389 767 1437 Si
803 1391 938 1437 enim
975 1395 1136 1437 totum
1182 1390 1366 1438 Terrae
1408 1403 1599 1451 ¹corpus
1643 1395 1846 1437 rotatur
1892 1391 2098 1437 circum·
2120 1403 2268 1439 axem
2306 1390 2469 1450 illum,

213 1465 467 1513 rotabitur
505 1469 550 1511 et
583 1463 741 1525 fibra,
783 1468 1059 1525 utcumque
1095 1462 1159 1510 ab
1197 1463 1284 1511 illo
1321 1463 1526 1527 differat
1561 1465 1688 1521 situ,
1725 1461 1998 1523 scribetque
2037 1464 2185 1524 quasi
2223 1463 2349 1512 daos
2386 1477 2471 1512 co-
2549 1514 2554 1519 ,

213 1551 326 1598 nos,
376 1536 644 1584 verticibus
688 1538 744 1583 in
795 1541 965 1592 centro
1011 1535 1194 1583 Terrae
1243 1543 1471 1584 coeuntes
1483 1551 1504 1596 ,·
1557 1549 1649 1582 nec
1684 1536 1785 1583 nisi
1822 1537 1975 1583 unico
2010 1542 2262 1584 momento
2300 1536 2472 1583 dietim
2547 1580 2550 1586 .

213 1609 451 1672 spectabit
486 1602 560 1656 in‘
579 1609 744 1656 locum
776 1609 1067 1670 proprium,
1107 1608 1303 1670 reliquo
1340 1609 1440 1657 diei
1478 1608 1762 1656 circumibit
1795 1610 2110 1670 principium
2155 1608 2471 1672 Capricorni,

214 1687 555 1732 monstratum
601 1682 665 1730 ab
711 1695 808 1730 aare
853 1681 1062 1743 Terrae,
1116 1687 1164 1729 et
1207 1683 1276 1729 sic
1326 1685 1428 1732 vim
1470 1695 1670 1729 omnem
1708 1695 1858 1728 suam
1895 1683 1950 1728 in
1989 1681 2125 1728 hunc
2163 1696 2311 1731 acrem
2350 1696 2473 1731 con-

214 1762 350 1819 yeret
395 1753 706 1817 Terra-mque
758 1770 790 1803 a
829 1753 943 1803 Sole
996 1753 1226 1816 quadam
1273 1755 1430 1804 veluti
1475 1754 1726 1803 cochleata
1763 1754 1901 1801 linea
1938 1767 2133 1816 semper
2168 1758 2227 1803 in
2261 1756 2472 1818 playam

217 1831 329 1878 axis
364 1828 605 1890 proliciet.
668 1826 907 1889 Equidem
946 1826 1040 1875 hoc
1077 1834 1224 1890 pacto
1262 1834 1311 1876 et
1347 1843 1435 1891 per
1472 1827 1832 1876 cohaerentiam
1870 1826 2020 1875 fibrae
2058 1840 2167 1876 cum
2195 1843 2286 1877 axe
2310 1834 2474 1877 motus

218 1901 373 1950 diurni
414 1899 768 1948 consolidatam
805 1899 955 1959 fieret,
998 1899 1128 1962 quod
1170 1900 1357 1962 dicitur,
1402 1914 1493 1949 nee
1530 1913 1747 1963 unquam
1785 1899 2055 1948 discederet
2092 1902 2224 1964 apsis
2263 1901 2475 1950 Telluris
2547 1947 2549 1951 Α

218 1975 518 2037 a¹principio
560 1972 855 2036 Capricorni.
933 1972 1164 2036 Cogimur
1210 1975 1360 2036 igitur
1407 1973 1670 2023 concedere
1703 1978 1807 2022 aut
1857 1972 2060 2035 globum
2098 1975 2223 2022 intra
2261 1980 2472 2023 crustam
2531 1982 2534 1984 ’

219 2048 530 2106 exteriorem,
571 2053 624 2094 ut
662 2048 757 2095 ista
793 2044 977 2095 rotetur
1014 2051 1150 2094 motu
1190 2045 1386 2108 diurno,
1433 2045 1531 2107 ille,
1572 2046 1719 2095 fibras
1758 2044 1960 2107 habens,
2000 2059 2098 2095 non
2136 2053 2321 2096 rotetur
2356 2062 2470 2110 per-

218 2122 467 2183 tineatque
506 2119 688 2167 usitata
725 2119 879 2167 virtus
917 2121 1190 2183 magnetica
1228 2119 1292 2168 ad
1330 2124 1538 2169 crustam
1579 2125 1842 2178 externam,
1883 2120 2000 2181 quia
2035 2132 2227 2183 semper
2259 2120 2473 2169 ostendit

219 2193 362 2256 polos
414 2192 746 2240 conversionis
795 2191 1019 2253 diurnae,
1069 2205 1166 2240 non
1216 2207 1333 2241 vero
1382 2191 1602 2256 apsidem
1650 2192 1806 2241 Solis*
1834 2191 1912 2240 vel
1951 2191 2178 2242 Telluris.
2256 2191 2475 2256 Adjuvet
2536 2184 2546 2219 ’-

219 2264 600 2332 hinc'physicus
639 2263 817 2326 aliquis
855 2263 1004 2315 J.·C.
1045 2263 1370 2328 Scaligerum,
1412 2266 1741 2328 disputantem
1782 2264 1840 2313 de
1878 2265 2128 2312 fluminum
2169 2271 2276 2314 ortu
2317 2267 2472 2329 deque
2538 2263 2549 2270 ⁹

221 2340 367 2387 maris
404 2338 538 2386 fluxu
577 2342 626 2386 et
661 2337 865 2398 refluxu,
905 2335 1183 2400 videatque,
1222 2339 1264 2387 si
1302 2338 1546 2387 laboranti
1584 2337 1656 2385 illi
1689 2351 1967 2387 succurrere
1993 2340 2183 2400 possint
2208 2338 2331 2389 haec
2355 2338 2475 2389 Tel-

220 2412 338 2460 luris
377 2415 603 2474 separata
639 2411 841 2459 viscera.
918 2411 1022 2458 Etsi
1059 2410 1177 2458 mihi
1215 2410 1358 2461 Luna
1396 2419 1444 2460 et
1481 2412 1644 2459 anima
1682 2408 1892 2460 Telluris
1931 2409 2192 2463 sufficiunt.

368 2483 423 2539 Si
471 2483 606 2544 ‚alebi
646 2484 927 2546 planetarii
973 2483 1156 2531 habent
1202 2486 1463 2532 internam
1508 2483 1863 2547 fiyurationem
1912 2487 2247 2547 mayneticam
2285 2486 2475 2534 rectili-
2506 2455 2515 2470 .

222 2572 391 2618 neam,
431 2571 592 2619 quare
627 2571 734 2605 non
770 2557 869 2605 illis
904 2559 1023 2619 ipsis
1056 2559 1223 2620 potius
1260 2557 1513 2618 adscribis,
1554 2558 1691 2619 quod
1722 2558 1933 2621 sapiant
1969 2573 2003 2606 a
2043 2557 2156 2607 Sole
2194 2558 2359 2622 adque
2381 2560 2477 2608 So·-
2530 2577 2534 2585 ·

223 2632 320 2679 lem
358 2629 611 2688 accedant,
646 2644 743 2693 pro
779 2628 1065 2677 diversitate
1098 2631 1377 2692 plagarum
1412 2633 1493 2679 sui
1530 2634 1765 2694 corporis,
1803 2636 1864 2679 ut
1895 2631 2092 2694 sactum
2119 2633 2176 2679 in
2209 2631 2476 2680 Commen-

225 2705 375 2752 tariis
401 2701 621 2750 Martis?
670 2704 712 2750 l.
754 2700 884 2763 Quia
922 2708 1127 2750 testatur
1165 2705 1477 2765 astronomia,
1518 2703 1787 2753 discessum
1826 2717 1856 2751 a
1881 2703 1998 2753 Sole
2038 2709 2086 2753 et
2123 2717 2374 2753 accessum
2411 2701 2475 2753 ad

225 2776 363 2825 illum
411 2774 516 2824 fieri
561 2775 610 2822 in
660 2775 790 2823 linea
841 2776 982 2837 quasi
1032 2789 1204 2824 versus
1243 2775 1407 2825 Solem
1461 2781 1683 2837 extensa,
1746 2782 1981 2839 quantum
2033 2790 2142 2825 eam
2179 2791 2275 2825 non
2314 2779 2476 2826 variat
2514 2770 2525 2778 ’

226 2850 503 2897 intermixta
551 2847 883 2909 circumlati03
937 2847 1090 2898 fibrae
1129 2862 1244 2898 vero
1291 2850 1596 2913 magneticae
1649 2863 1757 2898 raro
1797 2856 1910 2898 sunt
1949 2863 2118 2898 versus
2156 2849 2320 2900 Solem
2358 2863 2474 2914 por-

227 2927 404 2970 rectae.
481 2923 528 2969 2.
569 2918 701 2981 Quia‘
746 2920 879 2969 fibris
929 2922 1035 2969 istis
1087 2923 1375 2984 magneticis
1423 2922 1520 2970 duo
1573 2921 1904 2971 diversissima
1942 2922 2276 2972 tribuerentur.
2350 2923 2473 2972 Nam
2545 2971 2548 2978 f

228 2996 383 3056 primo
434 2993 546 3041 illae
596 2993 856 3055 dirigerent
892 3008 945 3042 se
983 2995 1115 3056 ipsas
1154 2996 1202 3042 in
1241 2994 1408 3042 mundi
1444 2995 1642 3058 plagam
1682 2995 1907 3055 eandem,
1959 2995 2091 3058 quod
2130 2997 2281 3059 quieti
2319 2995 2475 3044 simile

231 3066 347 3128 quid
398 3072 494 3126 est,
551 3065 723 3115 deinde
772 3066 883 3114 loco
935 3073 1189 3116 moverent
1240 3081 1428 3130 corpus·
1461 3082 1605 3117 suum
1650 3069 1755 3131 jam
1792 3083 1822 3117 a
1860 3069 2003 3129 Sole,
2050 3069 2154 3131 jam
2193 3069 2255 3117 ad
2295 3068 2473 3118 Solem.

231 3139 384 3199 Atqui
428 3138 523 3186 hoc
570 3149 656 3201 per
705 3138 915 3187 modum
950 3139 1250 3202 expulsionis
1300 3146 1350 3189 et
1398 3143 1697 3190 attractionis
1736 3141 2006 3205 simplicius
2045 3141 2329 3191 conciliatur
2367 3152 2475 3191 cum

230 3212 537 3274 prensatione
591 3217 640 3260 et
677 3214 1081 3261 circumvectione
1121 3227 1398 3276 corporum,
1451 3228 1598 3277 quam
1636 3214 1721 3264 Sol
1759 3220 1989 3277 praestat.
2069 3216 2116 3263 3.
2161 3213 2288 3276 Quin
2329 3217 2501 3264 etiam.

232 3282 542 3332 verisimilius
589 3289 683 3344 est,
733 3287 945 3347 speciem
985 3288 1197 3348 corporis
1235 3285 1420 3335 Solaris
1459 3289 1725 3336 virtuosam
1765 3288 2034 3336 continuari
2072 3301 2226 3350 usque
2265 3287 2330 3336 ad
2366 3287 2476 3350 pla·-

231 3361 401 3415 netaS,
451 3357 594 3416 quarn
640 3356 811 3405 horum
856 3372 1010 3420 usque
1048 3358 1112 3407 ad
1150 3359 1339 3420 Solem,
1388 3365 1441 3407 ut
1480 3359 1617 3408 illum
1654 3360 1843 3424 fugiant
1879 3358 2173 3422 repellentes
2208 3366 2473 3423 petantque

181 3495 188 3501 st
231 3427 492 3477 trahentes.
568 3427 654 3475 Sol
701 3431 827 3477 enim
878 3444 1051 3494 corpus
1090 3433 1260 3495 ingens
1301 3438 1396 3493 est,
1451 3433 1756 3495 planetarum
1795 3434 1999 3495 exigua;
2059 3432 2189 3481 Solis
2226 3433 2389 3482 lumen
2428 3430 2493 3481 et]

234 3500 365 3551 calor
403 3498 464 3547 ad
501 3512 590 3547 nos
626 3503 884 3551 manifesto
924 3503 1229 3566 delabuntur,
1269 3504 1355 3554 Sol
1393 3504 1617 3567 planetas
1658 3505 1804 3554 vehit.
1870 3506 1944 3554 De
1971 3505 2100 3553 Solis
2139 3506 2284 3569 igitur
2321 3508 2476 3554 virtu-

233 3574 363 3632 tibus
401 3571 511 3620 aliis
550 3578 741 3620 constat
777 3576 918 3622 nobis
957 3584 1129 3638 antea,
1171 3578 1232 3627 de
1261 3579 1462 3626 virtutis
1500 3578 1799 3641 planetariae
1837 3580 2181 3640 prorogatione
2219 3592 2377 3640 usque
2414 3574 2474 3625 ad

235 3645 399 3696 Solem
446 3656 545 3691 non
598 3643 832 3693 habemus
891 3648 1008 3696 talia
1061 3656 1258 3713 tamque
1308 3650 1554 3700 evidentia
1595 3651 1895 3699 testimonia.
1989 3653 2038 3698 4.
2088 3650 2222 3699 Infra
2273 3650 2473 3714 patebit,

234 3719 380 3768 fibras
419 3716 630 3778 corporis
666 3719 769 3778 pati
807 3733 837 3764 a
874 3717 987 3767 Sole
1023 3721 1186 3771 levem
1223 3723 1439 3785 aliquam
1476 3722 1861 3782 inclinationem:
1900 3729 1974 3772 est
2010 3724 2161 3786 igitur
2199 3721 2474 3782 verisimile,

234 3791 544 3840 librationem
589 3789 733 3836 etiam
784 3790 933 3837 totius
972 3797 1183 3854 corporis
1222 3810 1328 3844 esse
1366 3795 1436 3843 illi
1475 3795 1792 3844 adventitiam
1831 3810 1890 3843 ex
1928 3795 2045 3844 Sole
2082 3797 2271 3858 potius,
2327 3806 2472 3858 quam

237 3865 458 3928 insitam3
499 3874 604 3915 esse
642 3874 718 3910 sc.·
746 3863 1022 3928 passionem
1059 3865 1122 3915 ab
1158 3866 1272 3928 alio,
1311 3882 1407 3918 non
1447 3870 1688 3920 actionem
1725 3882 1812 3919 seu
1849 3874 2035 3918 motum
2073 3876 2193 3924 a‘se
2230 3870 2356 3936 ipso,
