2554 4140
218 117 319 168 548
952 111 1005 155 In
1034 109 1278 166 Epitomen
1306 109 1350 154 Ν
1352 72 1461 164 otae·
1482 109 1696 157 Editoris.

216 259 334 304 ticae
365 261 411 302 et
442 254 669 300 constanti
699 258 745 298 et
774 252 1045 310 Tychonica.
1107 255 1275 300 Causas
1305 254 1452 299 habeo
1483 255 1719 310 utriusque
1748 254 1857 306 facti
1893 254 2093 299 idoneas.
2167 253 2284 298 Nam
2313 252 2468 308 primo,

216 324 336 382 quod
365 321 529 367 attinet
557 319 849 369 variationem
887 318 1186 376 obliquitatis,
1234 319 1348 376 scio,
1375 317 1682 364 'Reinholdum
1719 319 1766 363 in
1795 319 2058 374 Prutenieis,
2082 330 2319 362 excessum
2348 316 2470 372 adje-

216 389 331 432 cisse
365 392 457 431 tam
488 383 860 429 declinationibus
894 398 1028 440 quam
1058 399 1153 432 asc.
1184 385 1318 430 rectis
1360 398 1442 442 pro
1472 384 1736 440 obliquitate
1766 386 1973 440 maxima,
2006 390 2051 429 et
2080 383 2286 428 docuisse
2316 379 2471 449 venari

218 457 395 509 partem
425 449 807 507 proportionalem
846 461 928 506 per
959 450 1172 507 scrupula
1203 450 1437 494 secularia.
1495 450 1665 494 Verum
1695 452 1848 510 Tycho
1880 451 2107 507 Braheus,
2153 449 2324 506 primus
2363 449 2472 491 ista-

215 528 317 562 rum
346 516 602 562 tabularum
632 520 803 570 auctor,
831 515 926 571 jam
959 515 1129 560 dudum
1158 514 1348 559 formam
1377 513 1502 558 illam
1533 514 1886 571 Copernicanam
1914 522 2062 561 motus
2094 514 2371 571 obliquitatis
2402 526 2472 557 re·

217 582 383 634 futavit
413 582 467 626 ab
501 580 800 638 experientia,
843 581 998 636 itaque
1031 573 1246 626 convulsa
1275 586 1345 625 est
1373 580 1452 625 illa
1489 579 1648 637 politia
1687 581 2024 638 scrupulorum,
2073 581 2168 625 sine
2201 579 2363 635 quibus
2394 591 2470 623 ex-

215 661 370 693 cessus
403 647 511 692 dicti
539 647 655 692 fiunt
684 646 881 693 inutiles.
942 645 1045 690 Etsi
1074 660 1180 691 vero
1213 647 1368 703 Tycho
1409 661 1501 691 non
1531 646 1712 703 negavit
1741 647 1934 704 omnino,
1965 647 2180 703 majorem
2210 645 2352 690 fuisse
2384 644 2469 688 sub

214 712 474 758 Ptolemaeo
507 717 552 756 et
582 711 845 768 Hipparcho
879 712 1204 770 obliquitatem,
1236 713 1350 756 illud
1380 719 1532 757 tamen
1562 711 1874 770 deprehendit,
1915 711 2030 757 fixas
2061 711 2218 758 stellas
2248 711 2367 754 hanc
2396 721 2472 752 va-

216 777 453 822 riationem
484 790 573 820 non
603 777 694 820 una
724 777 898 822 subire:
945 792 1037 822 non
1077 779 1192 823 enim
1231 778 1368 823 fixam
1409 791 1510 823 esse
1549 779 1631 823 sub
1661 778 1764 824 fixis
1795 778 1939 823 stellis
1978 778 2250 834 eclipticam,
2298 780 2349 818 ut
2381 775 2474 818 una

216 857 319 888 cum
347 842 436 887 illis
468 842 524 886 ab
555 842 873 898 aequinoctiali
903 842 1105 888 discedat
1136 843 1435 901 accedatque,
1480 844 1562 888 sed
1599 845 1742 889 solam
1772 843 2021 899 eclipticam
2055 841 2100 887 et
2130 856 2157 886 a
2185 842 2289 887 fixis
2329 840 2473 885 stellis

214 915 260 955 et
289 910 346 954 ab
379 909 696 965 aequinoctiali
726 909 922 953 abnuere
952 907 1022 953 vel
1054 922 1267 954 annuere.
1326 910 1426 954 Hoc
1455 922 1560 954 vero
1595 909 1633 954 si
1664 909 1729 954 sic
1758 914 1849 964 est,
1889 908 1984 963 jam
2013 907 2192 963 penitus
2223 907 2393 952 inutilis
2427 912 2473 952 et
2543 964 2546 967 .

217 987 497 1030 supervacua
527 975 580 1019 fit
610 974 667 1019 ad
696 974 990 1031 pragmatiam
1022 975 1202 1031 quidem
1227 975 1419 1019 fixarum
1459 975 1537 1019 illa
1579 974 1926 1020 declinationum
1967 980 2011 1017 et
2057 975 2367 1018 ascensionum
2397 986 2474 1016 va·
2545 1007 2547 1014 s

217 1039 350 1083 riatio
380 1034 637 1084 Prutenica.
701 1038 879 1093 Quanta
909 1040 1026 1084 enim
1057 1038 1293 1085 conficitur
1323 1041 1564 1086 declinatio
1595 1048 1640 1084 et
1670 1039 1874 1084 ascensio
1918 1038 2110 1094 alicujus
2138 1037 2256 1082 fixae
2286 1053 2369 1096 per
2399 1039 2474 1083 ob-

223 1103 478 1160 liquitatem
509 1101 743 1160 ecliptica'e
773 1108 998 1150 vetustam
1027 1106 1400 1162 latitudinemque
1431 1107 1550 1151 fixae
1591 1108 1647 1152 ab
1677 1106 1756 1150 illa
1784 1111 2020 1161 vetustam,
2059 1110 2186 1149 tanta
2216 1104 2392 1148 omnino
2423 1102 2476 1146 fit

223 1176 414 1225 utraque
446 1171 581 1215 etiam
611 1183 693 1226 per
723 1175 938 1224 utrasque
969 1171 1218 1216 modernas.
1280 1173 1439 1216 Restat
1475 1166 1620 1229 'igitur
1658 1172 1816 1215 unicus
1850 1171 1946 1227 Sol,
1988 1170 2063 1226 qui
2103 1176 2256 1214 centro
2288 1183 2368 1212 suo
2402 1168 2476 1212 de-

217 1234 370 1280 scribit
402 1235 654 1291 eclipticam
684 1234 905 1293 cujusque
938 1239 1050 1282 aevi.
1112 1236 1228 1281 Solis
1274 1250 1378 1280 vero
1410 1237 1696 1281 ascensiones
1730 1241 1775 1281 et
1806 1236 2149 1298 declinationes,
2182 1248 2372 1291 quaeso,
2404 1234 2476 1278 cui

217 1299 318 1344 usui
361 1299 690 1355 exquiruntur?
749 1300 838 1344 Per
880 1300 1203 1348 declinationes
1236 1303 1352 1348 Solis
1393 1302 1586 1347 latitudo
1627 1302 1829 1348 locorum
1871 1301 2135 1358 exploratur
2175 1299 2328 1356 hodie,
2372 1298 2477 1342 olim

214 1379 297 1422 per
327 1365 413 1409 diei
435 1365 631 1410 aestivae
660 1366 991 1422 longitudinem
1014 1367 1326 1423 quaerebatur.
1390 1368 1657 1424 Quicunque
1686 1368 1847 1413 modus
1879 1367 2016 1412 fuerit
2046 1366 2290 1422 adhibitus,
2322 1377 2476 1409 omnes
2549 1410 2554 1415 ,

215 1431 379 1476 veteris
410 1431 719 1487 geographiae.
740 1431 1001 1476 latitudines
1032 1432 1231 1478 locorum
1262 1435 1576 1479 vitiosissimae
1606 1441 1713 1478 sunt
1744 1439 1788 1478 et
1818 1446 1996 1478 crassae
2019 1431 2258 1477 admodum
2278 1435 2323 1474 et
2343 1430 2478 1487 plena

219 1497 347 1553 quasi
376 1496 492 1552 vola,
526 1496 777 1553 ὁλοσχερως,
810 1496 1066 1544 admensae.
1129 1501 1431 1546 Ascensiones
1463 1506 1672 1558 spectant
1703 1500 1760 1544 ad
1791 1497 2105 1554 aequationem
2135 1491 2371 1551 temporis,
2402 1493 2480 1538 ubi
2527 1542 2532 1550 ,

224 1565 290 1608 15’
323 1562 566 1614 conficiunt
596 1576 735 1606 unum
778 1562 915 1606 horae
957 1565 1192 1612 minutum.
1253 1567 1392 1623 Atqui
1435 1568 1629 1612 maxima
1668 1566 1982 1611 ascensionum
2030 1561 2281 1607 differentia
2321 1559 2367 1603 in
2399 1560 2479 1605 17⁰
2520 1610 2526 1615 ,

222 1630 360 1675 Tauri
392 1634 462 1674 est
490 1629 530 1674 5‘
563 1629 665 1685 16¹¹,
699 1640 816 1684 quae
848 1633 954 1672 sunt
982 1629 1030 1675 in
1060 1634 1264 1688 tempore
1294 1634 1394 1690 21¹¹,
1426 1634 1566 1679 triens
1598 1633 1730 1678 unius
1761 1631 1934 1688 minuti,
1974 1643 2046 1675 res
2077 1628 2211 1685 plane
2241 1625 2477 1673 insensibi-

218 1692 296 1750 lis;
334 1707 435 1738 cum
463 1693 511 1738 in
543 1691 932 1738 observationibus
964 1701 1166 1740 veterum
1195 1696 1682 1754 plerumque'trientes
1712 1698 1924 1743 horarum
1956 1697 2046 1741 sint
2075 1695 2122 1738 in
2154 1693 2304 1739 dnbio.

394 1759 483 1805 Sed
531 1766 667 1821 caput
710 1759 776 1804 rei
820 1759 1023 1804 nondum
1052 1762 1220 1820 .attigi;
1264 1762 1408 1819 ipsam
1455 1776 1515 1807 sc.
1563 1764 1875 1821 obliquitatem
1914 1762 2149 1819 eclipticae
2190 1759 2294 1803 olim
2338 1756 2480 1804 fuisse
2520 1772 2529 1779 ⁷

220 1825 448 1882 majorem,
479 1839 553 1871 res
585 1840 674 1870 non
702 1831 889 1871 -tantum
933 1832 1001 1870 est
1033 1826 1182 1886 dubia,
1227 1828 1306 1873 sed
1338 1827 1495 1873 validis
1528 1831 1802 1887 argumentis
1848 1843 1905 1874 ex
1941 1829 2052 1887 ipsis
2095 1832 2298 1872 veterum
2322 1822 2480 1868 obser·
2528 1883 2530 1886 Υ

219 1890 472 1936 vationibus
503 1905 531 1936 a
559 1900 629 1936 'me
662 1891 879 1951 convulsa
920 1898 967 1937 et
1005 1892 1165 1948 procul
1207 1893 1343 1938 dubio
1382 1893 1517 1951 plane
1556 1895 1684 1940 falsa.
1747 1897 1792 1942 Si
1822 1903 1973 1942 tamen
2005 1895 2110 1940 olim
2139 1892 2284 1949 major
2313 1895 2384 1935 est
2412 1889 2480 1934 fu-

221 1962 325 2002 tura
362 1956 606 2013 obliq'uitas
646 1970 780 2014 quam
810 1956 964 2014 hodie,
1007 1958 1105 2014 ejus
1130 1959 1345 2016 equidem
1388 1961 1455 2004 rei
1498 1961 1830 2016 praevidendae
1874 1960 2092 2006 facultate
2122 1968 2350 2009 caremus,
2397 1965 2480 1998 nec
2541 2014 2548 2018 -

220 2023 423 2080 regulam
467 2024 604 2080 igitur
645 2022 900 2080 confingere
947 2037 1206 2080 possumus.
1262 2025 1516 2082 Prospiciat
1551 2026 1707 2082 itaque
1747 2026 1832 2071 sibi
1869 2032 1995 2071 aetas
2038 2022 2263 2080 quaelibet
2301 2018 2403 2075 ipsa
2433 2019 2509 2063 in⁴

226 2087 543 2133 constituenda
573 2101 653 2133 sua
684 2087 964 2145 obliquitate,
998 2095 1044 2134 et
1074 2104 1156 2135 nos
1188 2103 1270 2148 pro
1302 2091 1422 2136 omni
1451 2104 1560 2137 aevo
1582 2091 1880 2136 astronomico
1902 2095 2063 2136 exacto
2085 2086 2287 2149 contenti
2316 2085 2480 2130 erimus

222 2152 484 2209 obliquitate
505 2151 736 2197 hodierna.

397 2221 494 2261 Jam
525 2233 674 2261 causas
705 2223 826 2261 affert
841 2222 1061 2274 Keplerus.
1093 2226 1247 2278 quibus
1278 2229 1415 2265 motus
1437 2226 1643 2276 Tychonis
1675 2225 1965 2276 obliquitatem
1997 2223 2208 2274 eclipticae
2239 2222 2481 2262 assumserit

226 2282 266 2318 et
296 2278 399 2332 quid
429 2280 473 2318 in
494 2279 580 2319 'hac
622 2281 907 2330 corrigendum
938 2289 1124 2334 censeat,
1167 2297 1290 2337 quem
1329 2285 1466 2324 locum
1496 2285 1769 2324 annotatione
1799 2285 1869 2325 29.
1909 2284 2134 2334 praemissa
2177 2281 2478 2333 proposuimus,

224 2340 265 2376 et
294 2338 354 2377 sic
383 2339 532 2388 pergit.

398 2407 497 2451 Hoc
527 2405 613 2452 ubi'
630 2407 725 2463 jam
754 2409 1022 2465 praemoniti
1057 2409 1166 2455 artis
1198 2411 1389 2456 studiosi
1425 2411 1752 2464 intellexerint,
1800 2409 2144 2463 existimabunt,
2192 2409 2324 2453 etiam
2364 2409 2481 2454 hauc

226 2469 528 2527 Tychonicam
559 2471 903 2518 declinationem
942 2475 1174 2532 eclipticae
1205 2476 1346 2522 fuisse
1378 2477 1685 2533 corrigendam
1717 2476 1863 2532 adque
1892 2488 2039 2519 meam
2073 2474 2188 2519 Solis
2232 2473 2483 2530 parallaxin

224 2536 656 2582 accommodandam.
707 2539 885 2584 .Verum
916 2540 947 2584 ii
985 2541 1152 2597 sciant,
1195 2542 1377 2586 unicum
1419 2541 1678 2599 scrupulum
1709 2542 1755 2587 in
1795 2539 2032 2584 altitudine
2073 2539 2189 2585 Solis
2237 2538 2482 2584 meridiana

224 2602 396 2647 aestiva
425 2608 579 2648 tantae
609 2604 874 2650 subtilitatis
907 2605 1268 2652 observationem
1301 2622 1414 2665 esse,
1446 2615 1497 2653 ut
1527 2599 1753 2665 rarissime
1786 2606 1873 2651 duo
1906 2605 2174 2651 observandi
2205 2612 2332 2650 actus
2362 2605 2481 2661 intra

228 2680 484 2730 mensuram
514 2668 649 2713 unius
680 2671 884 2727 scrupuli
918 2673 1212 2718 consentiant
1274 2674 1325 2718 In
1359 2673 1494 2720 dubio
1526 2673 1662 2730 igitur
1692 2672 1927 2717 valuerunt
1957 2672 2077 2728 apud
2105 2685 2177 2716 me
2206 2669 2485 2729 praejudicia¹

224 2747 306 2790 pro
340 2733 607 2790 obliquitate
637 2736 914 2795 majuscula,
956 2737 1097 2782 valuit
1125 2745 1285 2798 metus,
1317 2753 1374 2784 ne
1406 2740 1573 2785 nodum
1604 2739 1650 2783 in
1687 2740 1834 2796 scirpo
1881 2738 2156 2795 quaesivisse
2199 2744 2277 2783 aut
2307 2749 2501 2783 omnem.

227 2800 451 2856 Tychonis
501 2803 821 2846 astronomiam
865 2817 891 2847 a
931 2804 1236 2850 fundamentis
1287 2806 1437 2851 studio
1481 2805 1722 2850 inhonesto
1766 2805 2017 2850 convellere
2061 2804 2256 2849 voluisse
2295 2804 2482 2861 viderer,

227 2864 353 2911 nulla
383 2866 444 2925 ad
475 2867 564 2912 hoc
596 2868 867 2914 necessitate
899 2870 1174 2929 compulsus,
1206 2871 1330 2916 nulla
1359 2871 1559 2928 liquidae
1588 2870 1790 2916 veritatis
1821 2885 1930 2915 cura
1958 2870 2238 2916 sollicitatus.

406 2948 532 2992 Haec
566 2948 762 3006 praefari
792 2951 1004 3006 oportuit,
1036 2966 1157 2999 nunc
1177 2953 1356 2998 modum
1379 2952 1650 3010 excerpendi
1680 2951 1862 2998 docebo.
1923 2952 2140 2997 Observet
2168 2951 2306 3008 igitur
2336 2951 2483 2996 calcu·
2524 2963 2527 2966 ·
2551 2949 2554 2958 “

228 3011 359 3064 lator,
402 3011 583 3059 tabulae
611 3021 766 3072 partes
798 3028 898 3061 esse
940 3021 1053 3073 tres,
1100 3017 1232 3062 sicuti
1264 3021 1289 3063 3
1323 3018 1451 3076 signa
1490 3018 1783 3075 quadrantem
1815 3017 2107 3063 constituunt.
2166 3017 2336 3060 Earum
2368 3017 2488 3078 duae
2508 3033 2520 3051 ν
2550 3063 2554 3072 ⁴

229 3078 395 3123 arctius
423 3079 541 3123 inter
572 3093 621 3125 se
651 3087 758 3125 sunt
782 3081 982 3137 junctae,
1014 3096 1273 3128 communes
1294 3084 1515 3129 habentes
1545 3084 1700 3129 titulos
1723 3084 1885 3129 frontis
1916 3089 1961 3129 et
1989 3083 2138 3138 calcis,
2169 3088 2503 3145 praeterquam¹

230 3142 456 3198 signorum
483 3146 696 3202 ipsorum,
727 3162 844 3204 quae
864 3149 926 3193 ibi
947 3154 1051 3192 sunt
1071 3149 1252 3205 inserta,
1283 3149 1358 3194 ubi
1381 3149 1600 3206 cujusque
1623 3150 1732 3195 ordo
1764 3149 2181 3209 graduum-incipi&
2215 3150 2348 3203 tertia
2376 3140 2512 3205 pars‘
2532 3142 2554 3198 f

203 3207 361 3263 .(signi
388 3211 524 3268 tertii)
564 3213 761 3258 excrevit
789 3214 837 3259 in
877 3226 1070 3270 sequens
1101 3213 1256 3258 folium
1296 3227 1440 3271 eoque
1490 3215 1587 3260 sola
1623 3215 1685 3259 ibi
1717 3229 1822 3261 suos
1865 3214 2020 3259 titulos
2064 3213 2223 3259 frontis
2264 3219 2309 3260 et
2346 3212 2533 3259 calcis&

233 3277 303 3317 est
331 3280 480 3320 nacta.
1853 3292 1862 3296 ‘
2490 3274 2492 3277 .

407 3355 627 3410 Conjunxi
658 3362 809 3402 autem
840 3359 1168 3414 semicirculos,
1199 3374 1226 3405 a
1253 3361 1433 3418 punctis
1467 3361 1887 3419 aequinoctialibus.
1900 3361 2118 3417 inceptos,
2151 3361 2279 3417 signa
2309 3352 2370 3405 sc.
2403 3374 2480 3416 op-

231 3417 381 3474 posita
409 3419 653 3473 primorum
684 3423 985 3481 quadrantum
1015 3428 1300 3483 superposita
1343 3429 1531 3485 singulis
1571 3429 1750 3474 tabulae
1791 3425 2019 3483 partibus,
2067 3440 2166 3471 cum
2198 3427 2351 3471 ordine
2384 3438 2490 3482 gra-0

177 3532 181 3535 .
235 3483 373 3527 duum
404 3483 461 3528 ad
492 3485 716 3530 sinistram
748 3489 1046 3536 descendente
1079 3498 1125 3536 et
1156 3493 1286 3549 signa
1316 3494 1575 3539 ultimorum
1597 3495 1893 3551 quadrantum
1924 3493 2162 3548 supposita
2194 3507 2294 3538 cum
2327 3492 2506 3536 ordine*

234 3547 455 3622 graduum
484 3549 542 3594 ad
573 3550 775 3597 dextram
806 3556 1090 3614 ascendente,
1124 3558 1188 3602 sic
1209 3563 1260 3602 ut
1290 3559 1456 3616 gradus
1477 3560 1654 3605 antiscii
1675 3563 1912 3608 occurrant
1941 3559 1987 3602 in
2017 3559 2174 3603 eadem
2203 3559 2336 3610 linea,
2369 3557 2484 3602 alter
2540 3499 2554 3621 1

234 3614 281 3657 111
311 3613 483 3668 dextro,
529 3615 644 3658 alter
671 3617 717 3660 in
749 3619 927 3664 sinistro
958 3623 1169 3678 margine.
1231 3625 1282 3668 In
1315 3625 1558 3680 cujuslibet
1595 3625 1853 3680 junctorum
1884 3623 2113 3679 signorum
2145 3622 2381 3668 columella
2411 3634 2481 3665 or-

228 3679 448 3726 dinantur
477 3680 790 3726 ascensionum
820 3691 1040 3730 rectarum
1070 3692 1270 3744 tempora
1312 3689 1470 3734 saltem
1502 3690 1698 3746 integra,
1745 3689 1906 3742 quibus
1939 3689 1994 3733 ad
2026 3690 2144 3734 latus
2177 3691 2326 3735 adstat
2358 3687 2480 3734 colu·
2521 3618 2554 3771 'si

2522 3735 2554 3891 l

2522 3896 2527 3914 Q
2550 3895 2554 3911 l

233 3744 667 3801 mella‚.communes
699 3747 914 3792 exhibens
953 3753 1188 3809 utriusque
1229 3755 1495 3810 semicirculi
1527 3761 1781 3811 temporum
1820 3754 2098 3809 integrorum
2130 3755 2403 3811 appendices
2433 3742 2492 3796 in*

236 3810 458 3867 scrupulis
487 3810 640 3868 primis
672 3816 718 3855 et
746 3813 968 3859 secundis.
1029 3817 1080 3860 In
1124 3818 1270 3863 medio
1312 3825 1602 3874 utrorumque
1639 3811 1938 3876 quadrantum
1977 3819 2188 3876 interjeci
2219 3816 2479 3873 columellas
2520 3813 2529 3857 ⁴.

2487 3936 2490 3939 ’
2521 3927 2526 3954 9

2548 3918 2554 3935 Ι

2541 3946 2554 3993 ᾖ

2529 3967 2554 4140 ἶ
