2554 4140
836 120 973 167 Liber
1002 121 1216 178 Quartus·
1275 122 1388 167 Pars
1419 121 1583 195 Prima,
2232 129 2334 178 325
2422 133 2431 152 ¹

91 271 263 322 dandis
299 271 580 335 corporibus
619 275 667 319 et
704 269 974 320 intervallis
1013 269 1076 320 ad
1117 284 1290 333 corpus
1317 268 1460 331 Solis,
1499 275 1554 318 ut
1588 269 1651 319 ad
1676 285 1951 322 mensuram
1977 278 2085 322 ortu
2110 273 2333 336 priorem,

90 347 279 394 initium
316 361 348 393 a
383 343 579 393 Tellure
617 343 804 392 secisse.

237 418 405 481 Quam
443 431 652 464 causam
688 431 849 465 censes
886 430 983 464 esse
1019 415 1393 478 maynitudinis
1429 416 1653 476 corporis
1689 415 1917 464 Solaris?
1967 418 2097 467 Solis
2135 417 2335 482 globum

89 506 194 540 csse
229 491 438 552 primum
476 490 690 537 omniurn
728 489 895 537 mundi
935 502 1188 552 corporum
1214 489 1262 535 in
1302 486 1470 536 ordine
1510 489 1767 535 creationis
1806 488 1978 538 saltem
2017 490 2332 554 archetypali,

87 566 127 612 si
165 577 261 611 non
300 564 445 612 etiam
485 561 756 626 temporali,
797 561 1004 610 suadent
1043 563 1163 609 ista:
1211 560 1259 624 1)
1298 559 1465 608 Moses
1503 561 1687 622 primae
1715 560 1811 609 diei
1847 576 1969 625 opus
2006 564 2124 612 facit
2160 564 2334 620 lucem,

87 651 172 701 pro
211 650 309 698 qua
345 649 436 683 nos
473 649 732 699 possumus
770 635 1038 696 intelligere
1078 647 1252 697 corpus
1290 631 1431 682 Solis.
1511 628 1562 698 2)
1603 631 1789 695 Corpus
1830 633 1958 682 Solis
1997 651 2143 700 supra
2180 637 2338 700 pluri-

87 710 177 757 mis
212 708 489 756 nominibus
526 710 849 772 principatum
888 707 1098 755 obtinuit
1135 707 1182 752 in
1223 704 1542 766 naturalibnS,
1581 707 1696 767 quin
1734 707 1883 768 igitur
1920 709 2064 756 etiam
2103 711 2151 756 in
2178 724 2337 772 quan-

87 784 224 830 titate
276 782 424 843 inque
473 786 716 843 tempore,
767 794 864 843 quo
913 786 1128 828 creatum
1166 785 1255 827 est.
1332 777 1447 828 Jam
1485 791 1602 827 vero
1642 779 1847 841 primum
1886 793 2084 844 corpuS,
2132 795 2190 829 eo
2228 784 2334 847 ipso

86 856 201 917 quia
236 855 458 917 primum,
502 855 858 918 proportionem
896 852 959 900 ad
999 851 1255 914 sequentia
1291 850 1475 899 nullam
1514 853 1716 915 accepit,
1756 850 1849 908 sed,
1881 855 2136 915 sequentia
2172 857 2336 917 potius

86 926 148 977 ad
187 928 346 990 ipsum
386 934 440 974 ut
476 928 699 990 primum.
768 925 931 987 Quare
969 923 1314 986 magnitudinis
1352 923 1482 973 Solis
1521 938 1670 972 causa
1707 923 2034 989 archetypalis
2074 925 2209 975 nulla
2247 934 2334 987 est,

85 1014 175 1048 nec
211 1000 338 1047 alius
375 1000 565 1048 futurus
603 1000 695 1048 fnit
732 998 909 1061 globus
949 997 1097 1061 duplo
1137 997 1294 1060 major
1331 1005 1478 1059 atque
1518 1003 1644 1044 nunc
1683 1003 1780 1045 est:
1833 1000 2012 1062 quippe
2059 1014 2156 1047 una
2194 1013 2339 1047 mun-

86 1072 177 1120 dus
214 1073 359 1120 etiam
399 1071 615 1135 reliquus
654 1074 912 1121 universus
950 1076 999 1119 et
1035 1070 1182 1118 homo
1220 1071 1270 1118 in
1311 1083 1368 1119 eo
1393 1070 1580 1118 futurus
1607 1070 1780 1135 fnisset
1804 1069 1953 1135 duplo
1978 1072 2151 1137 major,
2191 1087 2336 1136 quam
2374 1110 2383 1120 .
2467 1066 2481 1087 f

21 1155 31 1160 ·
84 1159 212 1194 nunc
250 1152 339 1195 est.

235 1219 347 1283 Quo
392 1221 552 1281 iyitur
596 1217 759 1266 medio
804 1215 1183 1265 accommodata
1226 1216 1330 1279 fuit
1365 1215 1665 1278 maynitudo
1711 1215 1926 1264 Telluris
1963 1217 2034 1266 ad
2069 1220 2336 1280 maynitu-

85 1292 252 1340 dinem
290 1292 425 1354 ylobi
462 1290 696 1340 Solaris?
746 1288 912 1338 Medio
953 1290 1156 1338 visionis
1196 1288 1341 1338 Solis.
1419 1288 1586 1336 Tellus
1625 1290 1752 1337 enim
1793 1295 1893 1338 erat
1930 1290 2093 1339 futura
2132 1291 2337 1339 domici-

40 1418 248 1512 digus}
273 1423 421 1499 ζῦειη
459 1451 575 1486 vero
616 1434 960 1500 contemplatio
983 1427 1158 1484 o'rtum
1195 1435 1346 1483 habet
1384 1450 1443 1483 ex
1482 1448 1668 1483 visrone
1684 1412 1974 1496 siderum,
1994 1412 2158 1500 quare
2192 1440 2335 1487 etiam

40 1498 333 1574 quantitas
384 1509 862 1573 contemplandorum
916 1514 1072 1557 ortum
1120 1508 1300 1557 habere
1352 1507 1517 1557 debuit
1572 1523 1631 1556 ex
1685 1509 1956 1571 quantitate
1999 1510 2335 1559 videndorum.

87 1584 299 1631 Primum
338 1598 456 1632 vcro
493 1582 688 1632 visibile
725 1581 808 1630 lux
848 1587 923 1630 est
961 1596 1046 1630 seu
1083 1580 1198 1641 Sol,
1252 1582 1432 1645 quippe
1476 1579 1523 1646 1)
1562 1583 1744 1644 primae
1784 1581 1879 1629 diei
1919 1597 2041 1647 opus
2081 1589 2130 1631 et
2169 1581 2220 1648 2)
2258 1586 2337 1632 vi-

86 1656 300 1704 sibilium
337 1658 552 1705 omniurn
592 1655 1008 1719 superexcellens,
1047 1653 1523 1718 principalissimum,
1563 1656 1868 1718 primarium,
1910 1663 1959 1704 et
1998 1656 2128 1718 quod
2166 1658 2336 1705 ceteris

86 1730 309 1779 omnibus
349 1729 646 1778 visibilitatis
686 1743 835 1776 causa
873 1732 978 1776 erat
1015 1727 1243 1776 futurum.
1319 1726 1550 1790 Sequitur
1595 1729 1769 1793 igitur,
1822 1733 1874 1776 ut
1912 1743 1944 1777 a
1981 1730 2170 1778 visione
2208 1729 2337 1778 Solis

86 1804 133 1849 in
171 1803 322 1851 Terra
359 1803 645 1867 principium
684 1803 747 1849 sit
782 1801 963 1849 factum
1001 1799 1397 1865 proportionandi
1451 1815 1653 1864 corpora
1700 1801 1892 1863 mundi,
1941 1803 2066 1852 sicut
2103 1805 2247 1851 etiam
2287 1805 2336 1850 in

85 1875 411 1940 superioribus
461 1878 568 1940 ipsa
614 1873 779 1922 mundi
819 1875 979 1938 spatia
1015 1872 1366 1938 proportionali
1405 1873 1700 1925 mediatione
1741 1875 1927 1924 orbitae
1965 1874 2175 1938 Telluris
2215 1867 2360 1925 inter*

67 1961 140 1998 se
177 1948 404 1998 distincta
439 1949 647 1998 fuerunt.

233 2022 445 2086 Quanta
493 2028 567 2071 est
607 2021 912 2084 apparentia
950 2020 1187 2068 diametri
1225 2018 1354 2069 Solis
1391 2022 1447 2068 in
1493 2019 1697 2069 Terris?
1753 2020 1957 2070 Constat
1994 2023 2337 2070 vetustissimis

86 2095 350 2143 Aristarchi
391 2101 440 2144 et
474 2094 817 2144 recentissimis
855 2094 1005 2141 nostri
1043 2094 1275 2157 temporis
1314 2093 1752 2154 observationibus,
1793 2095 1834 2142 si
1861 2093 2011 2143 Terra
2038 2109 2186 2158 quam
2225 2095 2337 2143 lon-

85 2169 281 2231 gissime
318 2184 348 2216 a
374 2167 489 2217 Sole
526 2168 794 2227 recesserit,
834 2171 948 2215 tunc
986 2170 1149 2215 centro
1189 2167 1376 2215 visione
1417 2165 1656 2231 descripto
1698 2167 1891 2232 circulo,
1932 2166 2018 2216 de
2031 2168 2116 2217 illo
2157 2168 2335 2217 circulo

87 2241 391 2290 exactissime
443 2240 922 2304 septingentesimam
971 2245 1019 2288 et
1056 2240 1339 2289 vicesimam
1377 2245 1586 2304 partem,
1641 2238 1689 2286 id
1728 2245 1802 2288 est
1841 2240 2104 2314 dimidium
2132 2241 2337 2310 gradum

2184 2300 2346 2309 ’.μή

76 2315 315 2378 'occupari
353 2320 401 2362 et
439 2315 582 2376 quasi
621 2312 927 2362 determinari
965 2327 996 2360 a
1034 2311 1268 2361 diametro
1309 2312 1462 2373 Solis,
1512 2328 1597 2362 seu
1637 2312 1768 2375 quod
1806 2314 1819 2360 i
1860 2329 1934 2364 em
1955 2306 2076 2376 est,
2097 2309 2338 2378 angulus

88 2387 213 2434 inter
247 2386 400 2435 lineas
438 2388 729 2449 stringentes
765 2392 1024 2447 utrumque
1062 2384 1191 2434 Solis
1231 2387 1496 2448 marginem
1537 2392 1610 2436 est
1647 2388 2079 2451 septingentesima
2119 2394 2166 2437 et
2204 2390 2339 2437 vice-

89 2461 212 2507 sima
248 2473 360 2522 pars
399 2464 608 2522 quatuor
643 2463 896 2508 rectorum.

236 2532 407 2595 Quam
443 2538 595 2595 putas
629 2532 782 2592 hujus
805 2534 1181 2580 numerositatis
1206 2531 1456 2580 causam?
1496 2531 1686 2580 Primae
1725 2533 1792 2581 rei
1837 2548 2035 2583 causam
2072 2536 2220 2583 etiam
2258 2550 2339 2584 ar-

88 2603 394 2669 chetypalem
443 2606 567 2654 inter
614 2605 794 2666 primas
833 2619 1062 2666 quaerere
1101 2610 1306 2668 oportet.
1381 2604 1496 2653 Jam
1536 2619 1651 2653 vero
1689 2609 1986 2668 geometrica
2024 2621 2183 2656 causa·
2207 2607 2339 2656 divi-

87 2680 238 2727 sionis
277 2676 439 2727 circuli
478 2679 527 2724 in
568 2678 671 2726 720
710 2691 770 2726 ex
807 2677 960 2740 figura
1008 2676 1140 2725 nuda
1177 2683 1249 2726 tot
1284 2677 1489 2726 laterum
1530 2684 1603 2727 est
1639 2678 1787 2727 nulla.
1863 2680 1988 2728 Nam
2025 2680 2147 2729 haec
2185 2681 2340 2743 figura

87 2765 172 2814 per
209 2752 525 2799 bisectionem
564 2749 810 2798 derivatur
850 2764 907 2798 ex
945 2749 1099 2812 figura
1138 2751 1205 2798 45
1244 2749 1463 2811 laterum,
1504 2766 1629 2813 quae
1666 2751 2129 2802 demonstrationem
2155 2753 2338 2802 nullam

87 2823 262 2884 habet,
318 2829 372 2871 ut
408 2823 668 2886 probatum
704 2822 829 2870 libro
866 2822 905 2870 Ι.
947 2822 1364 2871 Harmonicorum.
1443 2825 1698 2886 Sequitur,
1743 2827 1805 2872 *ut
1859 2825 2080 2875 desumta
2118 2827 2179 2874 sit
2219 2827 2338 2876 haee

89 2897 241 2946 sectio
291 2895 457 2945 circuli
504 2911 562 2945 ex
609 2896 958 2959 compositione
996 2895 1257 2957 figurarum
1295 2902 1343 2945 et
1380 2899 1449 2946 sic
1486 2913 1543 2947 ex
1583 2898 1850 2946 rationibus
1888 2898 2196 2948 harmonicis.
2274 2900 2335 2947 Et

90 2968 280 3019 videtur
316 2970 489 3019 inferre
529 2970 894 3029 necessitatem,
933 2973 988 3016 ut
1025 2968 1231 3017 circulus
1269 2969 1522 3031 zodiacus,
1563 2972 1609 3016 in
1650 2984 1746 3032 quo
1785 2976 1944 3025 motus
1984 2986 2098 3020 suos
2138 2972 2336 3020 harmo-

91 3043 225 3091 nicos
263 3056 486 3091 exercere
525 3041 797 3093 debuerunt
833 3054 941 3089 cum
979 3040 1206 3103 planetae
1245 3056 1412 3091 omnes
1449 3058 1500 3091 rc
1542 3056 1670 3102 vcra,
1713 3047 1812 3091 tum
1849 3045 1996 3092 etiam
2022 3045 2111 3099 Sol.
2146 3045 2207 3094 ad
2246 3061 2338 3111 ap-

8 3132 11 3159 a
92 3118 383 3179 parentiam,
436 3121 491 3163 ut
529 3116 724 3177 inquam
764 3113 971 3162 circulus
1011 3115 1102 3162 iste
1146 3113 1392 3163 dividatur
1430 3115 1491 3164 ab
1531 3118 1816 3178 apparentia
1853 3119 1992 3179 primi
2033 3120 2247 3182 corporis
2285 3121 2338 3166 in

10 3215 13 3245 ;
92 3193 251 3250 partes
284 3189 648 3237 numerositatis
683 3187 1007 3234 harmonicae.
1070 3185 1184 3234 Jam
1223 3202 1339 3236 vero
1377 3201 1603 3235 numerus
1642 3189 1882 3251 minimus,
1924 3191 2005 3253 qui
2046 3206 2098 3241 se
2136 3193 2338 3255 praebet

92 3258 464 3310 determinandis
504 3261 728 3309 omnibus
767 3259 986 3322 partibus
1012 3258 1325 3308 monochordi
1352 3260 1413 3308 ad
1441 3261 1827 3310 constituendum
1856 3268 2069 3327 systema
2096 3264 2333 3329 diapason

93 3331 294 3396 duplex,
347 3334 442 3382 hoc
492 3341 565 3383 est
603 3339 652 3382 et
689 3331 849 3381 mollis
889 3336 938 3379 et
974 3330 1078 3378 duri
1119 3337 1314 3392 cantus,
1368 3332 1447 3382 hic
1485 3335 1680 3396 inquam
1719 3348 1945 3384 numerus
1983 3342 2056 3386 est
2099 3340 2226 3399 720,
2282 3343 2334 3386 ut

15 3428 17 3438 ι
94 3403 467 3456 demonstratum
506 3413 579 3456 est
616 3406 698 3454 lib.
740 3404 830 3453 111.
871 3403 1103 3452 Har-mon.
1145 3419 1250 3467 cap.
1294 3406 1340 3452 6.

234 3477 394 3539 Quare
433 3493 542 3529 cum
582 3480 794 3527 omnium
833 3477 1137 3540 planetarum
1177 3483 1353 3537 motus,
1392 3484 1446 3526 ut
1483 3478 1565 3527 lib.
1598 3479 1658 3527 V.
1684 3478 2090 3532 Harmonicorum
2130 3483 2335 3533 demon-

17 3560 20 3614 ξ
93 3552 205 3610 stro,
242 3550 304 3599 ad
342 3551 436 3601 hoc
474 3558 689 3616 systema
716 3549 893 3614 duplex
921 3555 1083 3599 essent
1107 3549 1518 3612 accommodandi,
1560 3559 1934 3604 consentaneum
1961 3556 2066 3617 suit,
2107 3562 2161 3605 ut
2187 3559 2331 3606 etiam

95 3622 294 3704 primurn
331 3638 519 3687 corpus,
560 3624 691 3688 quod
730 3624 969 3686 choragus
1007 3629 1134 3671 esset
1173 3622 1317 3685 hujus
1355 3625 1589 3685 musicae,
1633 3629 1916 3690 apparentia
1954 3643 2071 3678 suae
2113 3630 2330 3677 diametri

22 3738 23 3758 1
95 3693 142 3740 in
166 3692 325 3743 Terris
362 3694 600 3747 divideret
635 3697 886 3757 terricolis,
927 3694 973 3742 id
1014 3702 1087 3744 est
1123 3696 1502 3759 contemplatrici
1531 3705 1792 3761 creaturae,
1834 3701 2061 3750 circulum
2104 3701 2237 3750 illum
2277 3708 2331 3749 ut

22 3800 27 3851 ἰ

95 3763 300 3815 indicem
323 3774 373 3817 et
394 3782 665 3819 mensuram
691 3770 1004 3834 apparentiae
1030 3774 1246 3816 motuum
1273 3768 1671 3831 harmonicorum,
1714 3773 1952 3822 divisione
1995 3773 2326 3857 monochordi,

24 3875 26 3884 ,
98 3833 145 3884 id
183 3844 256 3887 est
290 3839 339 3887 in
375 3847 535 3909 partes
578 3845 695 3905 720,
736 3842 866 3907 quod
905 3847 978 3891 est
1015 3842 1090 3890 bis
1130 3842 1247 3902 360,
1288 3847 1360 3891 ter
1399 3845 1518 3905 240,
1559 3850 1732 3907 quater
1763 3847 1879 3903 180,
1921 3847 2178 3914 quinquies
2211 3847 2328 3908 144,
