2554 4140
2 3903 4 3914 „.
2 3839 9 3869 .-
1 3764 9 3821 .ιν
0 3679 9 3746 ..V-
0 3527 8 3663 -v—‹⁴⁴

806 82 809 85 Ι
884 117 1024 164 Liber
1054 117 1268 176 Quartus.
1330 118 1442 163 Pars
1473 117 1636 163 Prima..
2282 124 2384 172 309

126 275 282 318 tarum
333 269 545 317 motibus
597 268 945 331 apparentibus
992 274 1041 317 et
1081 268 1360 330 junctorum
1411 268 1535 315 inter
1581 282 1633 316 sc
1673 267 2013 316 communibus
2052 266 2385 316 accidentibus

127 343 347 405 (materia
396 341 503 390 libri
543 338 653 405 Vl.)
703 346 751 389 et
798 342 847 388 in
887 347 1132 404 quartam,
1183 349 1485 390 communem
1543 340 1791 390 doetrinae
1829 340 2119 403 sphaericae
2154 346 2202 390 et
2241 340 2385 389 theo-

123 418 267 475 ricae,
305 414 366 463 de
403 419 540 463 motu
578 419 782 462 octavae
821 413 1058 476 sphaerae
1096 415 1351 477 apparenti
1391 412 1615 478 (materia
1652 413 1763 461 libri
1794 411 1946 479 VII.).

273 487 417 550 Quae
460 492 581 535 sunt
628 486 911 550 hypotheses
954 487 1040 536 s'eu
1082 488 1371 549 principia,
1425 486 1607 549 quibus
1662 489 1977 535 astronomia
2031 485 2386 548 Gopernicana

122 560 289 609 salvat
324 552 670 622 apparentiae
693 561 750 607 in
787 560 1006 608 motibus
1036 561 1372 622 planetarum
1403 557 1676 620 propriis?
1725 558 1865 607 Haec
1890 565 2004 606 sunt
2043 562 2379 622 potissimum:

132 636 175 682 l.
217 631 382 682 Solem
421 634 471 680 in
509 639 674 681 centro
712 631 950 695 sphaerae
987 633 1193 680 fixarum
1238 631 1338 699 (vel
1377 628 1538 698 quasi)
1577 629 1869 680 collocatum
1910 646 2042 691 esse,
2085 632 2382 694 immobilem

123 704 248 753 loco.
326 707 374 754 2.
425 705 659 762 Planetas
709 705 927 768 singulos
965 707 1150 754 moveri
1190 720 1241 755 re
1281 719 1398 754 vera
1424 703 1764 753 ,eirca·’Solem
1806 705 1855 751 in
1894 705 2099 766 singulis
2138 712 2382 769 systema-

124 778 270 836 tibus,
312 792 438 840 quac
478 793 535 827 ex
573 778 792 841 pluribus
833 778 1026 827 circulis
1063 779 1300 841 perfectis,
1342 776 1740 841 aequabilissimo
1778 782 1913 826 motu
1944 781 2207 837 conversiS,
2248 794 2383 827 com—

125 855 381 913 ponantur.
431 853 508 900 =3.
562 851 807 900 Tellurem
865 866 971 900 esse
1017 865 1166 899 unum
1223 866 1283 900 ex
1336 849 1568 914 planeti3‚
1629 851 1700 899 sic
1752 857 1804 897 ut
1856 850 2021 899 orbem
2068 853 2191 900 inter
2244 853 2383 901 orbes

124 924 296 971 Martis
344 930 391 972 et
430 924 646 973 Veneris·
681 924 891 974 medium
943 938 1104 973 annuo
1157 932 1292 973 motu
1342 925 1470 972 cirea
1519 923 1683 972 Solem
1733 922 1988 988 describat.
2067 925 2111 971 4¹.
2167 924 2382 987 Propor-
2456 949 2457 953 =

123 998 305 1045 tionem
345 997 474 1046 orbis
513 997 675 1059 hujuS,
717 997 883 1046 collati
922 996 983 1045 ad
1025 989 1311 1046 diametrum
1348 997 1585 1059 sphaerae
1624 996 1852 1057 fixarum,
1907 1011 2013 1044 esse
2053 998 2383 1046 insensibilem

123 1069 345 1133 adeoque
397 1072 662 1120 immensae
711 1070 932 1119 similem.
1013 1071 1058 1118 5.
1110 1069 1378 1133 Sphaeram
1427 1070 1597 1118 Lunae
1652 1070 1863 1118 ordinari
1914 1071 2040 1117 eirca
2078 1070 2278 1119 Terram
2330 1079 2385 1120 ut

124 1150 340 1192 centrum
380 1158 545 1203 suum,
595 1145 666 1191 sic
714 1149 768 1191 ut
805 1148 966 1191 motus
1006 1157 1196 1191 annuus
1249 1144 1376 1191 cirea
1415 1143 1578 1193 Solem
1633 1139 1710 1210 (et
1747 1145 1818 1192 sic
1856 1142 1915 1191 de
1954 1143 2063 1191 loco
2103 1145 2152 1191 in
2192 1141 2381 1212 locum)

122 1217 212 1265 toti
249 1216 695 1280 sphaeraeLunae
734 1230 844 1265 cum
882 1214 1077 1265 Tellure
1117 1218 1384 1264 eommunis
1423 1217 1501 1264 sit.
1889 1249 1891 1251 ·

273 1289 446 1339 Censes
482 1296 566 1350 tu,
618 1289 885 1338 retinenda
922 1303 1019 1338 esse
1054 1291 1313 1352 principia
1359 1291 1455 1336 ista
1500 1291 1557 1337 in
1593 1290 1687 1336 hac
1728 1288 2000 1351 Epitome‘?
2037 1288 2180 1337 ‘Cum
2220 1295 2381 1339 astro-

126 1364 291 1412 nomia
329 1362 452 1411 duos
489 1363 610 1411 fines
648 1362 854 1418 habeat,
906 1361 1098 1411 salvare
1148 1364 1460 1426 apparentias
1513 1368 1562 1410 et
1613 1361 1956 1425 contemplari
1978 1363 2240 1425 genuinam
2280 1363 2382 1412 for—

120 1451 246 1484 mam
286 1435 493 1485 aedifieii
532 1435 779 1497 mundani,
820 1434 879 1484 de
918 1436 1095 1498 quibus
1135 1441 1298 1484 aetum
1331 1442 1404 1484 est
1442 1435 1566 1483 libro
1593 1434 1632 1482 I.
1672 1435 1789 1484 folio
1833 1437 1932 1484 119
1973 1450 2028 1495 s.,
2069 1436 2131 1483 ad
2171 1437 2379 1499 primum

126 1509 324 1572 quidem
362 1509 505 1558 finem
544 1523 639 1557 non
678 1514 752 1557 est
789 1522 911 1573 opus
952 1509 1176 1557 omnibus
1214 1508 1348 1558 hisce
1386 1510 1654 1571 principiis,
1696 1508 1781 1557 sed
1820 1514 2025 1572 possunt
2062 1508 2230 1571 aliqua
2268 1525 2379 1558 mu-

122 1583 237 1643 tari,
277 1581 445 1645 aliqua
484 1583 667 1642 omitti,
717 1581 986 1631 secundum
1027 1583 1172 1631 etiam
1212 1583 1485 1631 necessario
1527 1587 1601 1630 est
1639 1581 2022 1644 emendandum3
2071 1581 2134 1631 ad
2173 1582 2378 1632 alterum

122 1656 267 1704 finem
304 1657 396 1704 etsi
433 1655 706 1704 necessaria
743 1661 856 1703 sunt
893 1655 1143 1718 pleraque,
1184 1654 1597 1704 nondum-tamen
1637 1656 1731 1703 ista
1769 1655 2029 1704 sufficiunt.

191 1735 195 1738 ⁴
274 1730 544 1792 Quaenam
589 1730 772 1778 horum
807 1731 1181 1792 principiorum
1217 1735 1429 1790 possunt
1469 1731 1664 1778 mutari
1703 1729 1779 1777 vel
1816 1731 1980 1778 omitti
2015 1730 2169 1777 salvis
2208 1744 2377 1791 appa-

122 1802 339 1850 rentiis?
391 1801 563 1866 Tycho
590 1801 810 1850 Braheus
851 1801 1151 1850 demonstrat
1189 1803 1517 1866 apparentiaS,
1557 1807 1745 1850 mutato
1784 1803 1941 1864 primo
1968 1807 2017 1850 et
2041 1803 2212 1850 tertio:
2254 1802 2377 1851 Ter·
2424 1830 2429 1835 -

122 1890 225 1923 ram
277 1875 404 1924 enim
457 1876 560 1938 ipse
612 1889 722 1923 cum
764 1874 1008 1924 veteribus
1057 1874 1268 1923 collocat
1313 1876 1361 1921 in
1417 1881 1579 1924 centro
1625 1874 1793 1923 mundi
1831 1875 2158 1936 immobilem,
2212 1873 2377 1924 Solem

47 1942 49 1945 ⁴
120 1962 252 2008 vero,
293 1949 376 2011 qui
415 1953 631 2013 centrum
670 1953 719 1996 et
756 1948 849 2010 ipsi
888 1953 963 1996 est
1001 1948 1190 1997 orbium
1229 1948 1443 2011 quinque
1481 1947 1879 2012 planetariorum,
1920 1964 2028 1998 cum
2068 1950 2176 2013 ipso
2214 1953 2376 2011 syste-

122 2028 250 2071 mate
289 2021 603 2084 sphaerarum
642 2022 855 2069 omnium
894 2021 1011 2070 facit
1048 2035 1211 2070 annuo
1251 2023 1494 2070 communi
1534 2027 1667 2069 motu
1707 2023 1957 2072 circumire
1996 2024 2123 2070 eirea
2159 2021 2393 2083 Terram„

122 2095 237 2143 dum
275 2095 464 2144 interim
502 2095 551 2141 in
589 2093 684 2143 hoe
724 2095 966 2143 communi
1003 2100 1269 2159 systemate
1309 2094 1513 2158 quilibet
1551 2095 1749 2157 planeta
1800 2110 1916 2144 suos
1956 2096 2176 2159 proprios
2214 2101 2375 2149 motus
2401 2114 2410 2117 ·’

123 2168 329 2217 conficit.
393 2166 630 2229 Quartum
657 2182 773 2217 vero
799 2167 928 2218 idem
955 2170 1147 2232 penitus
1174 2168 1364 2226 omittit,
1403 2168 1608 2217 fixarum
1648 2167 1905 2231 sphaeram
1943 2182 2041 2217 non
2080 2168 2234 2217 multo
2268 2184 2375 2218 ma—

117 2241 276 2304 jorem
314 2239 564 2302 exhibens,
605 2255 753 2303 quam
793 2248 866 2291 est
904 2241 1113 2306 sphaera
1150 2241 1363 2290 Saturni.

270 2313 414 2376 Quae
461 2316 676 2362 vicissim
726 2315 831 2364 loco
867 2315 1077 2364 secundi
1105 2316 1356 2376 principii
1375 2311 1668 2373 substituis,
1719 2321 1764 2363 et
1814 2330 1945 2378 quae
1982 2317 2193 2378 insuper
2229 2315 2374 2364 addis

121 2386 191 2433 ad
232 2389 514 2448 yenuinam
563 2387 788 2442 formam
838 2388 1094 2437 mundani
1138 2388 1414 2450 domicilii,
1463 2402 1549 2436 seu
1585 2394 1809 2437 naturae
1857 2389 1978 2446 coeli
2019 2390 2375 2450 pertinentia?

124 2459 228 2507 Etsi
266 2459 476 2522 planetis
514 2459 718 2523 singulis
755 2460 932 2522 singuli
971 2459 1277 2523 relinquendi
1314 2466 1426 2510 sunt
1464 2467 1623 2509 motus
1664 2463 1789 2522 veri,
1830 2467 2045 2510 attamen
2082 2461 2188 2510 hos*
2211 2467 2373 2510 motus

122 2533 215 2596 ipsi
267 2539 523 2581 moventur
566 2547 666 2582 non
713 2547 766 2581 se
805 2535 925 2598 ipsis
963 2547 1053 2582 nec
1089 2549 1175 2597 per
1213 2535 1577 2584 conversionem
1616 2534 1956 2598 sphaerarum,
2009 2550 2136 2597 quae
2187 2535 2372 2584 solidae

121 2604 285 2654 nullae
324 2611 451 2665 sunt,
491 2605 578 2653 sed
604 2605 690 2654 Sol
728 2607 776 2653 in
815 2612 979 2655 centro
1018 2606 1201 2668 mundi,
1241 2621 1504 2656 conversus
1543 2609 1671 2656 eirea
1709 2610 1922 2671 corporis
1961 2609 2037 2655 sui
2077 2613 2293 2656 centrum
2325 2615 2374 2657 et

122 2694 291 2738 axem,
340 2678 433 2727 hac
470 2679 546 2727 sui
585 2681 901 2729 conversione
939 2679 994 2733 fit,
1028 2680 1239 2743 planetis
1277 2680 1481 2743 singulis
1521 2695 1671 2730 causa
1709 2679 2052 2730 circumeundi.
2131 2680 2371 2744 AmpliuS,

123 2753 215 2802 etsi
251 2751 478 2815 planetae
517 2766 567 2801 re
609 2765 724 2801 vera
763 2751 885 2801 fiunt
922 2768 952 2801 a
990 2752 1119 2802 Solis
1158 2759 1321 2802 centro
1366 2756 1646 2814 eecentriei,
1699 2769 1794 2802 non
1845 2760 1957 2802 sunt
2008 2760 2169 2802 tamen
2219 2753 2372 2816 aliqui

123 2825 288 2875 circuli
330 2826 639 2885 minutiores,
695 2824 900 2889 epieyeli
940 2825 1078 2885 dieti,
1131 2827 1215 2888 qui
1254 2827 1572 2876 conversione
1612 2827 1687 2875 sui
1729 2829 1918 2876 varient
1955 2826 2077 2875 haec
2115 2827 2374 2876 intervalla

0 2884 1 2925 ἕ
48 2952 50 2955 ,
121 2897 348 2961 planetae
388 2904 437 2948 et
474 2896 629 2958 Solis,
668 2897 754 2947 sed
792 2899 900 2962 ipsa
939 2898 1240 2963 planetarum
1279 2913 1481 2963 corpora
1522 2902 1567 2947 vi
1608 2900 1755 2948 insita
1792 2900 2027 2963 praebent
2065 2902 2372 2950 occasionem

122 2970 237 3020 huic
275 2971 550 3021 variationi.

270 3045 414 3109 Quae
450 3046 610 3106 iyitur
646 3046 741 3091 erit
779 3047 996 3093 materia
1034 3045 1153 3093 libri
1190 3047 1363 3107 quarti
1377 3045 1400 3092 ⁶?
1442 3045 1722 3095 Continebit
1758 3044 1883 3094 liber
1920 3047 2011 3095 iste
2052 3045 2138 3094 IV.
2181 3046 2370 3109 ipsissi-

122 3133 249 3167 mam
284 3118 541 3182 physicam
579 3115 865 3175 coelestem,
916 3131 1002 3166 seu
1052 3118 1252 3167 sormam
1293 3123 1342 3166 et
1381 3119 1592 3166 rationes
1632 3117 1789 3181 operis
1827 3117 2058 3167 mundani
2098 3120 2371 3183 causasque

56 3240 61 3242 s
125 3193 364 3254 genuinas
414 3197 650 3240 motuum.
727 3190 788 3237 Et
835 3189 930 3238 hoc
974 3191 1064 3239 erit
1115 3190 1234 3238 illud
1273 3191 1554 3253 primarium
1604 3192 1867 3239 astronomi
1914 3206 2111 3255 munna,
2165 3192 2222 3242 de
2272 3208 2369 3256 quo

122 3261 208 3312 lib.
251 3264 290 3312 Ι.
330 3279 442 3329 pag.
490 3265 589 3312 120
628 3278 685 3322 s.,
727 3262 830 3311 scil.
873 3262 1218 3313 demonstratio
1258 3262 1600 3327 hypothesium
1639 3277 1851 3312 suarum.

267 3337 476 3386 Recense
522 3337 638 3385 libri
679 3335 712 3383 I
720 3337 776 3383 V.
828 3341 1000 3398 partes
1034 3337 1342 3419 primarias.
1419 3335 1590 3385 Partes
1636 3336 1744 3385 libri
1783 3337 1871 3386 IV.
1921 3339 2224 3402 potissimum
2275 3344 2371 3387 tres

125 3415 289 3459 erunt.
319 3405 494 3459 Prima
535 3407 594 3458 de
633 3409 915 3472 corporibus
953 3409 1088 3471 ipsis,
1128 3407 1344 3458 secunda
1371 3407 1429 3457 de
1457 3422 1710 3473 corporum
1738 3406 1931 3460 illorum
1960 3413 2187 3472 motibuS,
2230 3414 2370 3461 tertia

125 3481 183 3532 de
220 3488 437 3533 motuum
472 3482 810 3532 accidentibus
848 3481 1075 3531 realibus.

265 3556 428 3606 Prima
466 3559 595 3605 enim
635 3555 829 3605 docebit
869 3555 1297 3603 conformationem
1339 3556 1486 3604 totius
1527 3556 1754 3617 universi,
1795 3556 2154 3606 distinctionem
2190 3558 2295 3620 ejus
2323 3560 2368 3604 in

124 3635 284 3689 partes
321 3643 407 3678 seu
443 3631 664 3692 regiones
703 3629 1005 3692 praecipuaS,
1045 3626 1203 3675 locum
1244 3626 1372 3677 Solis
1411 3628 1458 3675 in
1499 3627 1603 3691 ejus
1638 3634 2137 3692 ce11t1·o;,numerum,
2177 3631 2367 3692 magni-

128 3698 340 3749 tudinem
378 3708 428 3750 et
465 3702 681 3751 ordinem
721 3716 807 3752 seu
845 3703 991 3750 situm
1032 3700 1344 3763 sphaerarum
1382 3700 1785 3765 planetariarum3
1840 3702 2046 3766 denique
2092 3704 2367 3766 proportio-

128 3784 236 3819 nem
284 3774 405 3822 inter
453 3790 505 3824 se
558 3777 773 3824 omnium
824 3773 989 3823 mundi
1038 3786 1306 3836 corporum.
1383 3773 1607 3824 Secunda
1647 3775 1806 3825 tradet
1843 3777 2198 3825 revolutionem
2237 3775 2366 3823 Solis

129 3843 254 3896 circa
290 3859 429 3897 suum
467 3862 606 3899 axem
645 3848 850 3913 ejusque
889 3848 1112 3899 effectum
1151 3848 1198 3895 in
1238 3847 1618 3911 circumagendis
1656 3849 1889 3914 planetis,
1944 3864 2117 3901 causas
2161 3862 2366 3917 propor-
