2554 4140
769 129 908 175 Liber
937 129 1150 187 Quartus,
1211 128 1324 175 Pars
1354 127 1578 174 Secunda.
2196 128 2299 180 339

38 281 198 344 jectas
236 284 396 328 motor
431 276 511 327 vel
559 278 822 339 perspiciat
871 278 952 327 vel
1001 277 1259 327 efformet?
1315 277 1541 339 Denique
1592 291 1691 325 non
1742 275 1834 324 fert
1881 275 2154 338 theologia,
2203 289 2300 324 non

43 358 439 408 rerumnatura,
491 356 545 397 ut
584 349 924 406 PtolemaeuS,
964 351 1134 413 gentili
1172 351 1515 414 superstitione
1554 351 1799 409 imbutus,
1840 356 1970 398 astra
2008 349 2141 397 Deos
2179 349 2302 396 visi-

42 427 167 474 biles
215 426 361 472 saciat
418 422 497 489 (ex
543 427 740 470 aeterna
789 437 855 471 sc.
915 425 1129 486 ipsorum
1174 425 1389 472 motione
1448 424 1599 470 vitam
1653 422 1971 470 immortalem
2020 418 2304 484 conjiciens)

42 497 236 559 illisque
268 495 379 560 plus
418 495 613 553 tribuat,
654 509 801 558 quam
828 496 964 545 Deus
1005 499 1108 561 ipse
1148 495 1370 545 conditor
1407 487 1572 556 habet,
1614 501 1667 542 ut
1705 494 1890 549 scilicet
1925 496 2136 543 rationes
2180 507 2303 557 geo-

41 573 268 620 metricae
323 567 566 630 simplices
612 570 708 615 sint
756 568 875 629 illis,
935 584 1061 632 quae
1100 575 1213 617 sunt
1250 583 1300 617 re
1339 582 1457 616 vera
1507 569 1833 630 compositae,
1882 581 2184 631 quarumque
2223 568 2303 615 in-

42 643 291 692 tellectum
329 641 466 690 Deus
505 640 706 701 homini,
748 643 949 704 imagini
987 657 1121 702 suae,
1161 655 1464 690 communem
1502 654 1668 689 secum
1706 654 1812 688 esse
1851 639 2022 688 voluit.

189 714 288 762 Dic
324 716 477 762 etiam
499 716 799 762 sententiam
828 716 1119 772 Aristotelis,
1159 714 1409 778 quomodo
1446 715 1548 775 ipse
1569 717 1711 776 putet
1744 712 1978 775 planetas
2001 712 2305 760 circumire?

42 786 350 847 Aristoteles,
391 785 563 835 solidis
601 787 800 835 orbibus
836 787 1026 836 coelum
1062 787 1289 837 refertum
1329 786 1528 836 credens
1557 785 1688 851 (licet
1727 786 2028 848 aequivocae
2054 785 2306 849 materiae)

45 869 94 910 et
128 859 407 923 philosophi
446 861 770 925 posteriores,
821 873 944 923 quos
984 861 1140 909 secuti
1179 874 1285 908 esse
1327 859 1550 908 videntur
1587 859 1777 907 Arabes
1817 864 1865 906 et
1902 862 2016 920 post
2054 871 2138 906 eos
2177 857 2305 905 Pur-

41 933 260 994 bachius,
299 932 618 981 Theoriarum
657 935 887 996 scriptor,
926 932 991 994 hi,
1032 934 1255 994 inquam,
1286 934 1495 995 primum
1534 931 1841 981 crediderunt
1877 931 2203 979 astronomiae
2245 929 2305 979 de

39 1020 240 1055 numero
293 1005 607 1067 circulorum,
659 1005 720 1054 ad
761 1005 1162 1054 demonstrandas
1201 1007 1514 1069 apparentias
1549 1005 1855 1065 neeessari03
1908 1005 1978 1051 sic
2017 993 2304 1052 Aristoteles

42 1078 246 1128 Eudoxo
295 1085 344 1128 et
383 1077 586 1142 Calippo
635 1078 839 1127 credidit
877 1078 936 1127 de
992 1079 1191 1127 orbibus
1233 1078 1315 1125 25.
1391 1078 1486 1127 His
1524 1078 1726 1126 totidem
1766 1075 1987 1126 attribuit
2023 1076 2304 1137 intelligen-

40 1155 136 1201 tias
174 1154 425 1213 motriceS,
476 1165 606 1214 quae
643 1147 835 1214 periodi
869 1158 1061 1214 tempus
1099 1156 1147 1199 et
1186 1150 1385 1215 plagam
1422 1151 1613 1211 mundi,
1655 1153 1702 1198 in
1743 1164 1891 1213 quam
1930 1156 2058 1198 esset
2096 1148 2303 1198 tenden-

43 1225 185 1290 dum,
236 1231 397 1274 mente
437 1227 880 1287 circumgestarent.
957 1223 1080 1272 Cum
1130 1230 1294 1272 autem
1344 1229 1474 1273 esset
1523 1223 1808 1284 verisimile,
1867 1236 2033 1271 omnes
2073 1222 2136 1272 ad
2171 1221 2305 1270 'idem

41 1300 332 1363 principium
368 1299 622 1360 respicere,
663 1295 955 1346 Aristoteles
993 1297 1069 1344 his
1109 1296 1176 1344 25
1209 1296 1407 1345 orbibus
1435 1296 1557 1346 alios
1597 1299 1666 1345 24
1694 1297 1885 1347 censuit
1910 1293 2303 1358 interponendos,

41 1366 163 1435 q‘nos
213 1368 570 1429 ἀνελιττοντας,
618 1369 959 1431 revolventeS‚
1014 1368 1306 1434 appellavit:
1364 1368 1419 1418 ut
1455 1370 1644 1419 scilicet
1695 1370 1892 1418 inferior
1930 1370 2136 1432 quisque
2175 1368 2306 1416 orbis

41 1457 100 1494 eo
154 1450 326 1507 raptu,
385 1458 529 1506 quem
585 1450 780 1507 propter
833 1445 1202 1505 contiguitatem
1255 1442 1613 1506 superficierum
1653 1449 1758 1492 erat
1806 1458 1837 1491 a
1886 1443 2132 1506 superiore
2186 1455 2307 1504 pas-

40 1531 210 1578 surus,
259 1531 347 1580 per
383 1518 720 1580 interpositum
758 1515 1091 1565 revolventem
1127 1515 1436 1578 liberaretur,
1489 1516 1685 1580 aequali
1724 1522 1939 1580 tempore
1976 1516 2210 1564 nitentem
2257 1516 2306 1560 in

41 1591 335 1640 eontrarium
383 1591 646 1653 superioris
698 1603 854 1651 eoque
904 1590 1068 1639 renisu
1121 1590 1333 1653 speciem
1382 1578 1677 1652 quiescentis
1725 1589 2062 1652 praebentem,
2119 1590 2166 1635 in
2207 1601 2304 1650 quo

39 1663 177 1713 velut
213 1665 263 1710 in
300 1663 410 1712 loco
448 1661 687 1711 immobili
724 1663 922 1711 inferior
957 1664 1151 1711 innixus
1188 1677 1328 1710 suam
1383 1662 1680 1724 peculiarem
1718 1661 1971 1727 periodum
2011 1660 2306 1711 absolveret.

40 1736 120 1786 Ita
168 1737 409 1800 cujusque
458 1736 588 1784 orbis
635 1741 794 1784 motor
845 1735 949 1784 orbi
1000 1749 1091 1784 suo
1130 1741 1178 1784 et
1217 1735 1441 1784 omnibus
1487 1735 1820 1797 inferioribus,
1878 1749 2001 1798 quos
2049 1740 2178 1783 esset
2225 1732 2308 1782 ille

43 1808 340 1873 complexus,
378 1817 565 1857 motum
604 1806 1057 1871 aequabilissimum
1094 1810 1143 1855 in
1184 1808 1299 1857 orbe
1338 1811 1606 1873 superiore,
1647 1810 1733 1873 qui
1769 1823 1821 1857 se
1860 1809 2076 1872 proxime
2116 1808 2307 1855 contin-³

0 1902 2 1929 ι
45 1889 207 1947 geret,
258 1888 506 1947 praestare
555 1882 876 1931 statuebatur.
954 1881 1028 1930 Ac
1077 1896 1184 1930 cum
1236 1875 1501 1945 placuisset
1536 1881 1608 1929 illi
1647 1879 1941 1947 philosopho
1954 1917 1965 1942 ,
2020 1884 2206 1929 motum
2244 1879 2308 1927 ab

0 1935 7 2011 l
44 1946 244 2006 aterno
282 1970 406 2016 esse,
445 1962 659 2004 motores
699 1969 895 2018 quoque
918 1955 1090 2003 statuit
1128 1960 1351 2004 aeternos
1391 1960 1440 2004 et
1474 1956 1841 2016 immateriatos,
1883 1953 2016 2017 quod
2054 1952 2307 2001 infinitatis

43 2040 139 2078 non
176 2035 339 2078 essent
374 2030 577 2093 capacia
615 2031 894 2077 materiata:
945 2026 1243 2090 sequebatur
1279 2029 1449 2090 igitur,
1489 2035 1701 2077 motores
1742 2043 1847 2077 esse
1886 2028 2124 2091 principia
2161 2040 2308 2089 sepa-

8 2147 9 2154 ,
43 2108 150 2150 rata
186 2109 236 2151 et
272 2102 554 2150 immobilia.
630 2101 754 2150 Cum
793 2107 957 2151 autem
996 2100 1119 2150 haec
1158 2103 1404 2150 essentiae
1438 2101 1664 2150 coelestis
1698 2100 1888 2150 duratio
1927 2109 2126 2150 aeterna
2166 2099 2310 2148 vide-

45 2180 178 2224 retur
213 2174 284 2223 illi
308 2176 459 2224 totius
494 2173 661 2223 mundi
691 2174 887 2223 bonitas
925 2179 971 2223 et
993 2174 1242 2238 perfectio,
1284 2175 1465 2238 quippe
1492 2176 1720 2238 opposita
1743 2175 1973 2235 interitui,
2015 2175 2099 2236 qui
2125 2171 2305 2221 malum

43 2247 163 2312 quid
202 2253 331 2296 erat:
378 2249 627 2312 principiis
665 2262 862 2311 quoque
901 2247 999 2296 illis
1038 2246 1379 2311 perfectionem
1427 2259 1667 2296 summam
1703 2247 1874 2296 tribuit
1920 2247 2123 2310 ejusque
2159 2245 2308 2294 intel-

43 2319 324 2382 lectionem,
374 2327 423 2369 et
461 2336 519 2370 ex
558 2320 807 2370 intellectu
846 2321 959 2370 boni
999 2320 1303 2370 voluntatem
1340 2319 1391 2368 id
1428 2319 1785 2385 prosequendi,
1825 2311 1909 2382 he,
1953 2320 2085 2384 quod
2123 2319 2305 2369 bonum

46 2400 144 2454 est,
198 2407 295 2441 non
335 2392 459 2442 bene
501 2394 711 2443 faceret:
770 2407 867 2457 quo
906 2398 1051 2458 pacto
1089 2400 1277 2443 mentes
1317 2399 1568 2458 separatas
1607 2399 1654 2443 et
1693 2393 1903 2457 denique
1942 2394 2101 2454 Deos,
2125 2397 2305 2455 ,aeque

3 2476 6 2505 ³
46 2473 196 2529 atque
243 2464 583 2527 Ptolemaeus,
640 2467 785 2515 nobis
840 2466 1133 2527 introduxit,
1189 2473 1351 2515 motus
1404 2466 1650 2516 coelorum
1703 2468 1929 2530 perennis
1983 2467 2307 2516 administros.

2 2506 10 2607 l
51 2537 179 2602 Quin
232 2545 282 2588 et
316 2538 535 2601 Scaliger
579 2539 881 2602 professione
922 2538 1225 2588 Christianus
1279 2538 1460 2602 aliique
1509 2545 1773 2590 sectatores
1812 2539 2089 2589 Aristotelis
2138 2537 2311 2601 dispu—

5 2609 10 2670 Ι
48 2618 168 2672 iant,
207 2611 335 2660 hunc
375 2617 560 2660 motum
600 2612 789 2660 orbium
828 2627 935 2661 esse
973 2611 1317 2673 voluntarium,
1357 2619 1406 2662 et
1441 2614 1731 2676 principium
1770 2613 2038 2662 voluntatis
2077 2611 2173 2661 illis
2200 2625 2309 2659 mo-

6 2678 11 2756 l
49 2685 233 2734 toribus
272 2698 378 2733 esse
416 2683 791 2734 intellectionem
831 2691 879 2734 et
917 2684 1223 2735 desiderium.
1299 2685 1363 2733 Et
1400 2700 1518 2735 sane
1565 2688 1606 2735 si
1644 2685 1854 2735 mundus
1903 2692 2127 2735 aeternus
2166 2689 2308 2742 esset,

7 2759 13 2824 l
52 2756 183 2822 qnod
221 2757 538 2806 contenderat
576 2756 878 2818 Aristoteles,
919 2758 982 2807 ad
1020 2759 1271 2806 minimum
1309 2757 1458 2822 plaga
1496 2766 1643 2817 certa,
1684 2761 1730 2806 in
1771 2773 1917 2821 quam
1958 2758 2173 2807 volvitur
2199 2756 2310 2819 pla-

8 2826 11 2886 ’ζ
49 2837 176 2891 neta,
215 2836 473 2879 testaretur
510 2829 571 2878 de
610 2829 952 2881 intellectione.
1026 2831 1218 2894 Negare
1257 2832 1385 2880 enim
1425 2830 1684 2880 Christiani
1724 2845 1821 2879 non
1859 2845 2134 2896 possumus,
2174 2843 2311 2878 sum-

10 2904 15 2967 2,
52 2915 178 2953 -m
214 2905 504 2968 sapientiam
543 2902 848 2967 praesedisse
885 2904 1177 2954 institutioni
1213 2911 1446 2964 motuum,
1489 2919 1587 2966 qua
1619 2906 1667 2952 in
1706 2904 1901 2968 plagam
1929 2903 2135 2967 quilibet
2171 2916 2310 2951 suam

11 2984 14 3028 ἐ
52 2970 277 3026 issimus
323 2983 371 3027 et
421 2977 564 3039 quasi
618 2991 643 3024 e
682 2976 955 3026 carceribus
1006 2979 1053 3024 in
1104 2991 1196 3026 sua
1249 2979 1409 3041 spatia
1447 2975 1673 3026 dimissus
1711 2977 1828 3025 fuit:
1882 2976 1930 3024 id
1980 2990 2312 3042 vero-munus

12 3101 13 3105 ,
57 3047 338 3099 Aristoteles
389 3049 659 3098 motoribus
699 3051 830 3113 ipsis,
872 3050 1052 3114 quippe
1091 3052 1312 3111 aeternis,
1355 3050 1694 3113 transscripsit.
1771 3048 1984 3099 Additae
2019 3051 2165 3098 etiam
2203 3049 2313 3097 fue-

12 3115 15 3154 3
56 3128 166 3171 mut
200 3124 389 3171 animae
427 3124 676 3182 metrices,
729 3121 1085 3185 orbibusipsis
1123 3124 1300 3172 arctius
1351 3121 1582 3185 alligatae
1636 3135 1819 3184 eosque
1866 3122 2202 3184 informantes,
2258 3127 2314 3169 ut

14 3233 17 3240 ,
59 3193 372 3259 intelligentia
409 3193 744 3244 tantummodo
784 3195 1053 3254 assisteret,
1097 3195 1176 3243 vel
1214 3194 1347 3257 quod
1388 3208 1588 3243 necesse
1627 3193 1898 3256 videretur,
1938 3201 2173 3245 motorem
2210 3196 2312 3259 pri-

58 3278 188 3316 num
224 3275 274 3318 et
308 3269 488 3317 mobile
537 3269 585 3315 in
634 3267 801 3330 aliquo
840 3269 982 3315 tertio
1021 3268 1310 3328 convenire,
1366 3266 1446 3315 vel
1483 3266 1616 3330 quod
1653 3265 1874 3331 potentia
1910 3273 2072 3317 motus
2124 3270 2313 3318 ratione

15 3361 20 3416 ξ
57 3341 200 3402 spatii
235 3341 507 3404 trajiciendi
544 3341 681 3389 finita
719 3346 870 3400 esset,
909 3353 999 3388 nec
1036 3338 1256 3388 infinitae
1297 3338 1559 3389 celeritatis
1598 3346 1727 3389 esset
1761 3346 1936 3404 motus,
1975 3341 2061 3391 sed
2098 3346 2314 3404 tempore

17 3426 19 3432 ’
60 3408 351 3476 doeoeiptns,
398 3414 461 3463 ad
501 3416 712 3478 spatium
752 3411 1014 3462 admoneo:
1069 3410 1201 3474 quod
1239 3417 1524 3475 argumento
1565 3418 1692 3474 erat,
1741 3418 1920 3463 certam
1960 3420 2009 3464 et
2047 3414 2313 3463 dimensam

18 3501 19 3507 ¹
59 3495 163 3534 ene
203 3488 565 3550 proportionem
612 3488 862 3551 potentiae
912 3486 1127 3533 metricis
1178 3483 1240 3532 ad
1289 3498 1465 3548 corpus
1515 3484 1694 3534 mobile
1745 3485 1905 3549 adque
1955 3489 2131 3551 spatia.
2219 3486 2314 3534 Per

19 3559 21 3618 ἶ
62 3553 186 3606 lunc
219 3560 387 3622 itaque
422 3559 718 3609 soliditatem
759 3560 944 3607 orbium
998 3564 1048 3605 et
1085 3571 1171 3621 per
1209 3563 1510 3606 constantem
1549 3557 1878 3608 fortitudinem
1918 3562 2164 3623 potentiae
2205 3573 2315 3606 mo-

62 3629 189 3678 trieis
240 3631 463 3680 omnibus
519 3634 715 3681 omnino
777 3632 988 3680 motibus
1044 3644 1130 3677 seu
1180 3632 1478 3693 appetentiis
1535 3630 1827 3680 coelestibus
1875 3633 1946 3681 ita
2006 3637 2313 3696 prospectum

22 3730 24 3747 ι
64 3705 183 3756 erat,
219 3707 272 3750 nt
307 3703 420 3753 dato
458 3711 618 3753 motus
652 3706 891 3768 principio
928 3704 1030 3765 jam
1055 3716 1196 3766 porro
1236 3704 1389 3750 omnis
1416 3705 1628 3753 varietas
1663 3714 1883 3754 motuum
1912 3719 1971 3754 ex
1997 3705 2315 3769 dispositione

22 3790 28 3841 5
65 3777 114 3819 et
147 3771 421 3835 pluralitate
459 3778 646 3826 orbium
685 3777 1084 3841 proficisceretur,
1126 3776 1229 3822 sine
1268 3774 1435 3824 labore
1463 3783 1550 3825 aut
1586 3777 1910 3827 sollieitudine
1936 3777 2313 3839 intelligentiae3

24 3870 25 3878 κ
67 3845 479 3910 movebanturque
525 3850 668 3901 orbes
714 3863 860 3912 super
913 3848 1042 3912 polis
1092 3848 1455 3910 quiescentibus
1508 3863 1567 3899 eo
1611 3850 1710 3900 fere
1748 3850 1921 3911 modo,
1975 3864 2073 3914 quo
2113 3848 2236 3897 libro
2274 3847 2316 3896 I.

1843 3934 1971 3985 22⁹*
