2554 4140
611 127 751 174 Liber
779 128 1031 176 Secundus.
1089 131 1160 176 De
1192 131 1396 188 Sphaera
1426 136 1475 186 et
1503 132 1682 178 circulis
1713 133 1824 190 ejus.
2088 117 2090 120 ¹
2246 141 2349 190 197

99 293 191 328 nee
226 279 326 328 late
363 283 548 341 patent,
587 276 674 326 sed
713 281 1057 330 circumsessae
1097 281 1458 345 conspiciuntur
1495 281 1558 328 ab
1595 282 1859 343 universali
1898 297 2062 332 causa.
2125 283 2280 348 Igitur
2307 286 2359 332 in

97 353 191 402 hoc
228 353 396 400 intimo
434 351 724 414 sphaerulae
763 352 965 413 globulo
1006 353 1281 418 depingitur
1316 354 1459 402 nobis
1486 353 1659 401 modus
1700 368 1876 404 causae
1905 357 2146 406 coelestis.
2211 357 2355 407 Adde

98 424 230 487 quod
278 426 326 470 in
375 423 468 472 hac
518 429 684 472 nostra
734 425 927 488 Europa
977 427 1182 490 ejusque
1227 426 1532 475 nobilissima
1583 425 1698 474 olim
1754 434 1889 489 parte
1932 428 2141 479 Graecia
2179 444 2358 479 causae

102 503 347 545 terrestres
387 510 494 544 cum
516 496 810 546 coelestibus
850 502 1355 563 egregieconspirare
1391 498 1719 562 deprehensae
1759 507 1873 548 sunt
1911 517 1940 549 a
1977 504 2144 564 primis
2184 505 2360 552 artium

97 569 267 618 harum
306 570 654 618 inventoribus.
732 571 1045 621 Vertentibus
1085 575 1211 622 enim
1250 574 1424 622 faciem
1450 571 1512 620 ad
1552 573 1784 621 orientem
1824 588 1853 621 a
1879 573 2059 623 dextris
2100 582 2174 624 est
2200 576 2358 640 Syria,

97 642 353 705 Aegyptus
392 647 440 690 et
476 641 665 704 Africa,
713 645 938 706 regiones
975 646 1218 707 fervidae,
1259 660 1506 708 supraque
1546 645 1657 693 illas
1697 645 1904 706 Arabia,
1953 648 2232 711 Aethiopia,
2272 649 2357 697 Li-

96 715 216 778 bya,
266 728 474 763 saxosae
526 723 611 763 aut
649 731 882 766 arenosae
923 720 1173 780 regioneS,
1226 719 1500 781 cujusmodi
1552 718 1663 767 loca
1701 717 1912 767 calorem
1951 719 2079 768 Solis
2119 721 2359 783 adjuvant

93 788 141 835 in
179 788 492 849 immensum3
542 803 572 835 a
610 790 816 838 sinistris
855 796 928 839 est
966 787 1202 852 Thracia,
1253 791 1524 857 Sarmatia,
1563 791 1781 855 Scythia,
1822 806 1882 840 ex
1921 792 2059 855 cujus
2097 793 2359 855 paludibus

94 867 141 908 et
178 862 419 908 montanis
458 863 571 910 nive
610 865 749 911 tectis
788 866 922 912 venti
960 864 1120 926 frigidi
1148 866 1448 928 exspirantes
1487 865 1664 913 Istrum
1704 865 1989 927 vicinosque
2025 866 2202 914 fluvios
2241 867 2354 929 gelu

95 935 430 996 constringunt
478 949 563 996 per
609 935 819 985 hiemem
867 944 914 985 et
961 937 1088 986 unde
1137 953 1225 1000 per
1275 943 1513 987 aestatem
1553 940 1734 1011 etesiae
1783 939 1994 1001 spirant,
2042 941 2356 1003 praecipuum

98 1011 262 1058 aestus
299 1005 632 1056 lenimentum.
1991 1028 1993 1030 ·

943 1124 1040 1174 IX.
1100 1125 1168 1177 X.
1225 1126 1499 1176 Coluri.

36 1279 38 1283 y
239 1224 355 1287 Qua
410 1228 611 1275 ratione
658 1226 822 1276 coluri
872 1226 974 1276 duo
1022 1234 1142 1276 sunt
1197 1231 1253 1276 in
1309 1229 1529 1290 sphaera
1582 1228 1878 1278 constituti?
1933 1228 2195 1291 Imaginati
2247 1234 2361 1276 sunt

94 1298 359 1350 astronomi
397 1299 627 1347 circulum
667 1314 816 1347 unum
854 1315 941 1362 per
978 1300 1119 1363 polos
1153 1303 1434 1364 aequatoris
1476 1309 1524 1350 et
1550 1301 1820 1364 eclipticas,
1859 1301 2066 1350 alterum
2105 1315 2191 1364 per
2215 1301 2358 1362 polos

91 1369 244 1419 solius
282 1375 563 1433 aequatoris
610 1378 657 1421 et
694 1388 781 1435 per
818 1374 1061 1423 sectiones
1101 1374 1208 1436 ejus
1254 1383 1361 1423 cum
1403 1373 1627 1437 ecliptica
1680 1381 2037 1434 transeuntem,
2098 1379 2357 1437 utrumque

91 1458 149 1492 ex
187 1445 437 1505 maximis,
487 1452 543 1494 ut
578 1446 613 1492 ii
662 1459 898 1495 concursu
949 1453 998 1495 et
1043 1450 1258 1497 sectione
1307 1450 1383 1496 sui
1422 1454 1592 1497 mutua
1641 1450 1689 1495 in
1730 1448 1855 1512 p'olis
1895 1448 2173 1515 aequatoris
2213 1448 2355 1496 binos

89 1518 314 1579 utrinque
351 1518 492 1582 polos
530 1519 823 1581 effigiarent,
873 1536 902 1569 a
941 1521 1119 1582 quibus
1159 1521 1368 1584 sphaera
1406 1522 1699 1582 materialiS,
1753 1521 1958 1584 trajecto
1999 1535 2105 1582 axe,
2146 1535 2357 1584 suspen-

39 1586 43 1594 ’
92 1589 283 1639 deretur
322 1600 369 1638 et
407 1594 837 1655 circumageretur,
891 1599 939 1642 et
976 1596 1026 1641 in
1066 1595 1244 1656 quibus
1295 1594 1471 1658 reliqui
1510 1610 1595 1644 sex
1635 1595 1800 1643 circuli
1839 1593 2062 1662 (excepto
2102 1593 2356 1643 horizonte

91 1670 140 1712 et
178 1663 468 1726 meridiano)
509 1665 823 1728 infigerentur
862 1673 1010 1729 atque
1050 1670 1486 1731 compingeimentur
2383 1675 2385 1678 “

205 1748 259 1791 In
289 1748 518 1794 schemate
549 1750 618 1795 29.
651 1755 720 1794 est
743 1750 914 1795 BMCN
936 1749 1118 1795 colurus
1149 1751 1551 1824 aequinoctiorum,
1585 1722 1691 1806 quia
1710 1751 1772 1807 M,
1791 1751 1834 1796 N
1864 1754 1971 1795 sunt
1999 1754 2170 1807 puncta
2200 1749 2356 1806 aequi-

66 1813 315 1859 ‘noctialia
376 1815 439 1860 Et
483 1817 723 1861 OBLDPC
765 1816 946 1861 colurus
986 1816 1307 1873 solstitiorum,
1354 1815 1460 1872 quia
1491 1816 1543 1872 L,
1577 1815 1615 1871 Q
1657 1820 1764 1860 sunt
1804 1821 1974 1872 puncta
2014 1815 2273 1862 solstitialia
2312 1821 2358 1861 et

91 1880 143 1934 O,
173 1880 209 1924 P
239 1880 334 1950 poli
366 1881 615 1938 eclipticae.
2059 1911 2061 1913 ·

239 1958 499 2022 Quomodo
537 1959 904 2023 appellantur?
959 1957 1124 2007 Ooluri
1169 1973 1347 2022 graeca
1397 1973 1519 2008 voce
1568 1975 1597 2008 a
1637 1959 1906 2008 curtatione
1960 1957 2171 2019 caudae,
2224 1959 2358 2022 quod

90 2026 257 2080 ebrum
305 2038 520 2081 extrema
572 2034 700 2081 circa
748 2031 914 2096 polum
963 2033 1164 2081 inferum
1215 2047 1310 2081 non
1366 2038 1674 2081 cernerentur
1727 2047 1756 2080 a
1803 2032 1944 2080 nobis
1996 2037 2043 2080 et
2090 2035 2160 2081 sic
2198 2032 2355 2081 veluti

39 2107 308 2168 <praecisa
360 2111 523 2154 essent
570 2106 633 2154 ab
683 2105 950 2154 horizonte.
1025 2106 1087 2154 Et
1136 2107 1264 2169 prior
1321 2105 1517 2168 quidem
1565 2106 1758 2154 colurus
1797 2104 2115 2153 solstitiorum
2166 2104 2353 2167 dicitur,

90 2179 207 2242 quia
244 2181 417 2227 transit
467 2193 551 2242 per
590 2185 769 2243 puncta
808 2179 1059 2242 eclipticas
1105 2178 1407 2243 solstitialia,
1436 2179 1581 2228 vaalter
1619 2194 1735 2228 vero
1775 2177 1969 2228 colurus
2009 2179 2355 2240 aequinoctio-

43 2290 55 2308 ,
87 2265 208 2312 rum,
250 2253 367 2315 quia
405 2253 576 2300 transit
613 2266 697 2316 per
734 2257 916 2316 puncta
952 2252 1350 2314 aequinoctialia.

240 2325 511 2388 Quodnam
554 2325 741 2374 habent
787 2340 974 2374 nomen
1025 2341 1290 2375 commune
1332 2326 1434 2386 *hae
1488 2328 1722 2374 sectiones
1772 2325 2059 2388 eclipticaeP
2113 2325 2356 2374 Dicuntur

90 2403 272 2461 puncta
309 2397 605 2459 cardinalia,
656 2397 787 2461 quod
827 2400 875 2445 in
915 2400 974 2446 iis
1014 2398 1234 2448 cardines
1273 2403 1617 2463 tempestatum
1656 2400 1769 2446 anni
1825 2404 2099 2459 vertantur,
2149 2399 2243 2447 hoc
2282 2405 2356 2448 est

91 2470 223 2535 quod
261 2470 376 2520 Sole
412 2473 460 2518 in
501 2473 560 2520 iis
602 2477 825 2521 versante
862 2474 1154 2535 praecipuae
1193 2478 1463 2537 temporum
1503 2473 1798 2520 mutationes
1837 2474 2136 2534 contingant.

245 2543 383 2592 Unde
420 2544 662 2593 dicuntur
699 2546 790 2594 illa
828 2546 1252 2611 aequinoctialia,
1305 2547 1425 2594 haec
1461 2544 1781 2598 solstitialia?
1836 2544 2232 2607 Aequinoctialia
2272 2545 2353 2593 di-

21 2647 23 2671 ff
92 2624 277 2678 cuntur,
318 2617 449 2681 quod
487 2617 670 2666 ibidem
707 2620 852 2666 etiam
891 2619 1264 2680 aequinoctialis
1304 2619 1578 2681 eclipticam
1615 2623 1760 2677 secet,
1803 2624 1849 2666 et
1888 2616 2139 2680 quod‘Sol
2178 2619 2229 2665 in
2266 2618 2352 2667 illa

91 2690 307 2740 incidens
348 2691 451 2739 dies
490 2698 670 2754 aequet
694 2692 934 2740 noctibus.
1003 2691 1294 2740 Solstitialia
1320 2698 1437 2741 vero
1478 2698 1525 2740 et
1548 2692 1748 2754 tropica,
1790 2690 1922 2753 quod
1952 2690 2047 2738 illis
2085 2692 2133 2737 in
2158 2693 2353 2752 punctis

90 2766 262 2829 tropici
296 2770 498 2828 tangant
527 2765 800 2827 eclipticam
840 2771 888 2814 et
914 2764 999 2813 Sol
1026 2767 1086 2813 iis
1123 2766 1338 2814 transitis
1378 2778 1570 2814 cursum
1609 2777 1929 2812 conversurus
1958 2769 2085 2812 stare
2112 2763 2350 2814 videatur.

701 2882 790 2931 De
840 2881 1290 2931 Distinctione
1340 2882 1741 2931 circulorum.

235 2985 507 3048 Eoeplicata
553 2984 871 3046 sinyulorum
925 2986 1120 3046 oriyine
1170 2984 1250 3033 dic
1305 2986 1410 3041 iam
1449 2981 1826 3045 confirmandae
1863 2985 2136 3031 memoriae
2174 2997 2345 3045 causa,

95 3063 214 3120 quot
249 3058 409 3108 modis
458 3058 508 3105 hi
547 3056 710 3105 decem
750 3059 926 3106 circuli
978 3060 1109 3105 inter
1145 3072 1193 3105 se
1239 3055 1663 3118 distinyuantur?
1718 3053 1813 3103 Sex
1853 3054 2036 3103 modis:
2091 3055 2172 3104 vel
2223 3057 2350 3104 enim

94 3131 279 3180 ratione
304 3131 526 3193 subjecti,
568 3130 646 3178 vel
685 3131 872 3179 ratione
899 3132 1112 3193 originis,
1153 3130 1232 3178 vel
1270 3131 1457 3178 ratione
1485 3128 1786 3191 quantitatiS‚
1830 3127 1907 3176 vel
1933 3129 2120 3178 ratione
2146 3128 2347 3191 figurae,

94 3201 185 3251 vel-
210 3204 396 3253 ratione
435 3206 555 3252 situs
594 3203 657 3252 ad
697 3210 879 3251 motum
920 3204 1202 3266 comparati,
1243 3202 1322 3251 vel
1361 3203 1550 3250 ratione
1588 3206 1747 3248 motus
1786 3202 1954 3263 ipsius.

238 3280 280 3326 1.
339 3277 600 3341 Quomodo
639 3276 882 3340 differunt
920 3279 1051 3324 inter
1086 3290 1135 3323 se
1171 3278 1369 3325 ratione
1415 3274 1655 3333 subjecti?
1708 3273 1805 3322 Alii
1843 3279 1968 3323 ,sunt
2003 3275 2192 3338 ¹proprii
2243 3288 2348 3323 cer-

96 3353 253 3398 torum
306 3357 354 3399 et
393 3357 725 3413 separatorum
776 3355 1016 3398 tractuum
1057 3347 1179 3396 coeli
1218 3347 1393 3407 solius,
1447 3353 1500 3395 ut
1546 3345 1775 3396 zodiacus
1814 3353 1862 3396 et
1899 3347 2053 3396 coluri
2091 3347 2209 3408 duo,
2264 3347 2347 3395 alii

98 3417 208 3471 sulit
244 3425 422 3486 proprii
473 3429 709 3472 certorum
759 3429 808 3471 et
857 3426 1188 3484 separatorum
1228 3426 1468 3468 tractuum
1506 3419 1705 3481 Terrae,
1761 3422 1811 3468 in
1862 3419 1986 3469 coeli
2026 3435 2141 3469 vero
2189 3425 2346 3469 certos

97 3500 147 3545 ct
168 3502 418 3561 separatos
445 3502 626 3545 tractus
666 3501 778 3545 sunt
804 3494 1039 3554 tralatitii,
1079 3499 1134 3540 ut
1160 3499 1409 3555 acquator,
1451 3493 1547 3541 duo
1576 3494 1760 3557 tropici,
1803 3492 1898 3541 duo
1934 3493 2150 3557 polares;
2189 3507 2346 3555 neque

71 3568 227 3617 ,euim
276 3569 649 3618 existimandum
703 3575 797 3629 est,
859 3583 963 3633 csse
1016 3565 1207 3614 stellam
1259 3565 1406 3615 ullam
1444 3566 1591 3615 fixam
1631 3566 1707 3615 vel
1747 3569 2024 3627 erraticam,
2080 3565 2157 3615 vel
2199 3568 2345 3614 etiam

23 3642 25 3647 ’
99 3639 261 3690 Solem
305 3644 489 3706 ipsum,
541 3657 669 3705 quae
715 3648 849 3691 motu
901 3640 1110 3702 trajiciat
1163 3638 1405 3702 regionem
1446 3639 1579 3688 illam
1618 3640 1848 3700 fixarum,
1900 3641 1949 3687 in
2000 3654 2146 3702 quam
2184 3645 2345 3687 trans-

19 3772 21 3774 ,
100 3712 314 3763 feruntur
350 3715 398 3770 hi
439 3715 633 3778 circuli;
688 3715 768 3763 alii
811 3713 1017 3775 denique
1055 3726 1211 3774 neque
1251 3710 1372 3761 coeli
1410 3726 1566 3775 neque
1607 3713 1783 3762 Terrae
1821 3714 2058 3776 separatis
2097 3711 2342 3771 tractibus,

99 3785 187 3836 sed
224 3789 445 3837 omnibus
482 3790 753 3853 promiscue
783 3787 1021 3837 tralatitie
1062 3786 1373 3846 conveniunt,
1409 3787 1490 3848 qui
1519 3787 1695 3851 proprii
1736 3791 1848 3835 sunt
1873 3786 2122 3853 sphaerae,
2163 3786 2344 3833 instru-

26 3897 27 3902 ,
102 3862 248 3909 menti
287 3862 427 3925 primi
464 3868 641 3924 motus,
683 3867 736 3911 ut
771 3861 973 3911 horizon
1013 3863 1060 3908 et
1098 3856 1405 3910 meridianus.
1970 3851 1974 3856 ’
