2554 4140
836 124 974 170 Liber
1002 124 1194 170 Primus.
1263 125 1375 170 Pars
1407 123 1593 180 Quarta..
2253 128 2353 178 165

106 278 379 338 recesserit,
417 275 583 324 statim
621 276 803 323 extima
839 272 1146 338 portiuncula
1183 272 1417 336 sphaerae
1453 270 1692 332 stellatae,
1733 287 1850 336 quo·
1871 275 2026 336 vergit
2049 287 2214 336 grave,
2255 275 2356 322 vim

105 351 199 399 sibi
242 351 433 409 factam,
458 353 506 396 et
551 340 672 396 onus
710 349 939 409 ingruens
987 347 1304 410 persentiscat
1352 358 1502 406 seque
1540 343 1603 391 ad
1651 345 1700 392 id
1749 345 2079 410 repellendum
2129 347 2366 409 accingat·

107 436 311 485 cumque
348 422 519 469 ceteris
557 420 792 483 sphaerae
832 421 1138 484 portionibus
1188 418 1371 466 viribus
1412 415 1673 466 contendat
1711 419 1759 463 in
1799 432 1943 468 onere
1983 419 2269 483 expellendo
2309 426 2358 467 et

104 509 292 542 rursum
332 507 646 556 prorsumque
686 492 939 541 trudendo.
1016 491 1173 540 Multo
1214 489 1469 539 absurdius
1509 494 1644 536 tanta
1682 490 2204 553 subtilitas‘tribuetur
2241 507 2356 555 gra-

22 625 29 634 1
103 568 245 615 vibus
284 567 416 630 ipsiS,
457 565 811 614 internoscendi
852 566 977 613 hanc
1016 567 1240 627 virtutem
1279 559 1483 625 ejusque
1507 561 1698 623 -radios,
1739 562 1866 611 unde
1906 564 2111 625 quilibet
2150 565 2354 614 descen-

104 638 226 687 derit
274 644 322 687 et
366 640 567 700 quinam
604 653 663 687 ex
701 639 761 685 iis
799 638 1014 700 longior,
1064 639 1114 685 in
1151 642 1287 685 tanta
1325 637 1538 684 omnium
1589 633 1909 697 longitudine.
1985 636 2112 685 Nam
2150 639 2355 694 virtutes

101 713 402 773 magneticae
428 711 609 760 habent
646 724 761 759 suos
788 712 929 760 orbes
967 711 1358 784 proportionatos
1397 707 1662 757 secundum
1704 707 1995 756 densitatem
2035 724 2287 773 corporum
2327 726 2358 760 a

103 785 279 847 quihus
318 783 547 844 defluunt,
589 789 643 831 ut
679 797 777 831 non
814 785 863 830 in
901 784 1140 830 infinitum
1179 774 1514 830 extendantur.

246 857 333 903 Est
382 857 528 904 etiam
577 857 694 919 suga
743 870 995 918 corporum
1046 870 1132 918 per
1170 870 1221 904 se
1262 856 1517 902 contraria
1538 858 1764 912 naturae,
1822 854 1863 901 si
1911 867 2008 902 non
2060 855 2124 902 sit
2161 861 2358 918 propter

38 949 41 955 ·
100 928 262 990 aliud3
313 931 550 991 appetitio
591 943 705 977 vcro
743 936 912 976 mutua
950 942 1205 991 corporum
1242 941 1331 975 seu
1370 929 1539 987 uniti0‚
1589 928 1972 985 conservationis
2016 926 2355 989 rudimentum,

98 1007 300 1050 naturae
340 1003 502 1064 potius
541 1008 614 1050 est
641 1007 982 1051 consentanea.
1058 1000 1260 1048 Rectius
1287 1001 1434 1061 igitur
1472 999 1858 1062 philosophatur,
1900 1001 1983 1062 qui
2021 1006 2206 1048 motum
2245 1016 2358 1063 gra·
2402 1040 2403 1045 ,

100 1077 232 1122 vium
286 1074 451 1122 definit
495 1089 582 1137 per
631 1081 729 1123 vim
767 1075 999 1121 unitionis
1039 1070 1458 1140 οοιροιιιιιιΞίηῐθι·
1495 1088 1547 1122 se
1600 1073 1862 1134 similium,
1918 1087 2065 1136 quam
2116 1075 2201 1136 qui
2239 1074 2356 1138 suga

100 1149 460 1196 contrariorum.
1313 1188 1317 1189 ⁷

244 1219 428 1282 Quodsi
469 1234 545 1268 res
584 1219 646 1267 ad
698 1220 902 1266 virtutes
940 1232 966 1266 e
1005 1219 1287 1279 corporibus
1328 1220 1529 1267 emissas
1567 1218 1859 1279 revolvitur,
1915 1224 2030 1267 tunc
2068 1225 2357 1283 suppetente

32 1298 36 1300 ’
100 1293 191 1342 hac
230 1308 378 1342 causa
415 1300 574 1341 motus
613 1294 837 1355 gravium
873 1291 922 1337 in
962 1304 1161 1353 corpore
1200 1293 1473 1354 propinquo
1513 1290 1736 1351 Telluris,
1778 1306 1875 1339 non
1904 1306 2039 1354 ‘opus
2079 1298 2152 1341 est
2192 1307 2357 1341 accer-

99 1381 204 1416 sere
242 1366 387 1414 aliam
426 1383 458 1414 a
494 1379 693 1427 corpore
745 1364 945 1413 coelesti
992 1366 1332 1413 remotissima
1406 1364 1470 1412 Et
1518 1378 1752 1414 concessa
1801 1365 1888 1412 tali
1929 1368 2106 1414 virtute
2157 1367 2206 1413 in
2245 1380 2356 1414 eor-

99 1454 214 1502 pore
249 1439 452 1499 Terrae,
490 1437 764 1486 attrahendi
802 1439 999 1500 gravia,
1041 1435 1312 1485 defenditur
1349 1443 1510 1484 motus
1549 1439 1772 1499 gravium
1815 1437 1878 1486 ad
1919 1443 2133 1487 centrum
2161 1438 2355 1501 Terrae,

100 1514 289 1561 etiamsi
328 1512 477 1560 Terra
514 1525 609 1559 non
651 1513 697 1558 in
738 1517 902 1560 centro
941 1509 1111 1558 mundi
1146 1511 1303 1570 fuerit,
1344 1509 1431 1559 sed
1469 1510 1567 1558 alio
1608 1525 1899 1573 quocunque
1940 1511 2107 1559 mundi
2145 1511 2271 1560 loco.

242 1587 311 1633 At
353 1586 554 1649 fuyient
603 1586 788 1646 gravia
826 1584 889 1632 ab
928 1585 1182 1645 eoetremiS,
1236 1589 1294 1631 ut
1330 1599 1363 1630 a
1401 1583 1505 1632 Ioco
1542 1584 1811 1649 nobiliori,
1860 1584 2247 1648 transibuntque
2286 1586 2358 1634 ad

99 1661 304 1719 intima,
354 1664 412 1706 ut
460 1658 530 1706 ad
564 1658 728 1706 locum
782 1656 1129 1719 iqnobiliorem
1183 1663 1404 1704 naturae
1442 1657 1678 1719 inyem’o?
1732 1656 1871 1706 Haec
1910 1671 2105 1720 quoque
2144 1661 2268 1707 ratio
2308 1661 2357 1706 in

88 1731 428 1795 superioribus
467 1735 540 1778 est
575 1730 800 1790 refutata,
840 1744 953 1777 nam
991 1735 1077 1777 aut
1114 1730 1160 1775 in
1203 1730 1484 1793 corporibus
1513 1731 1733 1778 consistit
1773 1731 1895 1779 haec
1931 1730 2163 1779 nobilitas
2203 1738 2251 1779 et
2289 1733 2358 1780 sic

98 1806 147 1850 in
186 1806 362 1853 emissa
401 1804 595 1864 virtute,
634 1809 719 1850 aut
756 1802 1014 1865 iri-figura.
1080 1801 1189 1849 Non
1229 1804 1278 1849 in
1318 1803 1598 1865 corporibus
1637 1809 1686 1850 et
1723 1817 1887 1851 eorum
1929 1805 2120 1862 virtute,
2160 1810 2217 1852 ut
2249 1803 2353 1866 jam

99 1877 376 1940 probatum3
416 1890 513 1925 non
552 1877 600 1922 in
637 1875 807 1937 figura,
849 1877 965 1937 quia
1002 1875 1187 1937 figurae
1224 1875 1360 1923 nulla
1387 1881 1460 1923 est
1497 1875 1713 1924 efficacia
1740 1878 1843 1925 sine
1883 1878 2096 1941 corporis
2134 1883 2357 1941 respectu

38 1994 44 1999 .
101 1957 148 1998 et
186 1953 303 2012 quia
339 1951 526 2012 gravia,
568 1954 621 1996 ut
659 1949 794 2009 tal-ia,
835 1953 999 1996 carent
1036 1947 1301 2008 intellectu,
1344 1962 1440 2010 quo
1479 1947 1684 2011 figuram
1722 1951 2006 2014 percipiant.

246 2021 442 2071 Gravia
478 2025 637 2085 ἐρέται·
674 2022 743 2069 ad
779 2028 1006 2074 centrum
1034 2021 1236 2068 mundi
1261 2022 1502 2085 ferentur
1524 2037 1621 2084 per
1659 2022 1917 2093 accidem,
1965 2025 2088 2085 quia
2125 2023 2358 2071 naturali

97 2102 280 2144 mutua
317 2098 616 2144 attractione
650 2095 894 2159 feruntur
929 2094 998 2142 ad
1043 2093 1268 2155 Terram,
1310 2110 1440 2157 quae
1477 2101 1546 2143 est
1582 2098 1639 2142 in
1676 2096 1882 2144 centro?
1917 2094 2182 2144 Manifeste
2222 2097 2357 2160 prin-

100 2171 275 2232 cipium
315 2171 508 2232 petitur.
584 2168 746 2216 Locus
785 2167 963 2216 Terrae
1013 2166 1292 2231 probandus
1343 2168 1435 2215 fuit
1483 2183 1512 2215 a
1559 2174 1694 2216 motu
1734 2171 1988 2230 gravium,
2039 2169 2143 2231 jam
2191 2175 2355 2218 motus

98 2243 320 2305 gravium
359 2256 420 2290 ex
455 2242 566 2290 leco
601 2241 808 2300 Terrae,
858 2239 1014 2288 veluti
1053 2242 1238 2301 evictO,
1291 2240 1556 2289 deducitur.
1634 2241 1762 2290 Sane
1802 2242 1864 2290 ad
1904 2243 2105 2291 Terram
2142 2243 2358 2291 feruntur

98 2317 268 2377 gravia
308 2314 516 2363 naturali
570 2315 852 2362 attractoria
909 2314 1087 2361 virtute
1126 2328 1282 2376 eaque
1322 2320 1516 2374 mutua,
1566 2314 1617 2362 id
1649 2320 1821 2364 ‘autem
1871 2315 1924 2364 fit
1963 2315 2098 2364 nullo
2146 2315 2240 2364 loci
2278 2331 2358 2364 re·-

99 2394 282 2451 spectu,
323 2394 490 2451 posset
528 2388 654 2436 enim
682 2386 810 2448 fieri,
849 2388 890 2435 si
928 2386 1079 2434 Terra
1118 2392 1245 2451 ess-et
1283 2389 1331 2434 in
1370 2387 1536 2435 mundi
1578 2393 1758 2450 centr0,
1797 2394 2081 2452 potestque,
2131 2388 2244 2437 dum
2286 2395 2360 2438 est

99 2461 249 2510 Terra
289 2467 423 2509 extra
461 2466 697 2509 centrum'
914 2496 917 2499 -

247 2534 489 2583 Probavit
520 2534 817 2593 Aristoteles,
855 2539 1050 2582 motum
1086 2534 1332 2594 yravium
1369 2533 1439 2582 ad
1461 2533 1643 2581 mundi
1680 2541 1910 2582 centrum
1934 2535 2147 2595 tendere,
2188 2550 2247 2584 ex
2286 2551 2355 2597 ee,

99 2607 233 2670 quod
266 2612 430 2654 motus
454 2607 642 2654 levium
675 2606 731 2668 fit
768 2606 838 2653 ad
872 2605 1180 2668 superficiem
1219 2607 1414 2667 mundi,
1455 2621 1570 2654 cum
1606 2610 1848 2669 yravium
1887 2614 1932 2655 et
1970 2609 2156 2656 levium
2195 2614 2359 2656 motus
2415 2671 2418 2673 μ

99 2679 308 2729 tendant
353 2679 424 2727 ad
471 2679 652 2741 playas
704 2681 1003 2728 contrarias.
1081 2677 1266 2727 Gravia
1317 2686 1363 2728 et
1415 2679 1545 2728 levia
1594 2687 1782 2728 tantum
1824 2695 1907 2745 per
1945 2682 2356 2744 comparationem

102 2753 338 2813 dicuntur,
377 2766 473 2799 non
514 2751 753 2800 absolute.
829 2751 882 2799 Si
921 2753 1061 2814 igniS,
1101 2753 1141 2799 si
1168 2752 1328 2808 fumus
1367 2752 1591 2802 absolute
1616 2752 1748 2801 levia
1787 2759 1947 2802 essent
1974 2767 2191 2816 corpora,
2234 2768 2356 2802 evo-

104 2825 258 2875 larent
297 2841 327 2873 a
353 2825 503 2872 Terra
541 2838 728 2882 sursum
769 2838 922 2886 usque
963 2827 1011 2872 in
1051 2827 1282 2874 extimum
1322 2826 1527 2875 eoelum.
1606 2826 1755 2888 Atqui
1796 2826 2034 2874 fumorum
2062 2827 2231 2888 nubeS,
2266 2827 2358 2875 'ubi

102 2899 433 2963 superaverint
483 2897 684 2946 densum
734 2896 862 2945 hunc
898 2901 1083 2959 a‘e‘rem,
1137 2903 1393 2947 cernuntur
1431 2901 1678 2961 quiescere
1716 2898 1979 2963 pendulae,
2039 2898 2168 2961 quod
2209 2914 2357 2962 argu-

102 2978 263 3021 mento
302 2978 389 3031 est,
430 2985 525 3019 non
566 2972 696 3033 ipsos
735 2985 820 3033 per
858 2984 908 3018 sc
947 2986 1038 3019 sua
1075 2977 1248 3019 natura
1276 2970 1355 3019 vel
1393 2973 1574 3020 extima
1611 2978 1774 3035 petere
1802 2972 1986 3036 mundi,
2029 2972 2108 3020 vel
2137 2979 2357 3022 a*centro

103 3046 246 3094 etiam
282 3044 460 3093 Terrae
497 3044 676 3106 sugere,
715 3042 801 3091 sed
838 3045 996 3104 urgeri
1033 3059 1064 3092 a
1100 3044 1407 3106 gravioribus
1446 3046 1606 3106 iisque
1646 3044 1839 3105 cedere,
1892 3051 1944 3094 ut
1981 3045 2137 3094 librae
2174 3045 2354 3106 lanceS,

46 3130 49 3137 ’
104 3123 306 3180 utraque
344 3118 535 3179 gravisi,
590 3116 743 3165 altera
780 3121 941 3164 tamen
979 3119 1230 3180 superiora
1268 3119 1401 3200 petit,
1443 3120 1622 3181 quippe
1661 3123 1816 3166 tracta
1854 3133 1884 3166 a
1922 3119 2151 3181 graviori.
2228 3120 2356 3181 Ergo

104 3189 275 3239 falsum
315 3198 413 3250 est,
471 3190 642 3252 gravia
690 3203 739 3237 se
778 3189 905 3252 ipsis·
934 3195 1098 3253 petere
1136 3190 1411 3254 superiora,
1470 3190 1669 3251 salsum,
1720 3197 1882 3254 petere
1922 3193 2076 3255 ipsam
2130 3194 2358 3241 extimam

106 3262 268 3311 mundi
310 3262 626 3327 superficiem

248 3336 352 3384 Etsi
406 3349 523 3383 vero
563 3349 730 3383 verum
771 3339 892 3393 est‚·
919 3349 976 3381 ex
1025 3333 1179 3389 altera
1227 3340 1363 3396 parte
1416 3339 1599 3383 motum
1636 3335 1820 3384 levium
1861 3351 1966 3386 esse
2007 3341 2147 3400 quasi
2190 3353 2357 3387 versus

114 3408 411 3470 superficiem
438 3408 600 3456 mundi
642 3409 885 3466 extimam,
927 3405 974 3453 id
1004 3412 1160 3454 tamen
1203 3413 1275 3455 est
1314 3422 1397 3470 per
1422 3407 1661 3469 accidenS,
1701 3409 1866 3472 fitque,
1909 3413 2053 3459 etiam
2083 3411 2232 3459 Terra
2261 3424 2355 3459 non

114 3481 160 3526 in
201 3487 363 3530 centro
403 3483 690 3540 constituta,
741 3481 821 3527 ubi
862 3495 892 3527 a
930 3485 1065 3542 parte
1105 3483 1344 3528 contraria
1382 3487 1541 3529 motus
1579 3481 1758 3530 levium
1798 3483 1943 3545 plane
1985 3499 2152 3532 versus
2192 3484 2357 3532 mundi

98 3556 319 3601 'centrum
343 3553 510 3613 tendit,
554 3556 593 3602 si
633 3553 683 3602 id
710 3559 917 3615 ponatur
942 3566 1089 3613 supra
1128 3554 1368 3613 verticem,
1410 3553 1555 3616 idque
1583 3556 1730 3604 etiam
1767 3570 1853 3618 per
1878 3557 2119 3617 accidens,
2159 3563 2356 3620 propter

109 3626 255 3673 situm
291 3626 499 3675 Telluris
554 3633 603 3676 et
639 3627 825 3690 plagas,
904 3625 1074 3686 Neque
1116 3630 1275 3674 tamen
1324 3626 1433 3675 ideo
1471 3626 1603 3676 levia
1652 3642 1711 3676 ex
1748 3628 1833 3678 illa
1871 3630 2018 3693 plaga
2056 3629 2355 3679 descendunt

112 3697 159 3743 in
198 3698 400 3759 coelum,
440 3714 597 3762 neque
635 3700 808 3762 gravia
847 3698 1113 3747 ascendunt
1152 3711 1320 3748 versus
1359 3700 1585 3750 inferiora
1623 3701 1814 3762 Terrae,
1857 3718 1943 3751 seu
1983 3708 2225 3764 centrum,
2264 3702 2350 3751 sed

116 3767 200 3816 illa
235 3771 501 3820 ascendunt
550 3787 719 3820 versus
767 3787 880 3820 suas
919 3770 1116 3833 plagas,
1168 3772 1282 3833 quia
1331 3772 1591 3822 ascendere
1631 3779 1704 3822 est
1742 3790 1772 3823 a
1810 3781 1974 3824 centro
2014 3776 2191 3824 Terrae
2232 3776 2349 3838 (non

113 3854 144 3890 a
181 3849 340 3893 centro
377 3844 567 3907 mundi)
620 3845 810 3911 sugere,
863 3844 1152 3895 descendere
1202 3850 1275 3894 est
1311 3851 1525 3897 centrum
1565 3846 1741 3897 Terrae
1793 3845 1909 3918 (non
1949 3855 2164 3901 centrum
2204 3850 2352 3899 totius
