2554 4140
827 110 1063 168 Excerpta
1094 123 1151 157 ex
1181 79 1368 158 Tabulis
1388 109 1708 169 RudolphiniS.
2295 118 2396 171 6059

136 261 210 301 tur
238 256 286 300 in
317 268 504 301 numero
533 255 820 301 Julianorum
849 258 1099 316 proposito,
1133 257 1334 303 secundo·
1362 270 1445 314 per
1477 258 1722 304 eorundem
1756 257 1980 315 denarios,
2012 260 2146 307 tertio
2175 273 2258 319 per
2288 274 2397 318 qua-

135 323 360 368 ternarios
400 323 550 380 ipsos,
612 321 806 377 denique
847 335 930 378 per
969 323 1171 380 singulos
1199 323 1327 368 infra
1371 328 1567 380 quatuor
1618 324 1895 381 completos;
1940 325 2112 371 dierum
2159 333 2400 384 excerptos

135 401 346 432 numeros
375 401 476 432 cum
506 400 694 430 numero
726 386 900 432 dierum
930 390 1098 434 mensis
1130 388 1350 446 completi
1375 394 1421 432 et
1452 401 1553 432 cum
1578 402 1765 433 numero
1788 389 1959 436 dierum
1988 393 2155 438 mensis
2177 392 2400 438 currentis

135 453 184 496 in
215 467 352 498 unam
382 453 540 508 redige
569 466 802 509 summam,
835 459 882 497 et
911 454 1028 499 adde
1060 468 1261 499 summae
1295 454 1392 499 dies
1427 453 1524 499 199.
1586 455 1657 499 Ea
1688 455 1753 500 sic
1785 462 1920 501 aucta
1949 457 2183 515 redigatur
2211 459 2258 503 in
2287 465 2399 505 tem-

137 532 252 574 pora
282 520 492 575 Persica,
538 518 830 580 excerptione
869 528 1087 565 annorum
1128 521 1174 563 in
1215 519 1419 577 margine
1449 519 1598 576 facta,
1645 534 1728 576 per
1758 534 1954 567 summas
1995 523 2167 568 dierum
2197 526 2403 581 proxime

134 586 330 631 minores
362 587 555 632 collecta
581 585 651 632 vel
686 585 784 642 ejus
815 586 1023 643 residuis,
1055 594 1271 644 excerpto
1302 587 1438 664 ctiam
1467 591 1624 633 mense
1669 588 1910 644 completo,
1942 594 1992 632 ut
2022 595 2275 645 appaream
2303 589 2400 636 dies

138 649 194 694 de
224 657 433 696 currente
464 653 673 708 sequenti
702 664 857 696 mense
886 651 1071 697 residui.

316 720 536 770 Exempla.
587 720 712 760 Anno
730 720 964 770 Isdagerdis
981 722 1081 772 814,
1104 721 1192 760 dies
1213 722 1283 762 17.
1304 722 1458 760 mensis
1473 721 1635 770 Terma,
1657 722 1753 773 quis
1768 724 1886 771 qu‘us
1901 722 2055 761 mensis
2069 707 2230 763 Juliani
2246 726 2286 761 et
2302 723 2401 762 011111

135 777 301 818 Incarn
331 778 420 818 dies
451 781 542 818 est?
603 777 846 831 Completus
878 780 1033 818 mensis
1058 777 1236 818 Chartad
1267 779 1430 828 coiligit
1461 780 1549 818 (1100
1583 780 1658 832 90,
1693 780 1802 818 adde
1843 779 1931 819 dies
1955 781 2007 820 17
2042 789 2248 820 currentes
2279 793 2398 820 men-

136 837 193 874 sis
225 838 441 888 currentis,
471 839 580 876 fiunt
613 840 709 879 107.
770 839 865 878 Jam
897 838 999 877 anni
1029 838 1115 878 800
1147 838 1396 889 Aegyptiaci
1425 837 1492 877 vel
1513 838 1680 877 Persici
1711 838 1810 877 dant
1856 838 1943 877 dies
1975 841 2168 892 292000,
2216 841 2314 878 anni
2346 841 2400 880 10

136 893 238 932 dant
268 895 406 947 3650,
448 897 548 934 011111
578 897 604 937 3
637 897 795 936 residui
834 894 1050 945 completi*
1074 895 1178 934 dant
1210 897 1299 936 dies
1333 897 1460 938 1095.
1520 897 1723 938 Omnibus
1758 897 1904 937 diebus
1944 898 1991 938 in
2024 909 2152 936 unam
2197 909 2401 937 summam

134 953 332 1001 conjectis
373 957 414 992 et
445 955 496 993 ab
531 966 581 993 ea
615 955 754 994 demto
787 954 956 994 modulo
990 955 1072 994 199
1105 958 1319 1006 perpetuo,
1368 958 1416 994 fit
1446 966 1608 995 summa
1641 955 1799 995 dierum
1822 956 2026 1004 castigata
2057 956 2244 996 296653.
2302 955 2401 1005 Ηο0

133 1021 229 1049 vero
259 1013 449 1062 proxime
480 1014 616 1052 minor
649 1015 823 1054 292200
856 1013 986 1051 efficit
1014 1011 1207 1052 Julianos
1239 1014 1347 1067 8003
1395 1014 1552 1053 residui
1583 1017 1681 1053 sunt
1713 1014 1800 1053 dies
1831 1015 1972 1065 44533
2006 1027 2165 1054 summa
2197 1015 2272 1053 hac
2302 1026 2400 1064 pro-

133 1069 251 1108 xime
280 1071 416 1109 minor
447 1071 550 1113 dier.
580 1073 695 1113 4383
731 1072 864 1112 efficit
897 1072 949 1111 12
980 1069 1188 1121 301101100,
1232 1045 1389 1111 restant
1420 1072 1508 1112 dies
1543 1073 1612 1126 70,
1647 1073 1718 1123 qui
1750 1084 1843 1112 cum
1874 1074 2111 1124 pertineant
2141 1073 2196 1112 ad
2226 1084 2402 1125 sequen-

116 1131 215 1183 tem
248 1131 317 1169 13.
349 1130 561 1169 Julianum
602 1129 856 1182 simplicem,
902 1129 1051 1168 demtis
1084 1140 1178 1178 ergo
1218 1131 1272 1170 59
1304 1131 1486 1182 inventis
1532 1142 1627 1170 00111
1657 1131 1886 1171 Februario
1929 1133 2124 1186 simplici,
2168 1135 2297 1172 restat
2331 1133 2400 1172 11.

12 1216 24 1254 3
134 1183 300 1227 curren's
344 1189 501 1228 mensis
531 1189 673 1228 Martii
705 1185 919 1228 currentis.
981 1188 1048 1226 Ad
1079 1187 1276 1228 collectos
1307 1201 1403 1228 vero
1435 1200 1566 1229 annos
1598 1191 1707 1244 813,
1738 1191 1888 1230 ultimo
1922 1195 2127 1235 currente,
2169 1191 2274 1229 adde
2304 1201 2401 1241 per-

134 1249 307 1294 petuum
337 1259 553 1287 numerum
587 1249 694 1299 632,
727 1247 938 1295 consurgit
966 1247 1127 1286 Incarn.
1165 1248 1276 1288 1445
1310 1259 1487 1287 currens.

6 1323 23 1370 ἐ
308 1304 506 1345 Vicissim
537 1317 644 1345 011οο
668 1307 831 1347 incarn.
861 1306 989 1355 1079,
1020 1304 1111 1346 dies
1144 1307 1213 1348 23.
1234 1306 1466 1361 Februarii,
1500 1307 1595 1358 quis
1622 1305 1709 1345 dies
1741 1309 1859 1357 eujus
1890 1308 1991 1346 anni
2021 1307 2258 1359 mensisque
2279 1307 2400 1346 Isda-

7 1370 29 1412 s..
130 1361 296 1410 gerdis‘?
355 1364 522 1404 Demtis
553 1367 636 1405 632
669 1365 719 1403 de
739 1364 922 1404 Julianis
947 1365 1058 1404 1079
1090 1369 1248 1404 1estant
1276 1366 1376 1417 447,
1428 1368 1615 1404 currente
1645 1364 1810 1406 ultimo.
1823 1365 1829 1367 ⁴
1873 1366 1956 1406 Sed
1985 1367 2072 1406 400
2108 1365 2269 1405 Juliani
2300 1364 2402 1404 dant

6 1416 29 1473 β
134 1420 222 1459 (1100
256 1423 448 1473 146100,
489 1427 530 1462 et
558 1425 616 1464 40
649 1409 749 1461 dant
782 1425 924 1464 14610
964 1427 1004 1462 et
1033 1424 1061 1463 4
1094 1424 1291 1474 completi
1331 1395 1435 1463 dant
1468 1425 1605 1477 1461,
1648 1428 1688 1462 et
1731 1424 1813 1463 duo
1853 1425 2025 1475 insuper
2065 1423 2266 1476 complet-i
2305 1424 2406 1462 dant

8 1480 31 1545 ’ἶ
134 1479 233 1575 ’1730
295 1481 520 1521 Januarius
551 1494 648 1522 vero
682 1481 912 1532 completus
946 1480 1019 1520 dat
1051 1483 1121 1532 31,
1154 1486 1195 1521 et
1225 1482 1274 1521 de
1305 1483 1534 1531 Februario
1569 1486 1738 1522 currunt
1769 1485 1837 1524 23.
1901 1483 2020 1522 Adde
2052 1487 2092 1522 et
2125 1485 2224 1534 199,
2215 1483 2405 1579 ’me'du-

18 1568 31 1590 ⁸
132 1541 1055 1650 132213351'5323?semermis?
1078 1540 1246 1639 ἱζῗέἓῗ
1276 1540 1476 1639 {32²3
1507 1543 1562 1639 ἓξ
1588 1541 2403 1641 3311460011ῗᾶῗὲἶέὲέῐῖῩᾷἶῖῗὲἰὲἒ

138 1657 218 1708 40,
259 1657 416 1696 residui
446 1662 545 1697 sunt
576 1658 663 1697 dies
695 1659 827 1699 2544'.
886 1657 972 1699 Sed
1013 1661 1054 1696 et
1096 1658 1146 1697 de
1187 1659 1253 1697 his
1284 1660 1398 1699 2190
1430 1658 1592 1698 faciunt
1620 1659 1808 1699 Persicos
1853 1671 1982 1698 annos
2025 1661 2071 1714 6,
2089 1662 2271 1698 restant
2312 1659 2400 1697 dies

141 1715 227 1755 364
259 1712 398 1766 (354).
444 1716 638 1769 Denique
654 1728 820 1761 summa
841 1717 1031 1767 proxime
1051 1717 1188 1756 minor
1211 1718 1304 1772 ista,
1337 1719 1436 1771 335,
1469 1717 1683 1768 adscripta
1705 1721 1767 1757 est
1787 1718 1838 1758 ad
1862 1718 2069 1758 Ρο011111011
2100 1730 2172 1757 seu
2193 1717 2402 1756 Behemen

139 1784 345 1820 mensem,
375 1778 506 1814 restat
537 1778 592 1816 29
626 1777 727 1823 (19).
763 1776 916 1814 mensis
949 1775 1162 1827 sequentis
1194 1776 1445 1840 Asphandar
1477 1787 1664 1829 currens,
1696 1777 1876 1815 ultimus
1903 1788 1959 1818 sc.
1993 1777 2082 1815 dies
2114 1777 2211 1814 anni
2241 1777 2343 1818 447.

310 1830 521 1887 Notabis,
552 1831 777 1875 mensium
806 1831 1095 1875 Persicorum
1124 1832 1308 1875 nomina
1338 1831 1470 1881 walde
1502 1833 1637 1876 variis
1667 1832 1798 1876 reddi
1827 1832 1990 1886 literis,
2035 1845 2091 1876 ex
2125 1831 2213 1876 alia
2243 1837 2288 1876 et
2318 1830 2407 1875 alia

44 1896 47 1897 ’
120 1891 310 1949 ‘lingua
325 1896 655 1953 transscriptis.
714 1897 831 1940 Nam
861 1896 1062 1953 primum
1087 1896 1143 1941 de
1175 1897 1331 1955 lingua
1362 1897 1546 1943 Persica
1575 1898 1622 1941 in
1645 1884 1899 1952 Arabicam,
1931 1901 2092 1954 postea
2124 1897 2178 1940 de
2210 1895 2407 1940 Arabica

23 1956 26 1967 ⁴
133 1958 180 2001 in
198 1952 419 2003 ‘Latinam
449 1963 765 2018 transscripta,
799 1962 863 2007 sic
896 1967 1061 2006 sonant
1092 1964 1215 2019 apud
1245 1962 1554 2021 Alphonsinos
1585 1964 1632 2008 in
1665 1963 1864 2008 editione
1897 1962 2263 2007 Santritteriana:
2295 1963 2405 2006 For-

137 2024 328 2083 dimech,
357 2027 647 2084 Ardaimech‚
683 2027 961 2085 Cardimech,
993 2028 1219 2084 Zirmech,
1254 2027 1481 2088 Mardary,
1517 2029 1877 2087 Sarembemech,
1917 2028 2223 2077 Mahramech,
2256 2028 2413 2089 Eheu-s

131 2091 276 2145 mech,
307 2092 588 2151 Ydramech,
618 2094 832 2152 Dimech,
863 2063 1192 2152 Beh’memech,
1224 2094 1510 2140 Azfirdamic.
1573 2097 1634 2141 Ut
1666 2097 1870 2140 omittam
1901 2095 2234 2151 manuscriptos
2265 2108 2407 2140 meos.

131 2159 231 2214 Ego
263 2172 369 2203 vero
400 2161 590 2221 propius
621 2174 692 2205 me
723 2174 987 2206 mansurum
1019 2161 1201 2217 speravi
1231 2161 1353 2216 apud
1384 2161 1552 2205 idioma
1582 2161 1837 2218 Persicum,
1877 2161 1914 2206 si
1947 2175 2003 2205 ex
2035 2161 2221 2206 Graecis
2251 2166 2407 2206 aucto-

131 2225 255 2270 ribus
289 2224 599 2283 Chrysococce
629 2232 675 2272 et
702 2227 1109 2289 IsacioMonacho
1143 2240 1197 2272 ea
1226 2227 1273 2271 in
1304 2227 1518 2271 Latinam
1548 2227 1751 2284 linguam
1782 2226 2169 2272 transscriberem.

299 2293 372 2338 Dc
410 2295 702 2340 conversione
741 2301 995 2352 temporum
1025 2294 1335 2341 Arabicarum
1384 2300 1426 2341 ct
1461 2295 1756 2340 Turcicorum
1785 2294 1991 2353 Heyirae
2021 2294 2072 2338 in
2102 2294 2321 2348 Juliana,
2365 2297 2408 2339 et

2 2371 3 2376 ¹
58 2378 62 2384 ·
130 2358 338 2403 vicissim.
398 2359 782 2417 Praeceptum
812 2360 884 2406 68.
916 2362 918 2366 ’
946 2360 1112 2405 Modus
1134 2361 1245 2405 ‘non
1280 2358 1502 2405 'absimilis
1542 2359 1699 2417 priori.
1758 2359 1917 2405 Annos
1948 2360 2170 2405 Arabicos
2212 2357 2408 2416 Hegirae

130 2429 341 2468 converte
371 2425 418 2468 in
448 2424 560 2483 dies,
594 2431 847 2483 excerpens
874 2427 1020 2483 primo
1051 2439 1135 2484 per
1168 2426 1409 2483 decuplum
1441 2439 1678 2470 annorumx
1697 2425 2012 2479 collectorum,
2045 2425 2082 2470 si
2112 2429 2240 2469 tanta
2270 2422 2416 2466 fuerit,

2 2511 6 2541 2
57 2503 61 2507 ⁴
128 2489 283 2534 oblata
313 2504 534 2536 annorum
565 2505 751 2550 summa,
785 2492 947 2537 deinde
978 2505 1061 2549 per
1089 2491 1297 2538 residuos
1328 2493 1778 2538 trIacontaeteridum
1808 2492 2112 2549 integrarum,
2155 2489 2290 2535 tertio
2322 2501 2405 2545 per

3 2586 8 2614 7
53 2558 62 2570 ³
133 2569 277 2600 annos
318 2557 570 2614 completos
607 2558 725 2603 infra
756 2559 833 2614 30,
878 2564 1040 2614 quarto
1082 2571 1164 2615 per
1202 2572 1380 2603 menses
1412 2560 1636 2604 Arabicos
1679 2558 1942 2616 completos,
2006 2557 2171 2610 Omnes
2213 2561 2408 2613 quatuor

132 2630 373 2681 excerptos
407 2625 581 2670 dierum
611 2637 823 2671 numeros
854 2637 944 2668 una
976 2638 1078 2669 cum
1108 2623 1296 2670 numero
1341 2624 1430 2669 diei
1462 2626 1685 2670 currentis
1726 2625 1773 2668 in
1810 2637 1965 2678 mense
1994 2629 2205 2669 currente
2246 2621 2407 2678 collige

129 2688 176 2733 in
207 2703 343 2734 unam
382 2704 622 2748 summam,
662 2706 798 2749 quam
838 2704 955 2748 auge
996 2691 1190 2747 denique
1228 2697 1453 2748 perpetuo
1499 2704 1687 2736 numero
1731 2690 1905 2734 dierum
1946 2689 2046 2733 561.
2111 2688 2184 2732 Sic
2228 2692 2408 2734 auctam

39 2774 69 2794 ⁴
132 2760 343 2800 converte
386 2757 433 2801 in
475 2771 618 2802 annos
649 2763 696 2802 et
724 2759 903 2802 menses
935 2757 1144 2802 ι1011011οο
1183 2756 1417 2813 Incarnat,
1458 2758 1522 2801 ita
1561 2755 1815 2802 remanebit
1851 2755 1898 2799 in
1938 2754 2029 2799 fine
2069 2766 2283 2798 numerus
2315 2751 2406 2795 die-

56 2847 59 2850 »
130 2833 231 2864 rum
260 2822 428 2867 mensis
458 2823 632 2869 Juliani
671 2824 920 2881 currentis,
964 2835 1153 2879 quorum
1196 2823 1383 2867 ultimus
1423 2836 1525 2868 cum
1559 2824 1630 2869 die
1670 2822 1864 2868 Arabico
1906 2820 2143 2879 proposito
2184 2818 2406 2883 congruit.

128 2886 271 2932 Annis
314 2902 417 2934 vero
459 2890 655 2935 Julianis
695 2904 797 2935 cum
840 2889 1026 2933 summis
1073 2888 1248 2933 dierum
1291 2889 1518 2946 excerptis
1550 2889 1667 2935 adde
1710 2887 1972 2944 completos,
1996 2887 2082 2931 620
2112 2898 2255 2930 annos
2301 2897 2413 2942 per-e

130 2958 294 3008 petuo:
325 2955 525 3011 prodibit
557 2969 702 3010 annus
733 2954 1084 2999 Incarnationis.

302 3023 510 3068 Vicissim
541 3023 659 3068 diem
688 3021 855 3066 mensis
876 3019 1047 3065 Juliani
1077 3020 1125 3065 in
1157 3025 1281 3066 certo
1313 3021 1409 3065 Inc.
1443 3033 1562 3065 anno
1596 3019 1695 3076 (qui
1724 3018 1945 3076 epocham
1966 3016 2210 3062 Arabicam
2240 3027 2401 3072 sequa-

47 3076 62 3127 5':
130 3088 224 3144 tur)
254 3087 301 3132 in
334 3089 602 3135 Calendario
634 3088 827 3133 Arabico
855 3087 926 3133 sic
956 3087 1222 3145 assignabis.
1285 3089 1357 3133 Ab
1389 3088 1520 3132 annis
1554 3072 1720 3131 Christi
1750 3082 1995 3142 propositis
2027 3082 2156 3127 aufer
2186 3082 2272 3128 620
2302 3094 2405 3139 per·
2439 3079 2445 3089 ²

47 3155 59 3180 ³
135 3158 290 3208 petu0‚
320 3155 529 3200 residuos
559 3155 606 3199 in
639 3155 734 3199 dies
767 3162 999 3212 converte3
1042 3156 1107 3201 sic
1139 3156 1277 3201 etiam
1317 3167 1496 3200 menses
1528 3153 1735 3198 Julianos
1768 3149 2018 3206 completos
2057 3147 2163 3192 anni
2200 3147 2273 3192 vel
2304 3148 2407 3192 sim-

133 3217 263 3274 plicis
307 3221 378 3267 vel
416 3222 683 3268 bissextilis.
746 3222 966 3268 Omnibus
1009 3223 1169 3267 diebus
1209 3221 1438 3297 excerptis
1481 3219 1704 3278 subjunge
1745 3223 1791 3262 et
1829 3228 2065 3261 numerum
2106 3214 2196 3259 diei
2232 3215 2404 3260 mensis

52 3318 53 3326 .
136 3283 416 3333 decurrentis
448 3295 495 3334 et
524 3289 598 3333 fac
629 3289 826 3334 omnium
858 3301 1092 3344 summam,
1128 3289 1183 3333 de
1215 3301 1306 3345 qua
1326 3288 1523 3332 vicissim
1554 3285 1682 3331 aufer
1712 3297 1912 3340 semper
1921 3282 2017 3327 dies
2040 3282 2149 3336 5613
2184 3292 2404 3326 summam

32 3408 34 3411 y
62 3367 69 3416 1
137 3350 202 3397 sic
231 3353 466 3400 multatam
497 3360 709 3400 converte
748 3354 793 3399 in
836 3359 1043 3410 tempora
1071 3353 1291 3409 Arabica,
1340 3363 1589 3408 excerpens
1633 3362 1715 3406 per
1747 3348 1920 3392 dierum
1959 3359 2169 3391 numeros
2200 3344 2405 3402 proxime

62 3459 76 3476 ,
134 3419 351 3478 minores,
389 3422 463 3466 vel
493 3434 667 3466 summa
702 3419 909 3465 confecta
937 3417 1010 3463 vel
1047 3418 1146 3474 ejus
1176 3388 1394 3476 residuis,
1433 3429 1581 3472 usque
1623 3416 1728 3460 dum
1761 3413 1980 3459 restiterit
2016 3424 2230 3457 numerus
2261 3411 2406 3455 minor

28 3482 32 3495 '
66 3486 83 3539 ’χ
137 3486 391 3540 quantitate
420 3488 588 3533 mensis
620 3486 821 3541 Arabici,
855 3484 932 3542 qui
963 3484 1048 3529 erit
1078 3497 1292 3529 numerus
1324 3482 1414 3527 (1101
1445 3482 1500 3527 (10
1532 3486 1742 3527 currente
1773 3493 1928 3526 mense
1957 3479 2176 3537 Arabico,
2217 3493 2405 3537 respon-

40 3559 61 3598 ³
139 3548 248 3597 dens
278 3551 368 3598 diei
397 3554 565 3598 mensis
597 3552 768 3598 Juliani
799 3549 1578 3608 111οῙ1010110.Ὶ

29 3605 77 3676 ἓ
190 3651 201 3665 x
312 3629 367 3668 Ut
404 3630 580 3682 reliquit
608 3629 889 3669 Leunclavius
927 3628 971 3666 in
1003 3625 1209 3666 Pandecte
1241 3637 1315 3664 suo
1358 3625 1554 3663 historiae
1585 3623 1782 3664 Turcicae
1819 3626 2010 3664 notatum
2049 3624 2093 3663 in
2139 3624 2220 3662 fine
2262 3619 2401 3671 diplo—

49 3695 66 3717 ›-

35 3834 56 3863 t

142 3687 267 3726 matis
299 3686 464 3727 Sultani
496 3688 751 3727 Amurathae
783 3698 938 3725 0111111111
978 3684 1354 3738 transfigurationis
1386 3679 1615 3737 (Hegirae)
1647 3681 1897 3723 Mahometis
1929 3684 2035 3729 991,
2077 3682 2187 3720 diem
2219 3680 2286 3720 27.
2320 3680 2404 3719 Sil-

142 3743 304 3798 chidze,
335 3746 379 3785 id
412 3751 472 3786 est
503 3739 738 3796 Dulhajati‚
800 3745 1020 3794 Quaeritur
1048 3745 1091 3782 in
1123 3754 1247 3795 quem
1281 3741 1389 3782 diem
1422 3743 1539 3791 cujus
1570 3741 1669 3781 anni
1699 3740 1861 3783 Juliani
1891 3740 1928 3781 is
1961 3743 2183 3792 competat.

220 3814 388 3858 Kepleri
413 3815 551 3858 Opera.
597 3816 661 3852 vl.
1984 3816 2050 3864 39

35 3949 45 3971 J*
