2554 4140
178 87 278 137 670
977 82 1029 125 In
1060 79 1257 125 Tabulas
1291 79 1602 137 Rudolphinas

178 237 225 279 et
263 229 450 278 delecto
487 227 583 275 loci
619 224 889 283 meridiano
925 225 1056 273 fecit.
1129 218 1315 287 Regius
1363 226 1492 272 enim
1529 225 1700 286 Mons,
1753 228 1831 276 cui
1882 225 2097 290 epochae
2133 223 2422 272 Prutenica-

175 317 278 349 rum
317 307 430 347 sunt
468 296 881 358 accommodatae,
919 311 1016 344 non
1056 302 1129 345 est
1165 297 1286 345 illud
1311 296 1548 344 Franciae
1587 298 1848 370 orientalis,
1888 313 2013 362 quae
2032 298 2420 359 Regiomoutano

86 392 87 395 ¹
173 375 329 435 patria
370 372 486 430 fuit,
543 369 629 418 sed
680 369 886 417 alterum
933 369 1195 418 Borussiae
1249 369 1452 417 ducatus
1500 367 1730 431 oppidum
1778 373 1827 417 in
1865 371 2005 420 litore
2043 371 2190 418 maris
2229 368 2420 416 Baltici.

173 438 374 526 Causas,
415 457 537 505 quas
578 442 661 490 dat
699 441 1002 490 Reinholdus
1041 441 1185 504 huJus
1224 444 1273 488 in
1312 455 1364 489 se
1403 447 1661 502 susceptae
1702 445 2057 507 occupationis,
2099 440 2269 491 videre
2306 440 2422 489 licet

172 515 299 578 apud
338 517 522 579 ipsum3
563 513 684 562 duas
724 522 851 563 certe
890 513 1195 562 dissimulare
1233 512 1439 561 videtur.
1500 512 1638 561 Cum
1679 515 1805 562 enim
1831 516 2029 565 tabulae
2070 514 2280 564 debcant
2316 525 2422 561 esse

173 601 383 636 canones
435 605 706 651 προχειροι,
766 586 829 634 ad
866 601 1008 634 usum
1047 586 1287 650 expediti,
1342 600 1450 633 cum
1496 584 1829 647 Alphonsinae
1869 589 2110 650 ceterique
2148 585 2424 634 tabularum

171 657 392 708 auctores
429 660 558 708 hunc
595 673 737 707 usum
774 661 1077 707 manuarium
1117 661 1264 706 etiarn
1302 657 1456 706 forma
1493 658 1604 706 libri
1630 657 1948 720 adjuvissent,
1987 658 2167 708 tabulis
2192 670 2420 706 numero-

168 747 271 780 rum
311 746 405 780 uno
447 737 676 781 contextu
715 732 957 792 exhibitis,
999 733 1268 794 praeceptis
1308 744 1422 779 vero
1462 731 1760 779 brevissimis
1799 733 1937 780 initio
1974 733 2280 794 praemissis,
2322 729 2421 778 Co-

170 806 351 868 pernici
378 812 544 853 contra
581 804 705 852 liber.
727 804 918 853 tabulas
946 818 1031 867 per
1068 809 1254 851 textum
1284 802 2020 869 demonstrationum,dispersas
2046 803 2207 864 habet,
2249 817 2422 865 quem-

170 877 431 926 admodum
470 883 518 926 et
540 876 843 925 Ptolemaica
881 877 1124 940 syntaxis:
1166 878 1235 924 ita
1270 875 1338 935 fit,
1378 882 1433 923 ut
1471 882 1608 925 textu
1641 875 2040 939 speculationem,
2080 875 2257 924 tabulis
2281 889 2422 923 usum

171 950 580 1010 desiderantibus,
637 949 929 997 distrahatur
977 950 1166 997 animus
1217 951 1474 1011 ipsumque
1523 963 1574 997 se
1626 962 1748 1011 opus
1785 949 1996 998 utilitate
2035 962 2124 996 sua
2162 949 2423 1012 praecipua

168 1025 341 1086 privet.
417 1021 606 1071 Deinde
659 1021 882 1070 absurdis
924 1021 1218 1085 Copernicus
1266 1021 1623 1085 hypothesibus
1668 1022 1944 1082 insistebat,
1997 1020 2173 1083 quibus
2212 1020 2420 1069 offensos

167 1095 370 1144 lectores
397 1093 696 1144 Reinholdus
737 1093 938 1143 credidit
977 1095 1284 1143 absterritum
1323 1095 1394 1141 iri.
1473 1093 1672 1147 Censuit
1709 1094 1976 1157 igiturhoc
2013 1093 2105 1142 sibi
2131 1092 2419 1154 faciendum,

169 1176 222 1216 ut
262 1171 442 1217 omissa
478 1169 722 1216 mentione
761 1167 1054 1215 mirabilium
1082 1167 1485 1231 suppositionum,
1526 1167 1718 1215 omissis
1757 1168 1904 1216 etiam
1931 1165 2422 1215 demonstrationibus

170 1241 371 1304 prolixis
411 1247 459 1290 et
495 1240 743 1301 taediosis,
785 1240 977 1288 tabulas
1010 1240 1143 1304 ipsas
1182 1241 1384 1288 seorsim
1423 1239 1559 1287 daret
1596 1241 1643 1285 in
1682 1239 1806 1287 libro
1843 1238 2059 1288 manuali
2098 1244 2337 1288 correctas
2375 1243 2423 1285 et

168 1319 454 1376 supputatas
495 1312 788 1375 diligentiuS‚
829 1319 883 1360 ut
921 1311 1035 1361 illae
1063 1326 1178 1360 suas
1218 1313 1584 1361 observationes
1610 1311 2011 1373 fundamentales,
2052 1311 2228 1374 quibus
2264 1325 2295 1358 a
2322 1309 2421 1358 Co-

167 1388 363 1449 pernico
394 1393 529 1434 erant
556 1391 927 1448 superstructae,
969 1391 1388 1449 repraesentarent
1415 1386 1648 1433 exactius.
1723 1384 1833 1434 Hoc
1871 1384 2072 1434 consilio
2099 1389 2241 1447 capto
2267 1382 2420 1432 Reiu-

168 1459 343 1507 holdus
383 1472 641 1521 aggressus
682 1472 831 1520 opus,
886 1459 1144 1505 immanem
1183 1463 1231 1505 et
1267 1459 1520 1506 insuavem
1559 1457 1776 1507 laborem
1813 1472 1866 1506 se
1904 1458 2126 1506 hausisse
2163 1455 2418 1519 significat.

169 1531 220 1580 Si
261 1531 317 1580 de
368 1530 462 1579 fine
511 1531 616 1593 ejus
665 1532 883 1592 quaeriS,
935 1537 1008 1578 est
1047 1530 1127 1578 ille
1180 1529 1376 1592 quidem
1414 1529 1703 1578 laudabilis:
1754 1537 1886 1579 cert-a
1934 1531 2145 1592 cognitio
2183 1535 2418 1590 motuum,

167 1606 279 1652 anni
317 1603 488 1651 modus
526 1611 573 1652 ct
597 1610 768 1662 metae,
809 1604 1132 1665 aequinoctia,
1173 1602 1396 1660 solstitia,
1439 1603 1658 1666 eclipses,
1701 1603 2066 1666 conjunctiones
2104 1615 2327 1664 magnae,
2366 1607 2421 1649 ut

168 1691 226 1725 ex
265 1691 428 1725 earum
464 1690 621 1724 rerum
658 1675 830 1738 politia
857 1675 1194 1724 decentissima
1231 1677 1471 1739 sapientia
1510 1676 1798 1738 bonitasque
1826 1675 2066 1725 Creatoris
2106 1675 2417 1725 elucesceret.

169 1751 233 1797 At
258 1763 354 1798 non
392 1755 554 1797 tamen
580 1750 773 1797 interim
814 1748 1085 1797 dissimulat
1111 1753 1278 1796 auctor
1314 1747 1699 1810 praedictionum
1732 1748 1962 1810 studium,
2001 1749 2268 1812 paucisque
2306 1760 2419 1795 ver-

170 1822 258 1883 biS,
297 1821 382 1870 sed
421 1821 812 1886 praegnantibus,
853 1821 969 1884 quid
1010 1822 1100 1869 arti
1139 1819 1474 1882 genethliacae
1512 1821 1709 1882 tribuat,
1746 1821 1924 1868 innuit:
1967 1820 2193 1869 Eventus
2229 1822 2285 1867 in
2321 1819 2416 1867 hac

165 1896 397 1958 inferiori
433 1901 654 1954 natura,
706 1893 975 1954 affirmanS‚
1016 1900 1271 1942 astrorum
1309 1893 1526 1943 motibus
1564 1900 1609 1942 et
1638 1895 1811 1956 positu
1849 1893 1977 1957 efflei
2014 1900 2107 1943 aut
2141 1892 2417 1956 siqnificari

165 1967 376 2030 indeque
411 1967 638 2029 praedici
667 1980 824 2028 posse.
904 1965 1032 2028 Quid
1070 1965 1274 2014 multis?
1313 1966 1386 2013 Ex
1423 1980 1495 2026 ea,
1537 1981 1664 2029 quac
1689 1972 1842 2015 mater
1878 1966 2115 2016 hactenus
2154 1972 2271 2026 erat,
2311 1963 2410 2013 alio

167 2042 340 2088 mentis
394 2042 570 2088 intuitu
609 2041 785 2088 rectius
837 2040 1025 2099 aviam,
1081 2054 1139 2087 ex
1192 2039 1293 2086 filia
1342 2044 1544 2087 matrem
1596 2038 1792 2100 feceris,
1847 2039 1974 2088 unde
2013 2046 2130 2088 nata
2168 2039 2232 2087 sit
2269 2037 2412 2086 aviae

168 2113 357 2161 vultum
393 2114 603 2161 referens
640 2114 816 2176 neptis,
854 2114 1026 2161 iterum
1052 2111 1337 2175 astrologia,
1375 2118 1429 2159 ut
1465 2108 1615 2177 (quod
1644 2112 1758 2160 olim
1797 2113 1845 2158 in
1882 2111 1975 2160 hac
2012 2112 2215 2160 materia
2242 2110 2414 2174 scripsi

167 2189 388 2246 (11.f657.)
428 2186 772 2234 astronomiam
817 2191 1018 2233 matrem
1074 2184 1503 2247 sapientissimam,
1559 2182 1645 2232 sed
1693 2183 2059 2248 pauperculam,
2113 2181 2264 2232 stulta
2312 2181 2416 2230 filia

168 2257 432 2319 astrologia
482 2263 686 2320 quaestu
735 2270 831 2304 non
881 2258 942 2305 ab
983 2256 1207 2304 omnibus
1258 2270 1412 2318 aeque
1448 2255 1653 2320 probato
1691 2256 1794 2306 alat
1839 2261 1887 2305 et
1923 2262 2176 2306 sustentet.
2250 2255 2415 2317 Atque

166 2330 259 2379 hoc
308 2331 466 2393 ipsum
512 2335 680 2378 auctor
729 2330 888 2393 specie
940 2330 1162 2392 negantis
1202 2328 1464 2377 concedere
1500 2328 1718 2391 videtur,
1771 2328 1885 2377 dum
1925 2330 2051 2378 enim
2090 2328 2415 2376 divinationes

168 2402 353 2451 erudito
393 2408 440 2451 et
477 2402 583 2450 utili
621 2401 777 2450 labori
815 2401 1091 2450 tabularum
1129 2415 1182 2450 se
1219 2408 1367 2463 negat
1404 2400 1690 2463 praetulisse
1729 2408 1777 2450 et
1814 2409 2061 2451 versatum
2098 2399 2417 2464 sefsignificat

167 2477 216 2521 in
255 2475 347 2524 hoc
385 2476 598 2523 exercitii
636 2488 812 2537 genere
852 2481 900 2523 et
936 2480 1098 2538 partes
1138 2475 1182 2522 ei
1220 2473 1459 2522 secundas
1499 2472 1690 2522 dedisse
1727 2474 1919 2527 fatetur.

315 2548 659 2607 Veruntamen,
699 2562 759 2595 ne
801 2548 909 2609 quis
949 2547 1073 2595 haec
1111 2561 1168 2595 eo
1207 2549 1446 2610 pertinere
1482 2553 1636 2609 putet,
1679 2547 1819 2608 quasi
1859 2548 2016 2595 virum
2043 2545 2418 2595 eruditissimum
2500 2539 2501 2545 ’

166 2621 288 2668 inter
325 2622 686 2683 superstitiosos
724 2619 835 2667 illos
875 2619 1065 2668 Arabas
1103 2618 1406 2668 referendum
1444 2634 1551 2667 esse
1590 2633 1844 2684 censeam,
1884 2619 2072 2702 quibus·
2098 2620 2243 2667 unica
2278 2616 2415 2678 lucri,

167 2692 301 2740 nulla
339 2692 676 2766 philosophiae
717 2707 832 2742 cura
868 2693 983 2740 fuit:
1022 2691 1252 2741 adhortor
1287 2691 1511 2751 lectores,
1552 2697 1604 2739 ut
1630 2692 1990 2775 praefationem
2029 2691 2135 2754 ejus
2172 2693 2223 2739 in
2250 2689 2417 2739 Theo-

165 2767 259 2814 rias
286 2753 573 2814 Peurbachii
611 2765 790 2828 legant,
832 2778 978 2827 quam
1017 2765 1099 2813 ille
1139 2778 1266 2813 anno
1297 2765 1431 2812 1542
1467 2765 1724 2834 purissimo
1764 2770 1812 2812 et
1849 2766 2140 2813 suavissimo
2181 2764 2416 2821 sermonis

170 2852 341 2900 genere
367 2840 611 2901 concepit,
651 2839 699 2884 in
738 2852 797 2886 ea
833 2851 1043 2899 namque
1081 2837 1223 2886 flores
1261 2836 1431 2885 halant
1469 2850 1527 2887 ex
1551 2835 1703 2884 hortis
1724 2835 2061 2901 philosophiae
2086 2836 2415 2919 penitissimis,

168 2910 464 2959 admirabilis
501 2911 814 2973 fragrantiae,
867 2925 992 2972 quae
1030 2909 1198 2958 lectori
1238 2908 1388 2957 veluti
1426 2913 1637 2957 mentem
1674 2911 1830 2972 ipsam
1868 2911 2037 2973 eripit,
2088 2915 2141 2956 ut
2191 2909 2416 2971 quamvis

169 2982 343 3044 aliquis
381 2998 537 3032 rerum
574 2983 893 3031 humanarum
931 2988 1133 3031 eventus
1171 2997 1228 3031 ex
1264 2983 1406 3030 astris
1443 2980 1653 3044 pendere
1687 2987 1859 3044 neget,
1910 2989 1962 3030 at
2013 2987 2139 3030 certe
2177 2987 2443 3030 astrorum*

170 3055 366 3116 effectus
415 3055 605 3119 aliquos
658 3058 706 3102 in
756 3056 900 3104 rebus
939 3055 1163 3103 humanis
1219 3052 1482 3116 agnoscere
1536 3060 1751 3116 cogatur.
1826 3053 1938 3102 Huc
1975 3054 2208 3104 referatur
2245 3052 2416 3102 folium

183 3128 278 3174 187
321 3127 449 3175 illius
488 3129 841 3181 Commentarii
871 3130 919 3175 in
957 3127 1329 3188 Peurbachium,
1367 3141 1457 3175 nec
1494 3139 1590 3174 non
1631 3133 1678 3175 et
1715 3125 1962 3175 f01.197.

321 3198 416 3247 Sed
451 3207 720 3250 revertatur
759 3202 914 3249 oratio
953 3205 1118 3248 nostra
1155 3199 1218 3248 ad
1242 3199 1308 3258 id,
1348 3199 1477 3248 unde
1517 3205 1590 3247 est
1628 3198 1858 3261 digressa,
1892 3198 2094 3261 jamque
2124 3199 2248 3247 inter
2285 3200 2416 3248 viros

86 3294 92 3300 ⁸
176 3269 355 3318 relatae
393 3276 716 3323 astronomiae
755 3288 895 3321 suam
934 3274 1080 3322 etiam
1118 3274 1332 3335 assignet
1369 3272 1698 3320 maturitatem
1736 3277 1784 3321 et
1818 3273 2159 3329 consistentem
2186 3276 2413 3320 aetatem.

175 3342 299 3390 Nam
339 3343 467 3403 quod
503 3344 802 3394 Reinholdus
842 3345 901 3395 de
941 3345 1259 3408 Alphonsinis
1298 3343 1532 3404 affirmat,
1572 3346 1694 3393 scire
1733 3344 1970 3405 artifices„
2010 3343 2140 3406 quod
2180 3358 2267 3393 eae
2306 3358 2414 3392 cum

177 3414 523 3478 phaenomenis
560 3431 655 3465 non
695 3418 900 3481 amplius
940 3424 1233 3481 congruant,
1285 3417 1414 3466 idem
1454 3417 1599 3465 etiam
1639 3417 1697 3465 de
1736 3416 1810 3464 his
1849 3416 2119 3465 Prutenicis
2171 3422 2219 3465 et
2258 3417 2415 3478 questi

169 3493 282 3535 sunt
319 3486 474 3547 multi,
513 3488 559 3533 in
602 3490 1023 3539 observationibus
1063 3491 1474 3553 exercitatissimi,
1520 3494 1568 3537 et
1605 3488 1683 3537 hic
1721 3491 1826 3555 ipse
1864 3503 2019 3537 annus
2066 3489 2217 3541 1625.
2259 3488 2412 3537 docu-

170 3564 333 3608 mento
371 3559 462 3606 fuit
501 3559 874 3622 evidentissimo,
915 3569 969 3611 ut
1006 3565 1054 3610 in
1094 3577 1190 3625 quo
1227 3568 1331 3611 toto
1369 3561 1511 3610 stella
1543 3560 1716 3609 Martis
1752 3560 1898 3623 longe
1935 3562 2202 3625 promotior
2240 3560 2427 3626 depre-

168 3632 322 3680 hensa
358 3637 432 3680 est
468 3632 518 3677 in
556 3631 719 3692 c0e10,
771 3648 916 3695 quam
954 3635 1169 3683 calculus
1208 3634 1493 3683 Prutenicus
1532 3633 1859 3696 praedixerat,
1912 3635 2157 3696 crevitque
2197 3632 2413 3682 defectus

169 3706 259 3753 iste
311 3703 558 3753 mensibus
596 3702 847 3765 Augusto,
897 3705 1195 3769 Septembri,
1246 3706 1444 3756 Octobri
1483 3720 1637 3768 usque
1675 3704 1738 3753 ad
1776 3710 1983 3766 quatuor
2022 3710 2071 3755 et
2108 3720 2254 3768 quam
2292 3720 2411 3768 pro-

174 3778 303 3826 xime
354 3775 417 3826 ad
454 3777 667 3840 quiuqu'e
716 3775 954 3838 graduum
991 3779 1391 3842 magnitudinem.
1464 3778 1589 3827 Nam
1612 3776 1758 3839 Jquod
1793 3776 2124 3841 Reinholdus,
2175 3779 2412 3828 observa—
