2554 4140
210 139 311 188 164
1037 130 1271 190 Epitomes
1302 128 1617 203 Astronomiae

203 282 324 330 nibil
376 286 448 330 est
496 282 772 331 extremitas
817 281 982 330 mundi
1036 284 1131 331 nisi
1168 280 1419 344 sphaerica
1456 280 1758 343 superficieS,
1808 294 1957 343 quae,
2002 282 2334 353 inaquantum
2377 287 2449 330 est

205 356 388 418 figurae
414 354 688 403 mundanae
729 357 1021 416 extremitas,
1063 358 1193 403 omni
1233 361 1362 402 caret
1399 353 1627 401 efficacia.

347 427 537 491 Proba,
575 442 734 489 neque
771 429 1012 477 violentia
1049 434 1213 477 motus
1263 425 1517 473 mundani
1553 428 1719 474 eoecuti
1765 429 1949 488 yravia
1985 429 2042 474 in
2079 426 2317 474 medium.
2391 426 2448 473 In

202 505 340 559 motu
381 499 601 547 circulari
637 499 936 563 violento-si
976 515 1073 562 qua
1110 505 1281 562 petunt
1316 498 1531 546 medium
1568 500 1716 546 totius
1754 500 1823 546 rei
1860 499 2078 558 mobilis,
2132 498 2217 546 illa
2261 504 2449 560 oportet

204 566 311 620 esse
351 572 540 620 leviora
575 587 627 621 re
665 575 773 642 ipsa
811 580 957 633 mota,
999 579 1052 620 ut
1087 575 1137 619 in
1174 570 1602 632 vorticibusiigna
1639 577 1687 619 et
1710 571 1883 634 paleae
1923 578 2034 619 sunt
2059 571 2259 630 leviora,
2301 585 2446 632 quam

202 651 275 692 est
315 659 445 706 aqua
483 647 591 707 ipsa
628 652 788 694 rotata
825 648 873 692 in
911 660 1106 708 gyrum3
1145 645 1213 692 ibi
1250 658 1459 705 namque
1492 643 1648 704 major
1684 659 1713 692 a
1750 646 1989 692 rotatione
2027 644 2082 692 fit
2120 645 2372 706 impressio
2399 645 2449 691 in
2528 650 2534 655 '

201 732 376 779 corpus
418 733 595 779 aquae,
634 719 765 780 quod
804 720 1002 780 gravius
1041 724 1127 778 est,
1167 722 1222 764 ut
1258 711 1440 778 impe'tu
1478 722 1588 763 ruat
1627 722 1674 764 et
1710 716 2043 764 rectitudinem
2092 717 2323 764 affectans
2361 731 2450 764 ex-

201 793 320 837 tima
358 790 525 838 circuli
562 797 699 853 petat
736 794 1047 852 centrumque
1097 788 1249 837 veluti
1288 789 1567 846 exhauriat,
1596 801 1716 850 ‘quo
1754 789 1883 838 facto
1934 789 2121 837 leviora
2166 791 2447 848 innatantia,

201 877 309 910 cum
357 870 552 926 propter
591 867 822 912 minorem
862 864 1227 925 impressionem
1265 867 1426 909 motus
1465 864 1511 908 in
1552 864 1658 923 ipsa
1683 862 2037 923 tardioremque
2077 868 2261 910 motum
2297 861 2447 910 desti-

197 942 398 984 tuuntur
435 943 483 984 et
521 937 582 984 ab
623 938 764 998 aquis
803 936 1127 984 velocioribus
1165 937 1424 982 introrsum
1461 934 1771 995 repelluntur,
1812 942 1912 982 tum
1941 937 2086 982 etiam
2124 941 2319 996 propter
2358 934 2448 982 de-

198 1008 465 1057 clivitatem
506 1011 653 1058 centri
691 1010 738 1054 in
778 1008 990 1058 medium
1028 1007 1312 1056 naturaliter
1349 1006 1568 1055 influunt.
1643 1007 1710 1054 At
1745 1009 1787 1054 si
1826 1009 2052 1069 ponimus
2099 1007 2329 1056 mundum
2367 1021 2449 1055 ro-

197 1083 301 1142 tari,
343 1083 390 1128 in
431 1095 527 1143 quo
567 1088 638 1129 est
677 1096 794 1129 aura
832 1082 1067 1130 aetherea*
1097 1087 1145 1129 et
1181 1094 1382 1142 corpora
1419 1094 1502 1142 per
1542 1080 1678 1128 illum
1706 1082 1927 1138 errantia,
1969 1079 2120 1128 Terra
2146 1081 2314 1142 utiquc
2352 1094 2447 1128 non

198 1155 286 1201 erit
323 1154 476 1203 levior
515 1168 633 1201 aura
671 1154 910 1203 aetherea.
985 1154 1118 1202 Nihil
1157 1155 1303 1216 igitur
1335 1154 1455 1209 juris
1480 1154 1569 1200 erit
1607 1155 1760 1200 motui
1787 1152 1953 1200 mundi
1994 1151 2207 1201 violento
2247 1155 2294 1200 in
2323 1152 2448 1202 'Per-

198 1241 302 1274 ram
342 1234 390 1274 et
428 1227 611 1288 gravia,
652 1232 706 1274 ut
744 1228 793 1273 in
835 1233 1048 1275 centrum
1087 1226 1173 1274 illa
1213 1226 1450 1278 detrudat.

339 1299 412 1346 Ex
451 1299 657 1348 adverso
697 1300 822 1348 solet
859 1306 1019 1348 motus
1058 1298 1318 1359 violentus,
1357 1298 1598 1346 horizonti
1635 1295 1913 1359 parallelus,
1953 1313 2060 1346 cum
2088 1301 2258 1361 gravia
2297 1301 2446 1346 corri-

195 1373 315 1434 puit,
358 1373 557 1419 incitare
594 1371 706 1436 illa,
745 1375 786 1420 si
824 1372 986 1422 soluta
1024 1388 1053 1420 a
1089 1378 1196 1420 rota
1233 1372 1437 1430 suerint,
1492 1378 1540 1418 et
1580 1372 1629 1417 in
1667 1371 1846 1418 lineam
1896 1378 2076 1419 rectam
2117 1387 2146 1419 a
2196 1372 2448 1421 circumse—

168 1447 350 1491 1rentia
389 1444 554 1492 circuli
593 1454 832 1494 excutere.
908 1445 1084 1507 Quare,
1125 1447 1166 1493 si
1206 1444 1440 1494 violentia
1466 1449 1626 1491 motus
1654 1442 1883 1491 mundani
1921 1443 2214 1493 redundaret
2253 1447 2299 1491 in
2325 1444 2448 1497 Ter÷

193 1531 296 1564 ram
335 1523 383 1565 et
419 1518 605 1579 gravia,
644 1519 808 1579 potius
847 1518 934 1566 illa
972 1534 1003 1566 a
1041 1516 1200 1566 medio
1241 1517 1434 1579 ejiceret
1474 1529 1640 1565 versus
1666 1522 1905 1578 extrema3
1946 1517 2096 1566 Terra
2135 1519 2260 1566 enim
2296 1531 2447 1580 grave

197 1603 371 1651 corpus
411 1604 516 1638 esse
554 1592 762 1652 ponitur.
846 1590 1013 1651 Adde,
1065 1590 1197 1653 quod
1243 1592 1284 1637 si
1333 1596 1493 1637 motus
1544 1588 1744 1638 diurnus
1793 1590 1973 1639 inesset
2010 1592 2100 1638 toti
2146 1590 2351 1650 mundo,
2406 1592 2448 1638 is

192 1662 436 1710 violentus
477 1662 570 1710 dici
610 1670 925 1725 nonposset,
966 1679 1074 1712 cum
1113 1670 1308 1727 propter
1346 1664 1743 1725 perpetuitatem,
1783 1668 1885 1710 tum
1910 1665 2058 1712 etiam
2094 1670 2290 1726 propter
2326 1665 2446 1711 sirn-

193 1735 487 1796 plicitatem,
544 1749 653 1783 cum
693 1737 869 1798 quibus
921 1738 1165 1785 violentus
1204 1743 1364 1784 motus
1402 1738 1571 1797 nequit
1609 1737 1884 1784 consistere.
1963 1735 2130 1785 Motus
2169 1739 2296 1786 enim
2335 1735 2447 1785 ideo

195 1808 441 1856 violentus
481 1815 578 1868 est,
629 1811 745 1871 quia
783 1817 1020 1872 repugnat
1059 1809 1143 1858 alii
1181 1810 1359 1869 motui,
1401 1810 1486 1870 qui
1524 1806 1757 1856 naturalis
1796 1815 1869 1857 est
1906 1811 1974 1857 rei
2012 1809 2205 1858 mobili:
2246 1823 2448 1872 corpora

200 1882 341 1942 enim,
382 1883 609 1943 imposita
646 1883 818 1930 vertici
858 1882 937 1931 vel
956 1889 1107 1942 rotae,
1146 1884 1435 1944 gravitatem
1473 1881 1667 1942 habent,
1707 1895 1806 1943 qua
1831 1889 2037 1944 vergunt
2075 1889 2211 1931 extra
2247 1882 2334 1930 illa
2358 1895 2448 1931 sua

195 1952 304 2002 loca
343 1959 390 2002 et
428 1960 563 2002 extra
599 1954 779 2003 lineam
816 1962 977 2004 motus
1016 1955 1241 2015 violenti,
1296 1969 1464 2003 versus
1502 1961 1718 2003 centrum
1757 1951 1986 2003 Terraet‘
2011 1954 2148 2004 locus
2187 1961 2262 2004 est
2303 1957 2446 2017 igitur

198 2041 391 2090 pugnae
443 2029 567 2076 inter
618 2033 780 2076 motus
819 2027 880 2076 ad
921 2028 1114 2078 diversa
1151 2028 1284 2084 loca,
1338 2027 1536 2080 alterius
1576 2029 1622 2074 in
1662 2026 1919 2088 circulum,
1972 2026 2170 2076 alterius
2209 2029 2447 2089 deorsum,

195 2099 323 2148 unde
360 2098 527 2147 ‘existit
565 2102 830 2162 quassatiO,
871 2101 1120 2163 &dymuuff
1198 2100 1265 2148 At
1301 2115 1397 2149 nou
1436 2101 1506 2148 sic
1544 2115 1595 2149 se
1634 2114 1709 2147 res
1747 2100 1896 2148 habet
1935 2114 2043 2149 cum
2084 2101 2254 2162 Terra,
2306 2101 2446 2163 cujus

195 2178 355 2220 motus
395 2178 468 2220 est
507 2172 670 2221 vel'ad
708 2179 925 2238 centrum
955 2173 1121 2222 mundi
1159 2177 1331 2236 ipsum,
1373 2178 1427 2221 ut
1466 2173 1571 2222 vult
1598 2173 1823 2235 objectio,
1864 2174 2031 2236 itaque
2069 2188 2166 2223 non
2195 2189 2316 2237 opus
2356 2176 2446 2223 erit

195 2245 268 2292 illi
317 2244 534 2294 violenta
587 2236 871 2296 excussione
924 2249 973 2295 in
1011 2246 1155 2306 illud,
1210 2246 1287 2294 vel
1326 2245 1510 2294 nullam
1551 2246 1742 2309 plagam
1782 2248 1970 2309 appetit
2006 2261 2058 2295 se
2096 2249 2231 2312 ipsa,
2280 2249 2446 2311 itaque

196 2323 365 2383 raptus
405 2317 486 2366 ille
528 2319 770 2367 violentus
809 2333 903 2368 non
944 2322 1045 2379 erit,
1088 2321 1205 2382 quia
1242 2318 1361 2366 nulli
1401 2321 1552 2367 motui
1593 2320 1772 2368 Terrae
1810 2318 2019 2369 naturali
2059 2322 2342 2369 contrariae.

340 2390 428 2438 Est
466 2393 612 2440 etiam
652 2392 947 2441 insufficiens
986 2407 1149 2441 causa.
1226 2392 1351 2440 Nam
1393 2399 1444 2441 ut
1483 2391 1615 2453 dem,
1668 2392 1892 2455 compelli
1941 2395 2112 2456 gravia
2147 2395 2197 2442 in
2236 2393 2447 2442 medium

197 2463 375 2523 circuli,
415 2464 629 2512 nondum
668 2472 910 2528 sequetur,
950 2466 1147 2515 Terram
1176 2467 1223 2511 in
1250 2464 1409 2513 medio
1450 2467 1598 2514 totius
1624 2466 1792 2513 mundi
1832 2479 1955 2527 esse,
1995 2465 2081 2514 sed
2107 2467 2227 2516 bene
2266 2470 2312 2514 in
2341 2482 2447 2528 axe,
2524 2453 2533 2474 ³

196 2537 245 2582 in
286 2550 382 2599 quo
422 2542 534 2584 sunt
573 2537 795 2586 ordinata
834 2540 1045 2586 omnium
1087 2537 1425 2602 parallelorum
1465 2544 1642 2588 centra.
1721 2539 1944 2601 Denique
1996 2546 2240 2602 ponuntur
2276 2542 2447 2589 incon-

198 2623 352 2669 cessa,
412 2610 597 2658 seilicet
646 2610 865 2659 diurnum
916 2619 1098 2660 motum
1148 2612 1306 2660 inesse
1355 2611 1447 2674 ipsi
1498 2611 1704 2673 mundo,
1756 2611 1888 2674 quod
1926 2614 2148 2703 sequenti
2187 2618 2329 2677 parte
2360 2627 2448 2662 ne·

231 2682 405 2730 abitur.

197 2697 227 2744 g
339 2755 588 2803 Dicamus
623 2757 808 2817 iyitur,
854 2770 1062 2805 eausam
1098 2757 1250 2816 hujus
1287 2763 1450 2806 motus
1485 2758 1724 2819 yravium
1763 2757 1834 2806 ad
1869 2764 2095 2806 centrum
2135 2759 2317 2807 mundi
2350 2773 2446 2807 esse
2481 2775 2486 2778 ’

195 2830 449 2876 internam
489 2834 533 2875 et
568 2830 752 2890 yravia
788 2832 899 2891 ipsa
918 2835 1163 2888 ,centrum
1195 2836 1386 2890 petere,
1436 2835 1527 2878 aut
1562 2829 1626 2876 ab
1664 2831 2059 2879 extremitatibus
2092 2831 2304 2894 fuyere?
2351 2831 2446 2879 Di·-

197 2899 400 2948 cendum
439 2903 602 2963 itaque
644 2901 788 2963 juxta
825 2902 993 2963 fuerit,
1045 2908 1092 2949 et
1131 2901 1374 2964 quomodo
1428 2907 1640 2949 centrum
1690 2902 1855 2950 mundi
1903 2910 2072 2965 petant
2123 2910 2209 2954 aut
2257 2905 2320 2952 ab
2359 2919 2447 2952 ex-

195 2974 359 3020 tremis
397 2973 607 3036 fugiant,
662 2980 710 3022 et
749 2974 940 3037 quare?
1016 2973 1242 3022 Centrum
1291 2977 1417 3023 enim
1456 2980 1529 3022 est
1567 2980 1795 3037 punctum
1844 2977 2260 3037 mathematicum,
2313 2976 2442 3039 quod
2511 2992 2527 3011 0

197 3044 481 3094 describitur
519 3045 712 3108 aequali
753 3047 982 3095 distantia
1021 3047 1084 3095 ab
1125 3049 1349 3095 extremis
1386 3047 1579 3113 rotundi
1618 3050 1844 3110 corporis
1924 3049 2044 3097 Cum
2090 3051 2238 3111 igitur
2275 3051 2445 3111 gravia

195 3119 291 3165 sint
323 3131 609 3181 ,corporeum
649 3119 780 3181 quid,
821 3126 1034 3169 centrum
1075 3116 1122 3168 et
1160 3126 1374 3169 extrema
1411 3119 1516 3168 solo
1557 3122 1809 3183 capiantur
1846 3121 2109 3182 intellectu,
2150 3136 2248 3185 quo
2282 3128 2443 3170 carent

196 3192 382 3252 gravia,
422 3198 661 3252 quatenus
701 3194 897 3255 gravia:
950 3207 1045 3240 non
1083 3194 1231 3255 igitur
1269 3207 1498 3256 quaerere
1537 3199 1763 3257 poterunt
1800 3199 1933 3241 motu
1972 3209 2060 3243 suo
2100 3201 2339 3255 centrum,
2390 3200 2445 3242 ut

198 3268 426 3323 centrum,
456 3263 548 3311 vel
597 3271 650 3311 ut
688 3266 907 3314 intimum
944 3265 1112 3313 mundi
1150 3273 1406 3329 punctum,
1444 3281 1533 3315 nec
1573 3267 1737 3329 fugere
1776 3280 1807 3314 a
1843 3267 2122 3330 superficie,
2163 3274 2215 3316 ut
2254 3269 2316 3316 ab
2357 3282 2479 3316 ex·-

195 3341 348 3385 tremo
387 3334 643 3398 sphaerae,
697 3343 745 3386 et
781 3341 823 3386 si
860 3344 1084 3402 possent,
1124 3344 1285 3388 tamen
1326 3354 1475 3388 causa
1509 3353 1607 3388 non
1645 3340 1747 3400 erit,
1787 3353 1871 3387 cur
1906 3341 2068 3403 potius
2107 3341 2198 3390 hoc
2236 3341 2440 3404 fugiant,

195 3408 316 3457 illud
351 3414 533 3471 petant,
573 3423 719 3470 quam
757 3414 1063 3459 contrarium.

340 3479 522 3530 Modus
529 3517 545 3541 ,
599 3496 697 3543 quo
734 3483 988 3531 tenderent
1024 3487 1208 3545 yravia
1254 3485 1323 3533 ad
1358 3492 1584 3534 centrum
1623 3490 1715 3533 aut
1750 3499 1804 3533 eo
1851 3486 2236 3547 expellerentur,
2279 3491 2443 3547 posset

195 3569 291 3602 esse
327 3557 443 3602 iste.-
487 3556 529 3601 si
567 3568 746 3615 eorpus
791 3558 847 3602 iri
885 3560 1191 3605 extremitate
1240 3558 1423 3606 niundi
1472 3559 1690 3606 locatum
1726 3559 1962 3606 virtutem
2013 3561 2252 3607 emitteret
2287 3572 2442 3619 usque

195 3627 264 3675 ad
297 3628 498 3689 yravia,
541 3641 671 3687 quae
707 3627 785 3674 vel
818 3628 1020 3688 pelleret
1054 3632 1239 3690 yravia
1277 3632 1356 3678 vel
1389 3632 1650 3694 supe-retur
1687 3630 1750 3677 ab
1788 3630 1890 3677 iis?
1928 3631 1996 3678 At
2032 3631 2323 3679 rationabile
2346 3643 2443 3677 non

196 3706 284 3761 est,
324 3701 423 3748 vim
462 3712 742 3762 corpoream
780 3702 989 3748 extimae
1028 3701 1263 3763 sphaerae
1301 3709 1398 3751 tam
1437 3703 1584 3765 longe
1620 3716 1727 3750 sese
1752 3703 1994 3765 porrigere
2034 3709 2228 3766 tamque
2264 3703 2441 3766 exqui-
2497 3755 2511 3766 ,ς
2549 3691 2554 3755 J

149 3769 157 3776 ⁴
193 3774 336 3821 sitam
374 3785 479 3822 esse
516 3774 564 3818 in
602 3772 841 3837 minimis„
891 3778 944 3820 ut
982 3772 1045 3820 ad
1082 3787 1295 3835 unguem
1333 3776 1621 3839 aequalibus
1659 3774 1874 3837 undique
1913 3775 2158 3825 diametris
2197 3775 2436 3839 expellere

191 3846 346 3909 possit
384 3847 432 3892 in
469 3843 680 3893 medium
720 3844 940 3907 adeoque
980 3846 1184 3909 primum
1223 3854 1373 3910 atque
1411 3863 1559 3912 grave
1596 3848 1750 3897 latum
1788 3847 1960 3912 pedem
1998 3864 2028 3897 a
2067 3855 2229 3899 centro
2266 3846 2432 3897 mundi
