2560 4100
209 100 272 148 10
345 118 351 141 ι
525 112 528 114 -
803 89 857 134 In
893 88 1134 145 Epitomen
1173 62 1485 133 Astronomiae
1517 89 1850 145 Copernicanae

204 246 438 306 provecto
476 238 702 303 planeta,
755 237 930 286 iterum
967 239 1206 301 incipiunt
1240 243 1404 301 partes
1442 239 1667 287 inimicae
1713 238 1962 300 recedere,
2012 241 2195 289 amicae
2245 249 2454 290 annuere

204 315 266 363 ad
305 313 487 377 Solem,
526 325 677 373 quare
712 312 913 358 remittit
949 311 1035 359 illa
1073 311 1318 373 expulsiO,
1359 311 1512 359 donec
1549 314 1742 374 penitus
1783 319 2068 373 evanescat,
2110 313 2304 375 quaudo
2341 313 2453 376 pla-

207 393 322 436 neta
360 385 422 433 ad
461 383 668 433 eundem
715 383 879 449 locum
927 385 1228 446 pervenerit,
1279 386 1325 429 in
1374 399 1470 446 quo
1511 385 1645 432 initio
1683 386 1856 434 fuerat.
1899 413 1966 421 —-
2005 386 2274 448 Tempora,
2329 402 2453 449 quac

117 511 120 513 Α
208 459 444 509 consumit
487 456 687 519 planeta
731 459 780 504 in
828 462 1035 518 utroque
1085 455 1386 505 semicirculo
1436 457 1621 505 orbitae
1658 469 1800 520 suae,
1852 458 2078 520 aequalia
2116 466 2251 520 sun13
2304 460 2454 507 fibrae

203 532 412 595 perfecte
451 532 767 578 restituuntur
802 534 916 592 post
952 529 1135 579 reditus
1160 531 1399 591 'integros
1437 536 1675 591 peractos.
1714 557 1786 566 —
1824 530 2061 590 Planum,
2104 531 2234 593 quod
2274 532 2456 580 descri-

202 607 321 653 bunt
362 603 614 666 planetae,
664 603 726 651 ad
777 602 976 664 planum
1026 601 1277 665 eclipticae
1333 601 1617 653 inclinatum
1666 609 1740 653 est
1777 603 2088 652 inclinatione
2127 608 2367 654 constanti
2406 612 2454 653 et

201 676 503 738 invariabili;
541 677 685 735 linea,
727 690 825 737 qua
863 689 915 722 se
953 681 1122 723 secant
1158 680 1326 722 mutuo
1365 674 1488 723 haec
1524 674 1705 736 plana,
1744 691 1829 738 per
1865 670 2080 724 centrum
2119 677 2248 725 Solis
2284 679 2456 726 transit

201 757 248 799 et
287 751 550 811 unicuique
591 749 818 812 planetae
869 753 942 814 est
990 750 1211 811 propria,
1265 749 1334 795 sic
1385 750 1531 795 etiam
1582 747 1833 796 inclinatio
1871 749 2098 811 planetae
2137 750 2352 812 cujusvis
2391 750 2454 798 ad

146 862 152 869 .
203 818 473 886 eclipticam
513 829 587 871 est
626 823 798 884 cuique
835 825 1048 883 propria.
1086 848 1159 856 —
1194 820 1567 869 Motus-Lunae
1620 821 1791 869 similis
1843 828 1918 870 est
1962 823 2175 870 motibus
2225 822 2454 885 planeta-

202 911 336 958 rum3
387 911 495 945 cum
535 901 697 944 autem
736 899 896 943 motus
936 894 975 941 L
978 907 1104 942 unae
1144 892 1386 942 derivetur
1423 908 1453 941 a
1491 893 1743 942 volutione
1783 893 1953 942 diurna
1990 895 2168 944 Terrae
2207 902 2255 943 et
2293 911 2322 944 a
2361 910 2454 945 vo-

198 969 384 1020 lutione
424 969 568 1029 Solis,
610 965 981 1030 deprehenditur
1020 965 1199 1028 duplex
1237 965 1405 1014 Lunae
1442 967 1652 1015 intensio
1691 973 1739 1034 et
1777 969 1995 1016 remissio
2036 975 2193 1016 motus
2232 969 2377 1018 medii
2407 971 2454 1016 in

200 1044 450 1091 contrariis
499 1041 687 1104 periodi
734 1042 1005 1090 momentis.
1082 1038 1271 1087 Fibrae
1319 1039 1488 1088 Lunae
1534 1028 1834 1103 magneticae
1884 1043 1931 1087 in
1986 1040 2177 1090 duobus
2217 1043 2454 1105 oppositis

199 1115 384 1179 periodi
423 1115 721 1178 temporibus
759 1127 856 1161 non
892 1119 1024 1162 recta
1062 1111 1332 1174 diriguntur
1352 1127 1522 1161 versus
1549 1113 1773 1175 Terram3
1813 1114 2004 1174 sufficit,
2044 1121 2097 1162 ut
2134 1116 2194 1162 iis
2234 1130 2453 1163 momen-

200 1191 263 1236 tis
315 1188 489 1237 saltem
540 1187 798 1235 inclinatae
849 1189 946 1234 sint
993 1186 1191 1234 alternis
1238 1185 1396 1249 plagis
1443 1200 1611 1234 versus
1663 1186 1862 1234 Terram
1902 1193 1950 1236 et
1987 1202 2151 1236 earum
2189 1189 2311 1237 situs
2347 1194 2451 1237 toto

201 1263 403 1310 circuitu
441 1267 636 1309 maneat
672 1259 966 1323 parallelus:
1019 1259 1243 1322 quamvis
1288 1258 1429 1307 Luna
1474 1273 1663 1321 semper
1701 1259 1901 1308 eandem
1943 1262 2115 1309 faciem
2155 1260 2217 1308 ad
2256 1261 2454 1310 Terram

203 1340 484 1383 convertere
532 1333 781 1394 videatur,
838 1338 999 1382 tamen
1049 1332 1154 1381 fieri
1190 1336 1381 1394 potest,
1432 1337 1486 1380 ut
1523 1333 1711 1380 nutatio
1750 1332 1917 1395 aliqua
1955 1336 2003 1380 in
2044 1333 2212 1382 Lunae
2251 1349 2452 1396 corpore

202 1409 412 1465 eveniat,
453 1421 601 1469 quam
640 1407 775 1455 visus
811 1407 964 1456 nostri
1000 1405 1334 1454 imbecillitate
1372 1419 1469 1453 non
1509 1404 1940 1468 deprehendimuS,
1997 1421 2095 1468 qua
2131 1409 2180 1454 in
2219 1409 2453 1471 margini-

186 1482 293 1528 bus
332 1481 465 1543 globi
505 1481 713 1528 Luuaris
750 1478 1016 1542 particulae
1065 1478 1262 1541 aliquae
1313 1491 1367 1526 se
1416 1478 1782 1541 conspiciendas
1834 1479 2125 1539 exhibeant,
2181 1495 2306 1542 quae
2356 1480 2454 1529 alio

201 1561 416 1617 tempore
455 1567 557 1619 non
592 1552 862 1602 videantur.
939 1551 1129 1601 Deinde
1167 1565 1263 1599 non
1300 1550 1446 1614 plane
1485 1551 1749 1614 rejicienda
1800 1558 1872 1600 est
1929 1554 2138 1616 suspicio
2190 1553 2248 1601 de
2301 1553 2450 1616 globo

202 1627 328 1675 intra
355 1626 524 1675 Lunae
564 1626 780 1688 globum,
821 1627 903 1689 qui
944 1639 1205 1674 conversas
1244 1623 1441 1673 alternis
1477 1625 1651 1689 plagas
1676 1625 1739 1673 ad
1765 1626 1964 1674 Terram
1991 1625 2159 1685 tendit,
2201 1640 2298 1688 quo
2326 1626 2453 1675 idem

203 1699 282 1749 vel
334 1699 491 1748 simile
545 1699 661 1763 quid
707 1700 999 1759 efficeretur,
1053 1697 1184 1760 quod
1235 1699 1282 1743 in
1330 1697 1530 1760 reliquis
1586 1698 1812 1761 planetis,
1891 1698 2115 1748 Ceterum
2154 1701 2201 1746 in
2242 1700 2453 1749 motibus

199 1773 367 1822 Lunae
405 1773 559 1822 multa
597 1772 756 1821 adhuc
793 1779 907 1822 sunt
944 1772 1095 1820 dubia
1133 1776 1180 1819 et
1220 1770 1502 1820 difficillima
1541 1771 1808 1835 explicatu,
1848 1773 1918 1820 ita
1955 1779 2009 1820 ut
2047 1774 2116 1832 is,
2158 1775 2239 1835 qui
2280 1787 2453 1822 causas

198 1846 367 1895 harum
406 1861 564 1895 rerum
603 1846 726 1896 tales
767 1846 998 1906 attulerit,
1039 1850 1094 1892 ut
1133 1858 1191 1893 ex
1229 1845 1289 1892 iis
1330 1850 1562 1907 sequatur
1600 1847 1848 1908 quantitas
1887 1852 1936 1894 et
1960 1847 2208 1909 proportio
2234 1852 2453 1895 motuum

200 1920 436 1983 apsidum·
464 1925 511 1969 et
546 1920 756 1968 limitum
795 1920 980 1979 Lunae,
1017 1931 1230 1966 currum
1267 1919 1402 1966 circa
1439 1925 1627 1967 metam
1664 1925 1801 1980 ayat.

346 1992 494 2041 Liber
532 1995 754 2056 quintu&
831 1994 906 2041 De
945 1991 1136 2041 circulis
1173 1989 1479 2053 planetarum
1518 1993 1821 2052 eccentricis,
1862 2006 1949 2040 seu
1988 1991 2187 2040 theoriis
2224 1993 2453 2056 planeta·

198 2081 318 2114 rum.
395 2065 468 2114 Ex
504 2066 753 2130 principiis
791 2066 1007 2130 physicis
1044 2069 1284 2126 motuum,
1322 2064 1663 2113 demonstratis
1701 2065 1824 2113 libro
1848 2065 1936 2113 IV.
1977 2066 2247 2115 rationibus
2287 2073 2334 2115 et
2361 2080 2450 2115 ex-

184 2138 496 2202 perimentis,
535 2140 801 2189 formantur
837 2142 885 2186 in
924 2139 1020 2187 hoc
1055 2137 1181 2185 libro
1215 2137 1282 2185 V.
1323 2137 1506 2200 figurae
1546 2138 1809 2187 orbitarum
1847 2137 2241 2200 planetariarum.
2323 2140 2455 2188 Pars

197 2215 386 2275 prima.
462 2213 645 2274 Figura
683 2214 951 2263 eccentrici.
1026 2210 1353 2260 Permixtione
1391 2211 1675 2260 facultatum
1716 2213 1929 2274 corporis
1966 2211 2195 2275 planetae
2246 2218 2293 2261 et
2351 2213 2475 2262 vir·,
2556 2195 2560 2211 ἢ

199 2287 316 2334 tutis
354 2287 566 2334 motricis
606 2285 734 2335 Solis
773 2286 851 2346 fit,
903 2292 958 2335 ut
1005 2283 1204 2348 planeta
1242 2283 1484 2334 describat
1525 2283 1731 2333 orbitam
1770 2284 1834 2332 ad
1873 2284 2146 2348 eclipticam
2185 2285 2450 2348 obliquam,

163 2375 166 2383 ’
202 2373 299 2408 non
337 2359 545 2421 perfecte
585 2359 890 2418 circularem,
942 2358 1027 2408 sed
1068 2356 1451 2422 ellipticam,
1494 2360 1540 2405 in
1581 2357 1720 2419 cujus
1758 2356 1910 2406 altero
1948 2359 2057 2407 foco
2097 2357 2183 2406 Sol
2220 2356 2448 2407 resideat.

199 2459 270 2467 —-
308 2431 564 2480 Modulum
602 2435 777 2480 virium
818 2431 881 2480 ad
917 2430 1190 2480 librandum
1228 2431 1473 2495 planetam
1521 2429 1690 2496 (causa
1737 2445 1961 2480 accessus
2000 2437 2048 2482 et
2084 2446 2302 2480 recessus
2342 2431 2453 2494 pla-

199 2511 342 2554 netae
382 2520 411 2554 a
449 2502 582 2570 Sole)
620 2508 841 2554 metitur:
910 2502 957 2572 1)
996 2504 1229 2553 distantia
1273 2518 1412 2552 arcus
1466 2518 1497 2552 a
1533 2503 1672 2563 Sole,
1728 2504 1781 2566 2)
1822 2506 2067 2566 quantitas
2106 2504 2253 2567 hujus
2291 2519 2447 2562 arcuS,

203 2579 257 2639 3)
298 2585 502 2641 tempus,
545 2579 677 2641 quod
714 2579 911 2641 planeta
950 2579 1205 2637 consumit,
1247 2576 1360 2625 dum
1399 2583 1620 2626 versatur
1656 2578 1703 2623 in
1744 2576 1827 2625 illo
1868 2591 1994 2626 arcu.
2060 2577 2138 2625 Ad
2178 2592 2452 2627 mensuram

198 2643 466 2714 portionis,
507 2665 655 2713 quam
694 2652 752 2701 de
791 2651 989 2699 modulo
1029 2650 1271 2700 Solarium
1310 2651 1485 2698 virium
1523 2649 1735 2698 admittit
1774 2652 1820 2696 in
1859 2664 1912 2698 se
1950 2651 2149 2712 planeta
2186 2652 2234 2697 in
2275 2652 2450 2713 quovis

201 2725 295 2773 situ
337 2739 425 2772 suo
465 2724 528 2772 ad
566 2724 762 2784 Solem,
812 2723 1135 2774 attendendus
1182 2729 1254 2772 est
1306 2721 1538 2787 angulus,
1590 2738 1736 2785 quem
1786 2721 1915 2771 Solis
1954 2723 2076 2772 radii
2114 2724 2300 2771 faciunt
2339 2739 2447 2772 cum

201 2797 332 2845 fibris
370 2798 504 2860 globi
541 2797 798 2860 planetarii
837 2799 1150 2860 magneticis3
1189 2796 1336 2859 hujus
1376 2797 1542 2859 anguli
1580 2798 1714 2845 sinus
1743 2795 2080 2858 complementi
2106 2799 2301 2845 metitur
2326 2797 2451 2846 hanc

200 2872 376 2918 virium
403 2874 765 2933 proportionem
798 2871 1061 2919 admissam
1087 2869 1412 2935 (librationem
1444 2885 1475 2918 a
1498 2869 1712 2932 Keplero
1753 2868 1967 2927 dictam)
2046 2869 2348 2934 Comparatis
2373 2870 2447 2918 his

202 2957 310 2991 cum
330 2943 521 3007 legibus
541 2943 706 3004 libiae,
718 2946 885 3007 pergit
898 2944 1164 3029 Keplerus:
1205 2945 1330 2992 sicut
1348 2959 1400 2991 se
1424 2943 1574 2991 habet
1591 2942 1946 2991 semidiameter
1973 2943 2158 2991 orbitae
2185 2943 2247 2991 ad
2275 2957 2448 2992 eccen-

199 3018 490 3076 tricitatem,
542 3018 611 3065 sic
657 3032 709 3066 se
757 3018 907 3066 habet
957 3019 1092 3066 sinus
1137 3031 1309 3066 versus
1338 3004 1584 3079 cujusque
1623 3030 1762 3065 arcus
1801 3016 1864 3063 ab
1903 3015 2071 3077 apside
2110 3017 2346 3079 incipiens
2385 3016 2449 3065 ad

199 3094 388 3151 partem
426 3088 724 3150 librationis,
766 3105 891 3154 quae
931 3090 1207 3150 conficitur,
1249 3089 1361 3137 dum
1400 3089 1597 3152 planeta
1634 3090 1869 3152 percurrit
1906 3102 2070 3136 arcum
2108 3088 2273 3151 illum3
2314 3091 2449 3138 orbi-

199 3169 300 3209 tam
338 3162 578 3224 planetae,
619 3178 745 3225 quae
786 3179 843 3212 ex
883 3164 957 3212 his
997 3163 1336 3212 librationibus
1375 3169 1626 3224 nascatur,
1666 3162 1930 3224 ellipticam
1956 3175 2062 3210 esse
2089 3161 2279 3222 debere,
2320 3177 2447 3224 geo·
2536 3216 2542 3227 Ι

178 3237 396 3283 -metrice
436 3235 747 3284 demonstrat.
826 3237 946 3284 Cum
984 3238 1081 3284 sint
1119 3251 1283 3284 morae
1319 3235 1621 3299 planetarum
1661 3237 1710 3282 in
1748 3235 1956 3283 arcubus
1997 3230 2284 3297 aequalibus
2323 3237 2449 3284 sicut

202 3307 460 3357 distantiae
499 3322 697 3357 arcuum
736 3324 766 3356 a
802 3310 934 3357 fonte
972 3314 1147 3368 motuS‚
1187 3309 1281 3358 hae
1320 3323 1437 3358 vero
1475 3311 1601 3358 sicut
1636 3307 1892 3370 triangula,
1934 3321 2138 3369 quorum
2165 3309 2309 3356 bases
2334 3314 2449 3356 sunt

200 3380 270 3427 illi
294 3396 448 3442 arene,
486 3381 643 3430 latera
681 3396 796 3430 vero
834 3382 990 3430 lineae
1031 3397 1061 3430 a
1097 3382 1206 3430 foco
1245 3385 1294 3429 in
1334 3389 1549 3431 extrema
1586 3396 1781 3430 arcuum
1822 3380 2010 3439 ductae,
2052 3395 2202 3442 quare
2240 3397 2448 3430 morae

201 3468 267 3503 se
304 3454 539 3504 habent
577 3457 756 3503 sicut
793 3470 980 3503 areae
1029 3455 1239 3502 horum
1279 3454 1747 3518 triangulorum.
1822 3453 1878 3500 In
1919 3455 2281 3517 computatione
2319 3460 2448 3502 tem-

199 3528 331 3590 poris
369 3526 558 3575 facilior
594 3527 809 3576 redditur
844 3528 1059 3576 calculus
1098 3529 1412 3590 usurpatione
1448 3527 1582 3592 plani
1620 3526 1864 3576 circularis
1899 3525 2008 3574 loco
2047 3525 2265 3589 elliptici.
2326 3527 2449 3574 Par-

201 3607 299 3647 tem
335 3602 540 3664 primam
578 3600 654 3648 his
693 3600 937 3648 concludit
973 3600 1242 3661 Keplerus:
1286 3601 1421 3649 Haec
1455 3603 1643 3663 scripta
1679 3606 1828 3648 sunto
1864 3602 2123 3662 qeometris
2160 3603 2270 3649 acri
2306 3603 2449 3662 inqe-

201 3675 290 3722 nio
322 3673 595 3736 praeditis,
651 3675 740 3735 qui
776 3675 917 3721 nihil·
942 3675 998 3721 in
1036 3674 1287 3720 calculum
1326 3677 1544 3736 recipere
1575 3673 1862 3735 ‘eliquantur
1873 3709 1889 3733 ,
1943 3671 2079 3734 quod
2119 3687 2227 3721 non
2264 3676 2327 3721 sit
2362 3673 2450 3721 de·-

200 3749 554 3796 mcmstratione
590 3749 972 3796 accuratissima
1007 3749 1267 3795 munitum
1305 3762 1464 3810 exque
1497 3748 1619 3810 ipsis
1647 3747 1918 3809 principiis
1952 3751 2185 3795 motuum
2225 3753 2448 3795 natura-

201 3819 329 3869 libus
364 3819 646 3869 deductum.
