2560 4100
225 122 291 169 74
849 115 1086 172 Epistulae
1115 110 1301 175 Kepleri
1331 116 1609 172 aliorumque
1637 120 1821 160 mutuae

209 266 346 302 autem
375 264 558 316 triplam,
589 263 635 302 id
665 266 728 302 est
758 264 902 304 eodem
931 270 975 304 te
1004 267 1230 316 interprete
1261 265 1479 304 dimidiam
1510 263 1722 314 decuplae.
1773 264 1859 304 Hic
1881 276 1955 314 ego
1986 276 2062 304 nec
2091 264 2322 304 illationem
2350 275 2463 303 asse-

213 334 339 375 quor,
382 334 458 362 nec
488 322 696 373 quomodo
727 323 832 362 ratio
863 323 1094 374 trigecupla
1124 328 1232 364 recte
1271 324 1431 362 dicatur
1475 323 1765 375 sesquialtera,
1812 327 1885 361 aut
1924 323 2053 373 tripla
2095 322 2254 362 dicatur
2285 321 2465 360 dimidia

210 381 388 420 rationis
419 381 619 430 decuplae
649 380 973 423 intervallorum.
1032 382 1100 421 An
1131 394 1214 421 non
1245 383 1354 421 enim
1385 379 1613 429 trigecupla
1643 385 1705 420 est
1743 381 1871 431 tripla
1899 381 2074 419 rationis
2105 381 2318 432 decuplae,
2362 391 2460 430 non,

210 442 256 477 ut
288 439 356 478 hic
385 439 492 488 lego,
523 439 792 490 sesquialtera
830 443 1025 479 tantum?
1069 444 1110 478 et
1146 440 1276 491 tripla
1315 443 1377 478 est
1407 437 1611 488 subtripla
1641 437 1854 488 decuplae,
1884 450 1967 478 non
1998 439 2201 477 dimidia?
2260 435 2348 479 Aut
2379 449 2460 488 quo

208 497 378 535 taudem
407 500 528 547 pacto
560 497 662 537 haec
692 509 836 548 capere
867 499 1027 538 debeo?
1059 499 1125 537 An
1156 499 1273 537 labor
1303 499 1410 536 circa
1442 507 1607 535 sensum
1626 497 1803 545 aliqu'us
1823 498 1996 546 verbuli,
2028 508 2084 536 an
2115 497 2305 547 sphalma
2335 500 2459 546 typo-

207 551 454 604 graphicum
483 556 637 609 subest,
671 567 847 606 quorum
876 558 977 596 haec
1008 557 1135 596 editio
1169 558 1284 595 ferax
1315 557 1407 594 est?
1439 555 1526 593 Aut
1554 555 1656 606 quid
1686 556 1747 593 rei
1776 555 1972 594 tandem?
2010 555 2185 594 Haerere
2217 567 2281 594 me
2313 555 2460 606 sentio,

205 613 278 651 ubi
310 613 500 652 haeream
531 625 615 652 non
646 615 794 655 sentio.

355 672 418 709 Ita
451 673 636 722 quaestio
668 673 850 712 secunda
882 670 990 725 (pag.
1023 671 1126 723 648)
1158 673 1263 712 mihi
1292 671 1464 723 quidem
1496 673 1558 709 est
1588 671 1764 709 obscura
1794 669 1914 710 valde
1955 675 1996 712 et
2025 670 2329 724 quodammodo
2363 681 2459 708 con-

203 728 458 768 tradictoria.
519 730 632 779 Qun,
672 732 841 783 inquis,
881 730 1007 769 altius
1038 731 1247 769 invehitur
1276 729 1473 781 planeta,
1518 728 1598 767 hoc
1636 729 1886 768 imbecillius
1929 735 1970 769 et
1998 731 2152 769 lentius
2183 732 2460 781 promovetur,

202 798 284 838 quo
315 787 470 827 lentius
501 789 642 842 fertur,
674 789 754 828 hoc
786 789 941 828 diutius
972 795 1175 841 moratur3
1209 799 1290 838 quo
1322 799 1438 827 mora
1466 788 1643 835 longior,
1673 784 1814 826 hocin
1840 787 2008 837 planeta
2039 800 2184 828 sensus
2215 788 2346 825 acrior
2375 787 2459 824 vir-

204 845 306 884 tutis
338 847 613 898 provehentis,
646 859 729 899 quo
760 847 828 887 hic
857 850 1003 899 major,
1036 859 1083 885 6ο
1116 851 1156 885 et
1184 847 1390 896 impulsus
1423 847 1555 894 major
1582 849 1624 883 et
1644 846 1890 884 concitatior
1920 859 2076 887 cursus.
2137 846 2341 886 Subsumo
2370 847 2456 894 jam

204 914 276 951 ego
309 915 334 942 a
363 905 508 954 primis
538 905 594 944 ad
624 906 793 944 ultima:
825 917 918 954 ergo
951 917 1033 957 quo
1065 905 1222 944 tardior
1252 909 1413 957 motus,
1452 904 1531 942 hoc
1560 903 1670 941 idem
1699 902 1893 944 velocior.
1953 905 2074 944 Haec
2101 916 2240 943 nonne
2273 915 2316 942 se
2349 903 2458 953 peri-

205 965 323 1000 munt
354 962 552 1002 invicem:
585 963 748 1015 aliquid
780 964 966 1003 celeriter
995 967 1154 1002 motum
1185 963 1258 1003 diu
1288 963 1438 1001 sentire
1480 962 1586 1000 vires
1619 965 1659 1000 et
1689 965 1861 1001 contra?
1908 962 2012 1002 Nam
2044 964 2080 1002 si
2112 962 2183 1001 diu
2214 962 2355 1011 sentit,
2387 960 2459 999 diu

201 1023 431 1074 exspectat3
469 1022 507 1060 si
535 1022 626 1074 hoc,
658 1033 742 1060 non
775 1021 960 1060 celeriter
989 1023 1069 1060 ibit
1098 1026 1174 1063 etc.
1234 1048 1237 1049 ν

343 1078 530 1119 Lunaria
559 1091 725 1132 quoque
754 1084 825 1118 tua
856 1092 948 1119 cum
971 1080 1216 1129 'l‘ychonicis
1239 1078 1476 1119 nullatenus
1508 1078 1728 1117 conciliare
1759 1091 1931 1130 possum
1953 1084 2025 1118 aut
2049 1079 2295 1118 circulorum
2319 1076 2459 1117 videre

202 1135 586 1188 aequipollentiam,
627 1139 865 1188 praesertim
896 1139 1047 1187 fatigor
1078 1139 1185 1178 circa
1214 1150 1307 1189 pag.
1343 1139 1443 1180 796.
1506 1137 1588 1178 Sed
1620 1136 1669 1175 de
1699 1137 1765 1176 his
1796 1138 1880 1177 alio
1911 1137 2090 1177 fortasse
2119 1141 2330 1187 tempore,
2365 1136 2457 1176 Deo

294 1207 315 1232 ο
511 1227 521 1237 .

203 1199 245 1234 et
276 1199 292 1233 t
344 1194 552 1301 53,th
577 1255 839 1306 quaestiones
870 1254 1038 1294 Miilleri
1069 1255 1119 1294 de
1149 1253 1274 1294 stella
1302 1265 1410 1293 nova
1441 1257 1482 1292 et
1512 1253 1739 1292 Harmonia
1769 1242 1973 1304 Keplerus
2002 1254 2229 1305 respondit,
2263 1252 2457 1303 leguntur

199 1309 279 1350 vol.
300 1311 354 1352 V.
385 1324 424 1362 p.
449 1313 529 1360 683
561 1325 669 1366 quae
700 1314 781 1352 huc
811 1315 1032 1364 pertinent,
1060 1315 1165 1353 haec
1196 1317 1313 1352 sunt:

349 1383 426 1434 De
465 1387 858 1450 proportionibus
897 1400 1107 1449 aequum
1145 1386 1382 1451 postulas,
1423 1390 1478 1433 ut
1515 1385 1603 1434 tibi
1628 1385 2001 1435 mathematicus
2036 1401 2125 1449 ego
2155 1388 2460 1436 exercitatior

145 1470 155 1483 ⁸
199 1458 426 1505 terminos
467 1459 717 1522 explicem.
792 1459 868 1508 Tu
908 1461 1138 1520 vicissim,
1179 1461 1262 1507 ubi
1301 1473 1384 1508 eos
1422 1473 1533 1508 mea
1567 1472 1714 1523 opera
1753 1458 1991 1521 didiceriS,
2031 1473 2221 1510 mecum
2261 1462 2308 1507 in
2337 1474 2455 1508 con-

199 1530 561 1593 templationem
600 1533 849 1581 incumbes
888 1533 1302 1596 metaphysicam,
1352 1533 1430 1581 cui
1467 1533 1763 1595 geometrica
1799 1533 1894 1580 ista
1932 1532 2211 1582 famulatur.
2286 1533 2455 1582 Nodus

198 1603 386 1651 solutus
433 1610 506 1653 est
542 1604 862 1654 Harmonices
910 1606 1035 1654 libro
1074 1606 1138 1654 V.
1185 1608 1234 1653 in
1284 1607 1502 1668 margine
1554 1604 1656 1654 folii
1706 1606 1808 1653 218
1849 1610 1939 1662 (vol
1970 1613 2023 1654 V.
2063 1625 2104 1663 p.
2137 1611 2254 1666 303).
2329 1606 2455 1655 Nam

197 1678 320 1725 inter
359 1691 672 1741 quascunque
712 1677 834 1726 duas
875 1681 1172 1741 quantitates
1212 1686 1286 1727 est
1322 1679 1596 1742 proportiO,
1649 1679 1754 1727 sive
1790 1676 1994 1727 sensiles
2033 1677 2113 1727 vel
2152 1680 2306 1742 quasi,
2346 1682 2450 1728 sive

161 1749 461 1812 ‚mentales5
502 1749 610 1800 dieo
652 1750 729 1800 vel
770 1747 925 1814 quasi,
965 1758 1019 1801 ut
1058 1751 1179 1800 duas
1217 1752 1388 1813 lineas,
1431 1751 1552 1799 duas
1589 1750 1893 1814 superficieS,
1936 1750 2032 1799 duo
2063 1751 2290 1817 corpora,
2332 1750 2454 1801 duos

201 1825 348 1872 etiam
386 1838 639 1885 numeros,
689 1826 806 1887 quia
843 1827 892 1872 in
931 1833 1166 1887 quantum
1217 1826 1251 1872 ii
1289 1829 1634 1887 comparantur
1669 1826 1906 1885 invicem,
1954 1825 2166 1874 unitates
2211 1832 2456 1888 ponuntur

201 1895 381 1945 habere
421 1898 546 1945 inter
582 1911 635 1945 se
673 1897 935 1960 aequaleS,
987 1906 1042 1947 ut
1077 1898 1249 1949 lineas.
1322 1897 1420 1947 Hic
1442 1899 1631 1960 igitur,
1667 1910 1775 1946 cum
1816 1898 1924 1946 dico
1963 1900 2322 1962 proportionem
2363 1899 2455 1947 du-

195 1968 356 2032 plam,
397 1969 613 2035 triplam,
654 1970 978 2034 sesquiplam,
1018 1985 1115 2020 vox
1154 1973 1399 2036 proportio
1439 1970 1588 2019 habet
1626 1984 1821 2019 sensum
1859 1969 2136 2019 absolutum
2179 1978 2227 2020 et
2263 1971 2318 2020 fit
2350 1972 2452 2034 jam

198 2043 344 2092 etiam
381 2044 490 2108 ipsa
527 2046 775 2106 quantitas
813 2042 980 2107 aliqua
1018 2045 1064 2092 in
1104 2043 1342 2094 infinitum
1383 2042 1613 2105 dividua3
1665 2042 1751 2092 sed
1787 2043 1911 2092 haec
1950 2046 2196 2106 quantitas
2236 2050 2309 2093 est
2347 2044 2454 2095 sola

197 2123 359 2165 mente
399 2117 874 2181 comprehensibilis,
929 2132 1179 2182 nunquam
1216 2132 1389 2178 sensu,
1430 2131 1491 2166 ne
1530 2118 1579 2163 in
1617 2117 1822 2166 materia
1861 2116 2071 2179 quidem.
2148 2116 2270 2165 Cum
2307 2118 2454 2181 igitur

197 2191 343 2238 etiam
381 2189 504 2239 haec
543 2189 772 2238 absoluta
807 2192 1055 2255 proportio
1094 2193 1156 2239 sit
1195 2191 1361 2254 aliqua
1399 2191 1670 2254 quantitas,
1713 2190 1955 2252 accipiens
1992 2190 2151 2253 majus
2191 2198 2239 2239 et
2276 2193 2451 2253 minus,

195 2262 250 2310 fit
285 2268 341 2323 ,ut
380 2264 527 2311 etiam
566 2261 690 2311 duae
728 2262 851 2311 tales
890 2265 1228 2327 proportiones
1266 2267 1392 2313 inter
1429 2278 1480 2312 se
1517 2264 1708 2327 possint
1744 2265 2027 2326 comparari.
2122 2262 2252 2312 Hinc
2291 2267 2452 2314 existit

199 2336 448 2400 proportio
476 2337 868 2406 *proportionum
920 2342 967 2384 et
1017 2337 1076 2386 de
1114 2337 1208 2387 hac
1258 2337 1433 2400 loquor
1484 2349 1574 2398 ego
1624 2334 1734 2385 loco
1775 2335 2004 2398 allegato.
2067 2333 2269 2402 (Omnes
2309 2338 2451 2387 binae

196 2411 516 2471 quantitates*
544 2407 763 2471 ejusdem
813 2411 937 2458 inter
984 2425 1037 2459 se
1086 2411 1276 2473 generis
1325 2408 1611 2472 inaequales
1659 2409 1908 2458 continent
1957 2408 2174 2471 aliquam
2224 2410 2348 2459 inter
2397 2427 2451 2461 se

195 2483 585 2546 proportionem3
625 2487 676 2530 at
712 2496 880 2538 omnes
919 2483 1075 2532 binae·
1102 2485 1442 2548 proportiones
1480 2481 1725 2547 simplices
1764 2481 2024 2531 dissimiles
2051 2496 2138 2530 seu
2166 2484 2449 2546 inaequales

120 2584 130 2597 ·
195 2563 308 2604 sunt
344 2555 488 2603 binae
529 2555 824 2618 quantitates
865 2555 1084 2618 ejusdem
1120 2559 1244 2605 inter
1282 2570 1334 2604 se
1373 2557 1591 2618 generis3
1631 2567 1746 2617 ergo
1789 2568 1955 2604 omnes
1993 2556 2138 2603 binae
2175 2559 2448 2621 proportio·-

196 2643 283 2678 nes
321 2628 567 2691 simplices
617 2627 874 2677 dissimiles
922 2642 1009 2677 seu
1048 2628 1331 2696 inaequales
1370 2629 1618 2678 continent
1655 2628 1872 2690 aliquam
1919 2629 2043 2676 inter
2081 2643 2132 2677 se
2171 2631 2449 2692 proportio-

194 2716 319 2760 nem,
357 2701 709 2764 reduplicatam
746 2716 777 2752 a
813 2716 890 2750 me
931 2701 1139 2763 dictam,
1192 2703 1308 2765 quia
1347 2708 1421 2751 est
1458 2702 1706 2765 proportio
1750 2701 2157 2765 proportionum.)
2231 2702 2295 2752 Et
2332 2705 2450 2766 quia

198 2773 351 2823 omnis
389 2776 635 2837 proportio
674 2773 880 2840 simplex
919 2777 968 2822 in
1007 2774 1187 2823 mundo
1225 2776 1427 2838 requirit
1465 2774 1586 2823 duos
1622 2776 1854 2823 terminos
1893 2773 2111 2835 sensiles,
2150 2774 2204 2823 fit
2241 2781 2296 2824 ut
2333 2791 2449 2840 pro-

193 2850 472 2910 portionum
507 2850 755 2912 proportio
793 2862 882 2896 seu
919 2845 1221 2912 reduplicata
1258 2849 1508 2912 proportio
1547 2847 1727 2896 habeat
1754 2849 1786 2894 4
1812 2846 2015 2896 sensiles
2041 2849 2286 2900 terminos.
2354 2850 2449 2899 At-

197 2935 291 2983 que
329 2920 378 2968 id
416 2935 586 2969 verum
624 2925 698 2969 est
734 2922 782 2968 in
820 2922 940 2970 meis
980 2921 1243 2984 exemplis3
1286 2935 1422 2970 ecce:
2156 2992 2186 3024 P
2316 2993 2327 3026 ἰ

2188 2994 2448 3034 roportopro-

198 2998 490 3062 Interitallum
510 3018 629 3063 inter
649 3020 706 3077 Θ
729 3024 774 3064 et
806 3020 840 3077 ὅ
871 3038 930 3059 =
954 3020 1002 3077 13
1034 3019 1154 3063 inter
1172 3020 1229 3078 Θ
1250 3024 1296 3063 et
1314 3005 1352 3075 Β
1372 3035 1431 3058 =
1448 3019 1474 3064 9
1489 3019 1566 3074 —{-:
1599 3018 1830 3075 proportio
1850 3016 2089 3074 noncupla.
2198 3037 2406 3078 portionum

196 3082 479 3128 Periodicum
499 3089 677 3141 tempus
712 3086 744 3143 ὅ
772 3103 830 3123 --
850 3082 894 3141 1;
927 3085 1098 3142 period.
1119 3090 1299 3144 tempus
1327 3083 1367 3139 ἵ)
1393 3103 1451 3123 =
1468 3086 1549 3162 3οεχ
1577 3084 1810 3141 proportio
1826 3081 2088 3139 trigecupla.
2179 3081 2429 3160 ῡθῧίέῑξὲξῐὲῐ·

343 3183 478 3232 Sicut
530 3179 558 3231 1
599 3182 662 3230 ad
703 3183 731 3230 9
776 3184 866 3243 -Ι-,
920 3185 990 3233 sic
1027 3185 1338 3234 intervallum
1375 3182 1446 3251 Θ
1472 3182 1515 3252 ὃ
1568 3184 1630 3233 ad
1680 3182 1989 3233 intervallum
2032 3186 2094 3248 G)
2122 3182 2190 3251 ῆι
2246 3188 2450 3251 simplex
2527 3174 2537 3191 ³

198 3255 318 3304 haec
356 3259 431 3304 est
467 3256 743 3320 proportio,
783 3258 1029 3321 noncupla
1066 3258 1234 3321 major.
1311 3258 1447 3308 Sicut
1489 3260 1515 3306 1
1557 3256 1620 3306 ad
1660 3258 1750 3317 30,
1802 3258 1871 3305 sic
1907 3257 2136 3319 periodus
2176 3257 2219 3325 ὃ
2259 3260 2323 3308 ad
2360 3274 2450 3326 pe-

198 3328 387 3376 riodum
427 3324 494 3395 13:
543 3327 748 3390 simplex
786 3328 907 3377 haec
945 3333 1302 3394 estproportio
1340 3330 1625 3396 trigeeupla.
1701 3329 1838 3379 Sicut
1873 3336 1947 3378 est
1988 3333 2016 3378 2
2057 3331 2120 3379 ad
2160 3333 2215 3392 3,
2267 3335 2338 3382 sic
2377 3339 2451 3383 est

199 3403 447 3464 proportio
486 3401 731 3463 noncupla
767 3402 923 3464 major
961 3403 1024 3451 ad
1061 3406 1422 3468 proportionem
1459 3400 1794 3468 trigecuplam.
1867 3402 2194 3467 Reduplicata
2215 3404 2338 3455 haee
2376 3412 2451 3455 est

198 3475 447 3538 proportio
487 3473 820 3537 sesquialtera.

344 3547 600 3610 Propertio
650 3542 856 3609 simplex
905 3549 1186 3610 agnoscitur
1215 3549 1463 3600 divisione
1508 3548 1698 3599 termini
1734 3547 1932 3610 maj0ris
1976 3561 2062 3611 per
2098 3550 2332 3599 minorem
2367 3550 2449 3599 vel

204 3619 612 3682 multiplicatione
660 3620 859 3667 minoris
912 3635 998 3682 per
1049 3619 1490 3684 denominatorem‚
1539 3629 1593 3671 ut
1634 3623 1955 3670 constituatur
1991 3621 2148 3684 major
2198 3614 2446 3672 terminus.

201 3691 270 3742 Ut
313 3694 354 3741 si
406 3693 638 3740 terminus
689 3694 844 3740 minor
890 3694 955 3741 sit
996 3696 1023 3740 7
1077 3684 1123 3742 e't
1168 3698 1416 3758 proportio
1467 3693 1748 3758 quintupla:
1803 3694 1831 3741 5
1871 3728 1885 3742 .
1929 3696 1956 3741 7
2003 3715 2061 3734 =
2108 3694 2202 3756 353
2255 3694 2335 3745 hic
2374 3701 2448 3744 est

202 3765 359 3827 major
404 3766 649 3814 terminus,
726 3764 793 3813 At
844 3766 1038 3827 quaudo
1089 3766 1346 3817 denomino
1395 3770 1756 3832 proportionem
1813 3766 2028 3829 aliquam
2080 3767 2444 3831 reduplicatam,

204 3838 318 3889 dato
357 3852 454 3889 uno
494 3838 600 3902 ejus
640 3840 840 3888 termino
879 3840 1079 3905 minore,
1120 3854 1208 3893 seu
1246 3845 1555 3907 proportione
1597 3840 1818 3905 simplici,
1859 3845 1976 3891 tunc
2000 3845 2192 3904 oportet
2215 3843 2445 3893 terminos
