2554 4140
849 138 989 185 Liber
1022 138 1205 185 Sextus
1266 138 1376 184 Pars
1409 133 1592 195 Quinta.
2240 135 2343 187 513

20 345 22 347 a
234 288 389 336 Estne
424 287 603 349 aliqua
640 287 980 356 deliquiorum
1018 287 1419 352 apocatastasis?
1454 287 1657 350 Propter
1696 287 1850 336 multa
1887 285 2124 351 principia
2145 287 2352 334 cencur-

90 362 245 410 tentia
279 360 356 415 *ad
406 358 607 422 eclipsin
657 361 874 424 aliquam
927 376 1025 410 non
1071 368 1236 425 potest
1287 375 1392 409 csse
1445 358 1574 408 ullus
1620 368 1819 409 exactus
1872 359 1988 409 ordo
2027 351 2348 408 redeuntium.

88 434 212 483 Nam
263 435 500 497 posterior
557 447 783 496 quaeque
834 450 1000 483 earum
1048 436 1196 484 series
1243 435 1360 482 novi
1399 431 1515 495 quid
1554 433 1714 494 affert,
1768 433 1898 495 quod
1951 448 2058 481 cum
2109 434 2157 480 in
2193 434 2348 496 primo

92 506 247 555 reditu
286 520 382 554 nou
422 507 485 552 sit
523 506 668 554 valde
708 510 1037 571 conspicuum,
1078 510 1126 554 in
1165 505 1377 556 secundo
1405 511 1565 553 tamen
1600 505 1704 567 jam
1733 505 2020 570 duplicatur.
2085 505 2181 554 Hic
2218 506 2350 554 redi-

39 626 42 627 .
88 586 166 628 tus
203 581 252 627 in
290 578 542 626 lunaribus
581 579 866 644 eclipsibuS,
911 587 965 629 ut
1003 596 1131 642 quae
1170 580 1489 644 simpliciores
1528 584 1666 639 suut,
1706 581 1967 643 praecipue
2005 579 2237 627 notabilis
2277 585 2352 628 est

89 651 408 714 definiturque
449 650 669 701 ducentis
706 655 878 716 viginti
918 654 1070 702 tribus
1105 654 1376 713 mensibus,
1416 650 1465 699 id
1506 657 1579 700 est
1622 652 1760 699 annis
1805 653 1868 699 18
1912 651 2163 700 lunaribus
2204 667 2351 709 exae-

34 767 41 770 <
88 727 176 785 tia,
227 725 296 772 sic
334 732 387 771 ut
425 723 488 772 ad
527 740 674 773 unum
715 727 904 790 cyclum
943 725 1437 776 decemnovennalem
1476 723 1800 782 sitresiduus
1839 738 1964 772 unus
2006 724 2188 773 lunaris
2228 727 2348 773 sim-

78 798 225 860 'pleX,
275 797 427 860 fitque
466 797 766 861 frequenter,
820 805 871 847 ut
919 799 1120 848 eaedem
1156 814 1247 848 nec
1293 798 1498 846 multum
1550 796 1827 846 differentes
1866 804 1980 859 post
2026 797 2120 845 hoc
2157 803 2348 863 tempus

88 877 309 920 exactum
348 879 594 919 recurrant
633 879 681 920 et
720 878 1032 935 compareant
1071 871 1301 936 eclipseS‚
1353 871 1488 920 denis
1529 875 1688 919 tamen
1742 869 1930 918 zodiaci
1968 869 2201 932 gradibus
2239 870 2349 920 loco

87 945 327 992 anteriori.
411 943 664 993 Interdum
715 951 876 995 tamen
926 946 1053 994 duae
1101 945 1229 993 Solis
1282 944 1485 1008 eclipses
1537 943 1741 1007 pulchra
1795 944 2152 1006 conspiratione
2205 947 2352 992 etiam

70 1016 275 1080 ‘cyclum
315 1015 812 1066 decemnovennalem
836 1018 1085 1078 definiunt,
1126 1016 1240 1066 Sole
1280 1024 1390 1082 post
1415 1023 1613 1066 exactos
1658 1018 1719 1065 19
1761 1030 1913 1064 annos
1952 1031 2139 1065 rursum
2179 1017 2350 1066 eodem

85 1088 272 1138 zodiaci
307 1088 417 1137 loco
455 1091 620 1139 lumen
659 1093 925 1140 amittente.
1003 1091 1085 1139 Sic
1123 1091 1304 1139 sactum
1344 1093 1491 1158 annis!
1525 1091 1679 1139 1579.
1721 1096 1769 1138 et
1811 1090 1966 1138 1598.
2008 1085 2232 1152 utrinque
2273 1089 2350 1138 die

37 1174 44 1178 ·
87 1163 168 1211 25.
206 1162 486 1225 Februarii;
527 1170 731 1227 utroque
772 1167 898 1213 enim
939 1163 1015 1229 die
1055 1163 1183 1212 Solis
1223 1164 1415 1228 eclipsis
1455 1177 1634 1226 magna
1671 1163 1777 1211 fuit.
1852 1162 2036 1212 Verum
2076 1163 2170 1212 hoc
2207 1162 2261 1212 fit
2288 1164 2351 1212 ob

86 1249 371 1285 concursum
423 1251 678 1285 causarum
730 1237 1051 1301 singularem,
1099 1251 1191 1286 nec
1239 1236 1620 1300 exspectandum
1670 1235 1761 1284 fuit
1812 1236 1971 1285 simile
2011 1242 2096 1285 aut
2133 1238 2349 1286 vicinum

87 1304 202 1372 qnid
237 1324 268 1356 a
304 1312 526 1372 sequenti
569 1311 722 1374 cyclo.
2091 1327 2094 1330 ·

228 1382 416 1431 Solane
454 1383 608 1431 Luna
647 1399 803 1432 causa
842 1389 914 1432 est
949 1382 1276 1432 tenebrarum
1314 1382 1627 1432 diurnarum
1647 1382 2105 1445 prodiyiosarum?
2143 1381 2346 1446 Nequa-

88 1469 263 1517 quam3
304 1456 471 1505 crebra
511 1460 639 1505 enim
678 1456 902 1521 exempla
924 1457 1066 1505 nobis
1107 1464 1364 1505 occurrunt
1389 1459 1438 1504 in
1477 1457 1689 1504 historiis
1717 1457 2021 1505 tenebrarum
2063 1455 2170 1519 plus
2200 1471 2346 1518 quam

48 1530 436 1578 ‘cimmeriarum
474 1544 572 1577 non
611 1531 702 1579 sub
742 1537 934 1594 tempus
972 1530 1243 1592 interlunii3
1300 1544 1503 1592 quarum
1535 1544 1708 1578 causas
1747 1544 1944 1578 necesse
1972 1535 2046 1577 est
2085 1524 2191 1577 e'sse
2217 1529 2347 1593 phy-

19 1642 26 1646 .
85 1603 230 1663 sica8‚
281 1608 418 1650 tanto
467 1602 666 1653 altiores
705 1620 735 1652 a
772 1604 946 1663 Terra,
998 1610 1181 1666 quanto
1221 1604 1370 1662 latius
1410 1603 1811 1652 animadvertitur
1849 1597 2131 1665 hujusmodi
2171 1602 2346 1665 caligO.

51 1740 54 1741 7
85 1674 244 1724 Prima
281 1689 429 1732 causa
468 1677 609 1725 nobis
646 1680 869 1739 proxima
906 1691 1062 1739 eoque
1101 1676 1429 1739 singularibus
1469 1676 1804 1725 tantummodo
1832 1676 1952 1724 locis
1979 1669 2196 1724 serviens
2233 1682 2346 1724 sunt

86 1749 251 1809 nubeS,
290 1751 573 1812 praesertim
614 1751 763 1798 imbre
804 1750 1072 1799 decumano
1111 1757 1451 1812 praegnanteS,
1492 1757 1577 1798 aut
1615 1749 1830 1797 nimbum
1870 1750 2119 1812 copiosum
2160 1742 2345 1797 nivium

24 1834 26 1841 ’
85 1821 410 1886 effundentes3
461 1825 638 1886 quibus
677 1823 803 1872 adde
841 1824 1023 1880 nubem
1064 1826 1229 1872 avium
1281 1812 1388 1871 aut
1418 1822 1714 1882 cicadarum,
1767 1823 1972 1870 rariores
2014 1830 2218 1871 eventus
2257 1837 2346 1871 nec

55 1899 241 1944 tamen
280 1895 404 1945 adeo
443 1899 666 1958 ignotos3
718 1897 842 1946 haec
892 1899 1019 1947 enim
1074 1899 1236 1946 omnia
1275 1895 1439 1946 Solem
1488 1902 1660 1959 tegunt
1712 1898 1855 1943 certis
1895 1884 2187 1958 quibusdam
2226 1896 2345 1945 locis

37 1967 43 1971 ’
87 1966 276 2032 dieique
312 1975 506 2018 noctem
543 1970 768 2019 inferunt.

225 2041 393 2092 Altera
432 2058 582 2092 causa
618 2044 768 2106 paulo
809 2043 978 2104 altior,
1029 2058 1054 2092 e
1094 2042 1256 2091 Terris
1296 2049 1457 2091 tamen
1499 2048 1629 2103 orta,
1679 2049 1753 2090 est
1794 2043 1866 2089 vis
1906 2043 2075 2105 ingens
2116 2043 2343 2104 cinerum,

85 2126 143 2162 ex
180 2118 444 2165 crateribus
492 2120 729 2165 montium
775 2117 1050 2167 ardentium
1089 2115 1312 2179 explosa3
1366 2115 1493 2164 unde
1535 2129 1683 2163 causa
1721 2115 1844 2163 haec
1895 2115 2179 2179 plerumque
2226 2130 2345 2164 con-

78 2187 296 2250 junctum
333 2189 482 2238 habet
519 2198 674 2240 terrae
713 2196 900 2239 motum
938 2195 1023 2239 aut
1062 2190 1263 2238 imbrem
1300 2189 1548 2253 lapidum,
1590 2191 1766 2250 utqui
1803 2203 1862 2237 ex
1903 2190 2122 2251 angustis
2166 2187 2345 2238 Terrae

86 2262 324 2311 meatibus
378 2277 466 2312 ceu
507 2264 760 2312 canalibus
809 2279 906 2313 una
954 2278 1065 2312 cum
1113 2263 1356 2312 cineribus
1403 2263 1662 2324 ejiciuntur
1714 2264 1761 2309 in
1813 2261 1981 2310 altum.
2059 2261 2181 2310 Tale
2230 2262 2347 2325 quid

83 2325 207 2383 anno
251 2336 403 2385 1562.
443 2339 491 2383 in
531 2337 786 2385 Lusitania
825 2338 1087 2400 contigisse
1124 2337 1293 2385 scribit
1332 2335 1586 2384 Cornelius
1627 2333 1853 2395 Gemma,
1898 2335 2048 2383 talem
2085 2333 2214 2383 Solis
2255 2337 2347 2385 ob—

40 2409 402 2458 -ucnrationem
452 2426 482 2458 a
533 2411 775 2460 cineribus
823 2410 1021 2460 exhibet
1059 2410 1189 2457 Dion
1243 2410 1335 2457 sub
1375 2409 1689 2458 Domitiano:
1740 2424 1851 2456 nam
1889 2407 2077 2457 Romae
2126 2410 2234 2458 visa
2273 2415 2347 2458 est

83 2477 202 2530 haec
237 2482 520 2546 prodigiosa
559 2483 734 2546 calig0,
776 2478 884 2532 c'um
923 2482 1135 2547 Neapoli
1162 2483 1362 2535 >vicinus
1400 2496 1540 2530 mons
1566 2482 1814 2531 Vesuvius
1854 2482 2039 2530 cineres
2081 2488 2347 2531 eructasset

84 2557 228 2616 atque
271 2555 343 2603 illi
391 2571 547 2619 usque
600 2558 649 2603 in
688 2554 1020 2605 Palaestinam
1074 2554 1360 2618 decidendo·
1395 2548 1750 2618 spargerentur.
1827 2554 2002 2603 Confer
2041 2555 2187 2603 etiam
2236 2555 2346 2604 illas

83 2627 329 2688 tenebrae,
380 2644 505 2691 quae
545 2635 761 2692 tempore
800 2631 1045 2692 passionis
1085 2629 1283 2676 Domini
1323 2630 1477 2677 nostri
1517 2627 1681 2676 Solem
1720 2628 2079 2690 obnupserunt‚
2133 2643 2247 2676 nam
2299 2635 2346 2677 ct

83 2697 195 2748 illae
231 2701 424 2750 suerunt
462 2717 571 2750 cum
624 2708 782 2752 terrae
832 2709 990 2763 motu,
1045 2703 1136 2751 etsi
1175 2702 1444 2766 Dionysius
1484 2701 1784 2764 Areopagita
1834 2701 1966 2764 apud
2004 2699 2207 2750 Suidam
2255 2701 2345 2750 has

7 2822 15 2829 ,
84 2774 305 2823 tenebras
343 2777 498 2824 motui
536 2775 707 2825 Lunae
745 2775 1027 2843 prodigioso
1067 2776 1385 2825 transscribit.

226 2846 580 2898 Tertia.causa
619 2852 829 2912 cognata
867 2854 941 2897 est
978 2848 1074 2909 illi,
1108 2849 1214 2911 jam
1251 2853 1324 2897 ter
1361 2849 1409 2894 in
1450 2841 1645 2895 scenam
1682 2851 1956 2909 protractae
1997 2860 2187 2895 crassae
2227 2860 2346 2895 con-

85 2917 332 2968 sistentiae
372 2923 498 2969 eirea
538 2922 701 2970 Solem
749 2923 796 2968 in
835 2924 944 2984 ipsa
981 2920 1097 2970 sede
1136 2936 1251 2982 sua,
1309 2920 1367 2970 de
1419 2934 1516 2983 qua
1563 2919 1687 2968 libro
1727 2918 1766 2966 Ι.
1805 2919 1888 2967 fol.
1935 2919 2050 2968 155.
2129 2908 2346 2980 Quae'si

90 2990 236 3052 paulo
274 2996 338 3042 sit
377 2995 587 3055 densior,
628 2995 791 3045 Solem
833 2994 1090 3043 offuscabit
1127 2996 1218 3043 toti
1257 2992 1452 3054 mundo,
1492 3006 1588 3040 non
1628 2998 1790 3041 tamen
1817 2992 2011 3054 penitus
2052 2994 2344 3058 ess-tinguet.

87 3060 147 3110 Id
183 3064 362 3115 sactum
402 3073 506 3116 toto
546 3082 675 3116 anno
715 3067 878 3117 caedis
918 3066 1159 3127 Caesarie,
1200 3073 1248 3116 et
1285 3081 1414 3116 anno
1452 3066 1605 3114 1547.
1647 3064 1904 3127 quatriduo
1943 3079 2030 3127 per
2067 3070 2221 3114 totam
2247 3066 2345 3116 fere

88 3132 343 3201 Europam.
418 3141 519 3190 Nec
569 3143 792 3202 interest,
840 3141 1058 3219 proxime
1097 3139 1261 3189 Solem
1288 3139 1398 3188 'tale
1449 3138 1566 3202 quid
1609 3140 1812 3197 existat,
1865 3153 1927 3186 an
1973 3139 2022 3185 in
2071 3139 2178 3202 ipsa
2215 3138 2346 3189 Solis

88 3211 347 3272 superficie.
1661 3208 1665 3211 ¹

136 3279 145 3293 “
230 3283 499 3349 Numquid
534 3288 688 3333 etiam
727 3286 835 3333 alia
874 3284 1098 3335 coelestia
1136 3299 1351 3346 corpora
1388 3283 1555 3332 subter
1582 3283 1747 3331 Solem
1785 3289 2026 3346 currunt,
2075 3291 2135 3334 ut
2171 3284 2343 3348 Luna,

88 3353 230 3404 illum
269 3358 634 3407 obscur-antia?
681 3358 896 3406 Possunt
935 3357 1159 3420 equidem
1213 3357 1304 3406 sub
1343 3355 1508 3405 Solem
1548 3357 1788 3405 incurrere
1829 3362 1876 3404 et
1916 3354 2173 3417 Venus-et
2210 3358 2344 3408 Mer-

91 3427 262 3490 curius,
301 3431 551 3494 viderique
592 3433 638 3478 in
680 3446 737 3480 eo
776 3438 832 3479 ut
868 3430 1091 3479 maculae
1130 3431 1506 3487 minutissimae,
1549 3443 1657 3478 eum
1696 3431 1792 3478 sint
1831 3443 1986 3492 opaca
2026 3446 2249 3496 corpora,
2292 3439 2345 3480 ut

90 3509 233 3561 snpra
278 3505 537 3565 probatum
588 3510 666 3554 ests
715 3510 1001 3567 argumento
1055 3503 1278 3566 phasium
1328 3501 1548 3550 Veneris.
1641 3502 1970 3552 Veruntamen
2021 3506 2243 3554 incursus
2293 3505 2343 3553 hi

92 3577 202 3620 sunt
236 3578 479 3638 rarissimi,
520 3578 583 3626 ob
612 3592 785 3626 causas
826 3583 988 3625 tamen
1020 3575 1254 3624 diversas,
1329 3574 1453 3623 Nam
1482 3575 1686 3625 Veneris
1726 3575 1919 3639 quidem
1946 3577 2075 3638 nodi,
2117 3585 2344 3640 utsupra

94 3639 284 3708 dietum,
323 3657 434 3697 sunt
472 3652 522 3698 in
562 3649 782 3699 Geminis
822 3657 870 3698 et
908 3649 1188 3711 Sagittario.
1264 3646 1379 3696 Jam
1420 3662 1535 3697 vero
1575 3649 1719 3698 binae
1758 3650 1962 3713 copulae
1987 3651 2193 3700 Veneris
2235 3666 2343 3698 cum

93 3710 207 3766 Sole
242 3720 439 3770 inferius
479 3722 658 3772 distant
701 3720 807 3771 72⁰.
888 3722 937 3770 Si
979 3736 1093 3784 ergo
1134 3736 1231 3769 una
1259 3719 1437 3783 copula
1476 3723 1724 3786 contingat
1763 3723 1809 3770 in
1843 3723 1987 3785 nodo,
2029 3722 2343 3787 exspectandi

94 3794 207 3836 sunt
242 3795 352 3840 anni
386 3795 489 3843 248
518 3797 717 3858 circiter,
762 3795 915 3843 donec
955 3794 1038 3842 illa
1064 3800 1177 3856 post
1218 3799 1500 3843 octonorum
1527 3809 1763 3845 annorum
1802 3799 2105 3846 reversiones
2137 3799 2200 3844 72
2228 3810 2343 3858 gra-

94 3856 231 3909 dibus
270 3866 457 3916 aberret
484 3883 515 3916 a
551 3868 680 3918 nodo
708 3867 1034 3930 succedatque
1074 3866 1141 3915 illi
1184 3869 1230 3915 in
1271 3867 1397 3917 huuc
1437 3860 1595 3918 locuin
1635 3868 1811 3932 copula
1850 3874 2087 3932 proxima.
2165 3869 2342 3930 Itaque

181 3961 333 4003 temeri
357 3965 492 4007 opera.
516 3967 580 4004 VI.
1927 3961 1992 4007 33
