2554 4140
174 140 276 192 102
1117 134 1304 192 Kepleri
1333 134 1495 181 Studia

170 285 397 335 hiberni?
473 283 739 334 Confirmat
775 279 1094 334 mutationem
1122 284 1378 349 eclipticas
1417 289 1504 333 aut
1526 283 1794 333 falsitatem
1810 282 2152 335 declinationis
2179 288 2431 350 antiquae,

172 366 333 408 utrum
370 358 523 407 velis:
567 356 615 423 1)
655 356 755 407 alia
790 356 937 406 hodie
973 357 1182 407 latitudo
1221 357 1472 406 stellarum
1508 357 1756 416 fixarqu
1808 357 1863 422 2)
1901 357 2134 408 Latitudo
2174 356 2243 428 ᾧ
2280 356 2331 410 in
2368 361 2430 422 [J

170 429 559 497 septentrionalis
597 431 647 478 iu
687 428 780 498 ὓ,
829 429 975 479 hodie
1015 432 1103 479 29‘
1140 431 1311 493 major.
1390 429 1442 496 3)
1480 427 1712 480 Latitudo
1765 435 1807 486 d
1874 432 2270 497 septentrionalis
2321 448 2432 483 ma-

170 508 316 566 xima,
357 503 503 554 hodie
541 518 627 567 per
669 506 755 552 14‘
791 504 975 566 major,
1025 518 1173 566 quam
1212 503 1527 553 Ptolemaeus
1564 502 1795 567 prodidit.
1870 505 1959 553 Est
1995 513 2159 555 autem
2212 508 2253 555 is
2289 505 2431 556 limes

171 581 294 627 inter
330 577 454 627 fixas
493 573 561 644 ὓ
602 582 652 627 et
689 580 754 643 Ω,
803 591 917 640 ergo
968 583 1099 626 recte
1151 583 1250 637 est,
1300 576 1433 639 quod
1484 591 1582 625 non
1621 584 1697 627 est
1748 576 1848 626 diff.
1894 579 1998 627 19‘.
2073 579 2241 638 Adde,
2299 578 2431 643 quod
2531 582 2534 586 “

172 651 430 714 diligenter
469 651 791 700 observarunt
828 649 1053 711 solstitia,
1094 658 1148 698 ut
1186 649 1499 714 Hipparchus
1545 649 1776 711 affirmet,
1827 664 1882 700 se
1918 650 2047 700 ultra
2091 648 2154 721 Ἀ
2194 652 2290 701 diei
2328 666 2425 701 non

171 725 443 775 aberrasse.
520 723 619 787 Qui
656 725 899 788 potuisset
933 725 1084 787 igitur
1119 723 1239 783 fieri,
1277 730 1333 772 ut
1369 737 1468 772 non
1506 722 1967 773 animadvertissent
2004 726 2177 774 vitium
2215 723 2432 775 declina-

171 797 356 847 tionis?
430 797 483 847 Si
520 798 720 847 umbras
769 798 926 846 mensi
974 804 1088 846 sunt
1125 798 1343 846 aestivas
1391 803 1440 846 et
1493 796 1749 858 hibernas,
1803 804 1922 847 tunc
1955 812 2074 848 sane
2123 793 2280 848 mensi
2318 805 2432 848 sunt

170 885 390 920 summae
429 870 561 920 Solis
600 885 714 920 orae
753 869 1050 931 altitudime,
1088 866 1162 919 ita
1196 876 1436 933 aequator
1472 871 1634 920 evasit
1664 870 1801 933 justo
1827 870 1999 934 major,
2038 878 2229 937 tempus
2266 871 2433 922 hiber-

170 958 284 993 num
327 945 463 1008 justo
514 945 733 1009 longius,
789 950 959 992 eontra
1010 957 1157 1006 quam
1211 950 1454 1008 optamus.
1531 942 1630 994 Sed
1683 958 1779 993 non
1819 940 1951 994 cadit
2005 945 2055 992 in
2092 944 2431 995 Ptolemaeum

168 1017 292 1069 haec
327 1013 558 1082 suspicio.

637 1168 1037 1229 consideratio
1083 1168 1587 1245 aequinoctiorum
1631 1167 1965 1243 Hipparchi.

312 1312 531 1361 Primum
568 1317 711 1372 nota,
754 1310 887 1374 quod
924 1305 1201 1375 Hipparchi
1241 1310 1611 1360 observationes
1660 1309 1759 1358 sint
1795 1308 2094 1372 armfflares,
2149 1326 2299 1376 quare
2338 1312 2432 1363 ob-
2511 1351 2521 1378 .·

169 1388 349 1436 noxiae
386 1381 781 1446 retractionibus,
822 1383 955 1449 quod
993 1382 1246 1435 confirmat
1283 1389 1332 1433 et
1368 1383 1489 1444 hoe,
1529 1381 1662 1447 quod
1702 1382 1934 1448 pleraque
1973 1385 2080 1449 ejus
2118 1387 2432 1449 aequinoctia
2511 1446 2514 1452 Ι

107 1481 109 1485 ·
167 1474 311 1510 mane
346 1460 428 1510 vel
455 1460 645 1522 vesperi
669 1453 822 1508 fuisse
846 1456 1128 1522 prodantur.
1204 1455 1431 1521 Suspicio
1460 1470 1641 1521 magna
1666 1462 1755 1517 est,
1794 1454 2011 1507 armillas
2036 1466 2430 1524 repraesentasse
2508 1503 2510 1506 .

168 1533 334 1583 Solem
373 1531 611 1582 altiorem.
685 1531 743 1580 In
794 1527 997 1596 periodo
1036 1528 1241 1595 Calippi
1279 1544 1408 1580 anno
1457 1531 1542 1579 32.
1589 1528 1901 1596 Hipparchus
1939 1532 2009 1580 ait
2057 1531 2207 1583 fuisse
2257 1534 2432 1597 aequi·
2509 1535 2517 1576 ¹·

167 1607 383 1656 noctium
423 1607 471 1658 3.
510 1604 871 1656 intercalarium
909 1603 988 1654 die
1024 1605 1075 1652 in
1113 1603 1277 1653 media
1314 1609 1472 1655 nocte.
1547 1601 1758 1654 Rursum
1797 1605 1881 1655 32.
1922 1618 2051 1654 anuo
2085 1604 2279 1671 Calippi
2317 1620 2432 1658 ver·
2508 1605 2522 1664 Γ,

164 1678 278 1729 nale
325 1680 689 1744 aequinoctium
739 1679 810 1728 ait
857 1676 1171 1745 Hipparchus
1230 1677 1574 1741 „exactissime
1627 1676 1942 1728 observatum
2004 1680 2090 1728 2¹1.
2141 1676 2330 1730 Mechlr
2380 1676 2431 1731 in
2505 1665 2554 1813 i*

167 1752 359 1803 mane.“
401 1758 580 1809 (Almag.
620 1758 693 1798 111.
726 1757 813 1812 2.),
867 1749 1001 1816 quod
1041 1750 1200 1801 Arabs
1247 1751 1590 1818 iuterpretatur
1637 1751 1686 1799 iu
1736 1751 1975 1816 principio
2023 1750 2120 1802 diei
2170 1760 2220 1803 et
2272 1752 2318 1803 h.
2381 1754 2431 1815 5,

167 1826 297 1876 unde
334 1825 647 1875 Ptolemaeus
702 1824 939 1889 colligit‚·
968 1826 998 1874 5
1036 1824 1263 1875 horarum
1303 1822 1560 1876 discrimen
1598 1838 1706 1874 esse
1758 1823 1904 1888 hujus
1944 1823 2328 1890 observationis3
2384 1834 2433 1876 et
2491 1830 2515 1903 ’ὲ

171 1900 332 1949 Arabs
369 1901 440 1949 sic
475 1898 706 1963 loquitur,
739 1901 882 1962 quasi
920 1912 1006 1963 per
1043 1900 1074 1947 ὃ
1102 1898 1248 1948 horas
1284 1898 1566 1949 observatio
1593 1897 1828 1960 durasset,
1869 1901 2122 1963 autquasi
2159 1902 2285 1950 intra
2321 1907 2433 1950 tau-
2500 1906 2511 1963 s
2543 1910 2545 1915 '

167 1979 271 2022 tum
310 1974 521 2037 spatium
560 1972 764 2022 discerni
801 1973 1076 2036 nequisset,
1133 1967 1350 2021 esssetne
1388 1971 1749 2035 aequinoctium
1788 1985 1956 2022 necue.
2030 1971 2160 2023 Vide
2198 1988 2328 2038 ergo,
2367 1989 2430 2024 au
2496 1966 2514 2028 ς’

168 2060 264 2096 non
300 2045 614 2111 Hipparchus
651 2051 808 2096 totum
845 2045 925 2108 id,
963 2043 1097 2110 quod
1134 2052 1210 2095 est
1247 2046 1372 2096 inter
1408 2052 1566 2095 ortum
1607 2052 1656 2094 et
1692 2044 1957 2106 meridiem,
1999 2044 2215 2112 appellet
2249 2047 2430 2098 mane?
2496 2040 2510 2067 ⁴

319 2118 460 2170 Adde
498 2119 831 2183 superioribus
867 2120 1033 2185 tertio,
1070 2117 1204 2184 quod
1227 2116 1540 2184 Hipparchus
1556 2116 1844 2183 plerumque
1881 2125 2070 2169 tantum
2096 2128 2295 2184 quartas
2335 2120 2430 2172 diei
2494 2133 2505 2163 ο

168 2198 333 2256 notat3
385 2198 574 2256 quarto,
625 2192 758 2257 quod
808 2206 925 2243 suas
962 2198 1012 2242 et
1052 2191 1321 2242 Aristarchi
1361 2192 1729 2243 observationes
1776 2193 1904 2242 circa
1942 2200 2167 2257 quartam
2207 2193 2302 2245 dici
2352 2196 2431 2243 in·
2495 2165 2510 2229 ΐ-

170 2274 326 2318 certas
371 2266 487 2316 tacit
535 2267 585 2313 in
623 2265 861 2329 solstitio;
913 2267 1101 2330 quinto,
1152 2264 1285 2330 quod
1323 2265 1640 2316 Ptolemaeus
1691 2266 1841 2315 etiam
1878 2268 2206 2331 aequinoctiis
2243 2274 2430 2319 tantam

173 2340 505 2391 deviationem
543 2340 986 2405 imputat,propter
1022 2353 1134 2389 eum
1171 2353 1406 2400 errorem,
1462 2340 1546 2404 qui
1593 2340 1640 2387 in
1682 2340 1987 2390 instrumenti
2028 2342 2126 2390 situ
2175 2341 2256 2391 vel
2295 2340 2428 2391 divi·
2488 2341 2506 2398 l

169 2415 307 2464 sione
352 2410 487 2480 ¹l3000
524 2427 632 2463 esse
668 2413 898 2477 potuerit.
974 2411 1150 2472 Sexto,
1190 2412 1406 2463 armillas
1444 2413 1622 2477 arguit,
1664 2411 1795 2477 quod
1824 2413 1899 2463 bis
1938 2412 2109 2464 eodem
2135 2412 2213 2464 die
2250 2413 2430 2466 suerint
2491 2402 2504 2457 '-

169 2485 491 2536 illuminatae.
569 2485 858 2551 Suspicatus
906 2499 1038 2547 sum,
1089 2485 1427 2536 refractionem
1475 2488 1523 2534 in
1574 2500 1727 2536 causa
1775 2500 1911 2549 esse;
1967 2486 2053 2538 sed
2106 2486 2425 2540 Ptolemaeus
2490 2481 2500 2542 ἶ

169 2558 306 2610 addit
345 2561 586 2623 „maxime
624 2559 834 2623 majores
872 2566 923 2609 et
959 2561 1282 2610 vetustiores“
1325 2562 1510 2618 (Almag.
1550 2565 1624 2606 111.
1657 2565 1742 2620 9.),
1791 2574 1906 2611 vere
1944 2562 2093 2624 igitur
2130 2562 2427 2613 instrumen-
2481 2548 2523 2678 ’ἑ

173 2641 276 2683 tum
333 2634 381 2682 in
435 2647 509 2683 ea.
585 2631 824 2698 Septimo,
874 2631 1190 2683 Ptolemaeus
1228 2630 1656 2682 observationibus
1702 2631 1905 2695 diffidit,
1964 2636 2115 2684 etiam
2153 2649 2263 2685 cum
2316 2643 2430 2687 sunt

171 2706 591 2772 diligentissimae.
630 2711 832 2766 (mum.
865 2712 905 2752 2.
936 2712 978 2754 3.
1011 2710 1067 2764 a.)
1142 2706 1350 2767 Octavo,
1393 2703 1575 2755 ibidem
1612 2719 1667 2755 se
1691 2707 1857 2770 potius
1885 2714 2105 2775 excusat,
2143 2708 2278 2774 quod
2314 2711 2429 2760 anui
2479 2702 2498 2766 ζ’

172 2781 495 2844 quantitatem
544 2785 725 2830 certam
771 2793 870 2829 non
917 2778 1118 2844 prodat,
1177 2793 1325 2844 quam
1372 2784 1429 2827 ut
1480 2792 1588 2828 eam
1636 2786 1818 2829 certam
1856 2794 1965 2831 esse
2014 2781 2292 2834 contendat.
2370 2782 2433 2834 Et
2480 2840 2485 2852 .

173 2859 294 2904 nota
331 2867 478 2916 nono,
517 2858 739 2903 exactam
788 2853 903 2902 anni
943 2854 1264 2916 quantitatem
1316 2851 1425 2902 aliis
1460 2851 1692 2916 relinquit
1729 2853 2090 2922 quaerendam,
2135 2854 2197 2906 de
2237 2855 2434 2922 prodita
2479 2859 2486 2903 ἰ

172 2943 201 2976 a
241 2942 295 2977 se
335 2941 559 2977 cessurus
595 2926 818 2976 libenter.
896 2926 1119 2976 Decimo.
1186 2926 1262 2977 De
1286 2925 1502 2976 Metonis
1533 2925 1948 2992 Euctemonisque
1984 2928 2213 2979 solstitiis
2250 2932 2356 2995 ipse
2382 2937 2433 2982 ct
2478 2950 2485 2995 'i

169 2999 483 3066 Hipparchus
533 2999 784 3061 dubitant,
835 3014 934 3049 non
987 3000 1233 3065 exquisita
1280 3014 1409 3050 esse:
1459 2999 1507 3047 in
1556 2998 1840 3049 universum
1889 3000 2109 3052 difficilia
2159 3010 2304 3069 captu
2344 3006 2428 3054 ait.
2471 3055 2477 3070 ι

170 3074 302 3124 Nota
340 3084 472 3136 ergo,
514 3072 631 3136 quid
670 3072 980 3123 tribuendum
1020 3075 1085 3123 sit
1120 3078 1482 3138 superstructae
1518 3072 1583 3121 ab
1620 3074 1740 3136 ipsis
1777 3073 1996 3125 theoriae
2035 3074 2183 3125 Solis.

315 3147 439 3197 Cum
476 3146 791 3211 Hipparchus
829 3149 880 3196 in
917 3146 1288 3197 autumnalibus
1325 3147 1653 3211 aequinoctiis
1691 3145 1817 3197 adeo
1855 3150 2035 3211 variet,
2090 3156 2227 3200 estne
2266 3148 2474 3216 credi-e

168 3218 292 3281 bile,
348 3219 471 3269 nihil
508 3219 655 3283 plane
694 3221 940 3270 iuvenisse
979 3221 1344 3283 Ptolemaeum,
1398 3218 1531 3285 quod
1583 3219 1645 3269 ab
1683 3218 2027 3287 Hipparchicis
2074 3225 2287 3274 numeris
2328 3221 2424 3273 dis-

168 3292 348 3342 ferret‘?
425 3292 502 3341 An
527 3292 839 3357 Hipparchus
876 3294 1072 3345 fortuna
1109 3294 1232 3345 duce
1271 3308 1448 3345 coecus
1472 3307 1689 3358 scopum
1725 3294 1929 3359 attigit?
2005 3296 2083 3344 An
2122 3298 2282 3361 magis
2321 3310 2428 3348 cre-

172 3365 375 3432 damnn,
406 3409 409 3413 .
436 3365 776 3416 Ptolemaeum
836 3367 946 3416 fidis
998 3369 1427 3419 observationibus
1486 3366 1770 3432 Hipparcho
1832 3366 2142 3418 blanditum?
2233 3369 2467 3421 Scilicet'
2507 3377 2516 3422 9

171 3438 359 3503 aliquid
407 3436 770 3504 Pythagoricae
820 3439 1164 3505 philosophiae
1208 3442 1335 3492 latet
1388 3444 1438 3491 iu
1494 3442 1714 3506 mysticis
1768 3439 1867 3490 illis
1920 3443 2135 3492 numeris
2190 3440 2285 3493 94⁰
2323 3445 2428 3507 30‘,
2458 3426 2515 3491 ''i'‘

172 3510 267 3562 92⁰
305 3514 408 3574 30‘,
453 3509 580 3561 178⁰
624 3513 721 3561 15¹.
782 3516 871 3572 (Ad
909 3521 1082 3560 eundem
1115 3521 1472 3563 denumeratorsm
1512 3519 1670 3562 relatas
1698 3521 1779 3560 has
1809 3521 2068 3574 quantitates
2109 3522 2295 3574 produnt
2325 3524 2426 3578 378,
2461 3510 2473 3575 s

171 3594 256 3634 370
269 3596 329 3708 lot
361 3588 480 3653 713.)
542 3584 710 3648 Adde,
751 3584 885 3649 quod
922 3601 1081 3650 neque
1122 3593 1221 3637 tam
1258 3590 1479 3654 praecise
1515 3600 1676 3637 annus
1723 3586 1853 3637 hunc
1898 3586 2127 3638 horarum
2157 3575 2466 3670 numerum}
2499 3579 2509 3672 ξ

170 3659 270 3725 imp
291 3664 353 3709 et.
2453 3670 2470 3692 ‘⁴'
2499 3674 2506 3712 .’

313 3731 453 3790 Haec
497 3726 695 3796 quidem
741 3737 909 3782 contra
947 3734 1357 3784 eccentricitatem
1394 3734 1524 3786 Solis
1577 3733 1674 3784 dici
1709 3740 1931 3799 possunt.
2010 3733 2133 3785 Cum
2178 3737 2308 3786 enim
2344 3749 2425 3788 re-
2495 3741 2507 3790 l

171 3805 343 3856 fractio
390 3806 503 3870 plus
551 3805 686 3869 justo
733 3804 929 3855 attollat
974 3805 1134 3856 sidera
1147 3843 1163 3874 ,ι
1206 3816 1443 3873 apparent
1489 3807 1576 3858 illa
1620 3809 1764 3858 citius
1813 3808 1877 3858 ad
1926 3807 2140 3859 medium
2187 3810 2426 3861 circulum
2493 3799 2504 3849 ἵ

172 3878 449 3931 ascendere.
523 3878 602 3929 Ita
639 3879 795 3929 hiems
834 3880 1080 3942 minuitur,
1121 3880 1253 3947 quod
1290 3889 1463 3949 postea
1499 3881 1794 3950 peculiarius
1830 3883 1880 3931 in
1919 3884 2039 3950 ipsis
2066 3882 2338 3934 Ptolemaei
2375 3888 2424 3934 et
2492 3886 2506 3955 ἶ

2501 2094 2509 2114 d
