2554 4140
844 107 984 154 Liber
1015 107 1228 163 Quartus.
1285 105 1398 152 Pars
1429 106 1597 171 Tertia.
2242 116 2345 164 385

94 259 249 309 Vetus
299 258 599 307 astronomia
644 255 854 306 solidum
904 262 1101 322 pontem
1151 253 1355 323 (solidos
1394 252 1554 316 orbes)
1603 270 1748 320 super
1792 255 1885 306 hoc
1923 255 2100 307 flumen
2139 254 2348 325 (zodiaci

17 352 22 355 Α
91 329 420 394 latitudinem)
472 329 700 380 aedificat
748 336 796 378 et
843 329 1093 395 planetam
1130 329 1267 378 velut
1318 329 1367 374 in
1418 342 1556 376 curru
1604 331 1876 379 exanimem
1915 345 2000 395 per
2039 346 2150 380 eum
2188 338 2347 380 trans-

94 403 243 454 vehit.
320 403 503 453 Verum
550 402 842 467 perlustrata
881 409 986 452 tota
1021 401 1251 452 machina
1289 406 1514 465 apparet,
1565 400 1695 450 hunc
1733 409 1933 466 pontem
1969 404 2131 454 nullas
2167 404 2347 454 habere

91 476 336 538 sublicae,
386 477 563 540 quibus
611 475 934 539 suffulciatur,
986 483 1072 526 aut
1109 474 1321 536 Telluri,
1373 488 1521 536 quam
1562 475 1807 524 coelorum
1846 477 1987 526 basin
2028 477 2348 541 crediderunt,

92 551 339 599 innitatur.
618 595 623 600 .
1077 561 1084 565 “

236 622 328 671 Est
376 628 547 670 tamen
598 622 852 685 difficilior
900 622 1022 671 haec
1066 621 1339 684 speculatio
1388 625 1555 668 motus
1592 620 1903 683 latitudinis,
1958 631 2116 684 quam
2153 625 2196 671 si
2234 627 2347 687 quis

90 695 270 747 solidos
306 695 444 745 orbes
478 695 574 743 sibi
609 698 937 758 imaqinetur.
1016 694 1168 757 Atqui
1205 693 1483 742 meminisse
1523 692 1673 742 debes
1710 693 1875 754 lector,
1916 708 2005 743 nos
2043 695 2123 744 hic
2162 699 2346 746 versari

90 772 139 818 in
177 767 510 834 speculatione
547 767 753 832 physica
791 783 1062 829 causarum,
1103 768 1166 816 ob
1205 781 1328 830 quas
1368 764 1617 829 quaelibet
1653 765 1939 830 hypothesis
1980 767 2251 829 adhibetur,
2294 777 2346 818 ut

90 844 325 903 sciamuS,
376 841 494 905 quid
547 843 647 890 veri
694 841 850 890 subsit
899 842 986 890 tali
1022 839 1285 906 hypothesi
1322 853 1410 888 seu
1446 837 1632 887 fictioni
1671 841 2044 891 astronomicae.
2119 842 2187 890 At
2224 844 2350 892 infra

88 915 214 974 libro
251 915 314 964 V.
369 922 418 964 et
455 914 543 964 VI.
592 916 807 977 integros
858 914 1063 963 circulos
1113 918 1376 975 eorumque
1421 912 1763 961 inclinationes
1812 912 1875 960 ad
1927 912 2203 977 eclipticam
2251 931 2346 964 non

91 987 480 1053 repudiabimus,
531 988 807 1037 intellectus
857 1002 1032 1050 causa,
1083 988 1200 1050 quia
1249 984 1583 1049 aequipollent
1629 985 1699 1033 illi
1740 985 2173 1050 prolectationibus
2211 989 2345 1038 hisce

91 1061 319 1110 fibrarum
356 1061 421 1110 ad
458 1060 710 1125 eclipticae
748 1061 917 1109 latera.

234 1134 293 1183 Si
329 1141 376 1183 et
405 1136 556 1196 prior
592 1134 684 1183 illa
720 1133 923 1183 libratio
955 1134 1196 1195 planetae
1243 1134 1300 1180 in
1345 1131 1532 1191 altum,
1585 1137 1631 1179 et
1666 1131 1746 1179 hic
1783 1146 2022 1181 excursus
2069 1136 2126 1182 in
2177 1135 2341 1184 latum

85 1207 326 1256 haberent
375 1197 572 1256 easdem
621 1207 712 1255 sub
749 1207 977 1269 ecliptica
1012 1211 1172 1255 metas
1206 1204 1444 1267 fibrisque
1479 1207 1704 1266 corporis
1737 1205 2106 1267 perficerentur
2127 1208 2334 1270 iisdem,

0 1271 5 1347 J
86 1281 378 1328 verisimiles
413 1286 569 1329 essent
605 1294 809 1340 causae,
864 1295 991 1343 quas
1028 1278 1203 1327 tradis.
1278 1276 1384 1325 Imo
1423 1276 1541 1339 quid
1577 1278 1802 1342 impedit,
1858 1293 2008 1328 unum
2049 1286 2097 1330 et
2135 1283 2343 1330 eundem

6 1398 9 1406 .
86 1352 289 1416 globum
327 1352 545 1417 duplices
583 1353 763 1403 habere
792 1352 950 1401 'fibras
987 1351 1287 1412 rectilineae,
1341 1355 1498 1398 totum
1537 1365 1710 1415 corpus
1749 1352 2039 1413 attinentes,
2089 1360 2156 1402 ut·
2181 1354 2347 1403 alteris

8 1466 10 1475 ,
89 1429 138 1474 in
188 1425 340 1475 altum
390 1433 439 1475 ct
485 1425 775 1490 profundum
813 1426 1040 1487 libretur,
1091 1424 1257 1474 alteris
1294 1437 1484 1472 rursum
1521 1438 1839 1488 prorsumque
1877 1425 2120 1488 remiget?
2177 1427 2259 1476 Sic
2291 1429 2347 1476 ‘in

10 1528 41 1561 μ
88 1499 299 1548 fluminis
346 1500 600 1565 superficie
652 1499 830 1563 triplex
877 1500 1086 1549 cernitur
1131 1503 1292 1546 motus
1341 1498 1577 1560 partium,
1634 1498 1839 1560 quilibet
1887 1513 2025 1548 suam
2076 1500 2344 1550 observans

10 1576 13 1615 ἴ
87 1572 310 1638 plagam:
361 1575 545 1638 primus
596 1579 671 1622 est
721 1572 952 1634 decursus
1001 1585 1185 1635 aquae,
1237 1569 1480 1619 secundus
1518 1560 1779 1632 fluctu'um,
1830 1586 1954 1635 quos
1993 1573 2224 1623 decursus
2263 1574 2347 1624 ille

91 1648 322 1695 continua
358 1648 484 1696 serie
522 1647 837 1695 transversim
876 1645 940 1694 ad
975 1647 1108 1708 ripas
1147 1643 1293 1708 ejicit,
1332 1645 1503 1692 tertius
1543 1650 1616 1692 est
1653 1660 1683 1692 a
1722 1650 1884 1706 vent0,
1927 1648 2011 1708 qui
2050 1650 2093 1695 si
2132 1662 2192 1696 ex
2220 1648 2350 1697 obli-

0 1715 4 1727 '
89 1733 186 1785 quo
225 1721 495 1769 contrarius
535 1719 645 1786 flet,
697 1724 891 1784 asperat
927 1718 1167 1767 undarum
1206 1716 1512 1781 superficiem
1549 1717 1795 1780 aliamque
1832 1720 2073 1768 minorum
2112 1721 2353 1770 fluctuum⁴

0 1800 18 1852 Η
50 1792 261 1842 ¹‘seriem
310 1794 359 1840 in
412 1793 609 1858 plagam
652 1795 800 1841 etiam
840 1807 977 1840 suam
1019 1793 1134 1852 ciet,
1189 1791 1274 1853 qui
1313 1790 1550 1854 prioribus
1589 1792 1951 1854 imperturbatis
1990 1801 2347 1857 supercurrunt.

17 1863 19 1874 ⁴
88 1864 170 1915 Sic
207 1881 356 1930 supra
391 1866 478 1916 lib.
506 1866 546 1915 Ι.
586 1866 679 1914 fuit
715 1865 931 1929 allegata
969 1865 1244 1913 substantia
1282 1863 1557 1925 ventriculi,
1598 1878 1725 1926 quae
1764 1864 1969 1914 trilicem
1996 1867 2241 1929 quandam
2267 1883 2348 1917 re-

87 1944 390 2003 praesentat,
447 1939 672 1988 obtinens
710 1941 802 1987 tria
839 1952 1019 2001 genera
1056 1936 1285 1985 fibrarum
1324 1935 1482 1999 plagis
1522 1937 1771 1999 distincta,
1825 1938 1967 1988 sedes
2006 1942 2150 1988 trium
2189 1941 2346 1990 facul-

20 2018 22 2037 '
88 2017 256 2074 tatum,
296 2014 601 2073 attractriciS,
640 2013 923 2073 retentricis‚
965 2010 1270 2076 expultricis:
1312 2023 1595 2072 quanquam
1634 2025 1731 2059 non
1755 2013 1913 2074 unius,
1954 2012 2040 2062 sed
2068 2015 2212 2063 trium
2240 2029 2348 2064 om-

40 2096 45 2099 *
85 2086 200 2135 nino
239 2088 512 2135 tunicarum
550 2091 742 2137 textura
780 2090 867 2134 est.

24 2205 27 2222 ,
115 2172 123 2177 ·
230 2159 374 2208 Num
410 2159 585 2207 iisdem
621 2158 819 2208 zodiaci
854 2159 970 2206 locis
1008 2163 1250 2219 perpetuo
1284 2156 1418 2219 fiunt
1455 2170 1696 2205 excursus
1734 2161 2023 2207 errantium
2050 2160 2342 2222 ionyissimi,

25 2226 28 2270 ἕ
82 2246 158 2286 ,an
195 2236 349 2281 etiam
384 2233 439 2280 hi
475 2234 585 2282 loca
621 2246 718 2281 sua
755 2230 996 2280 mutant?
1034 2225 1298 2279 Obscurior
1337 2228 1513 2290 adhuc,
1555 2244 1702 2292 quam
1742 2231 1982 2294 apsidum,
2024 2239 2097 2281 est
2132 2233 2342 2282 limitum

28 2296 29 2304 ¹
83 2306 434 2369 progressionis
474 2306 781 2373 observati03
821 2303 1049 2357 videntur
1086 2311 1248 2352 tamen
1287 2302 1528 2366 paulatim
1563 2318 1729 2367 repere
1767 2306 1815 2351 in
1855 2305 2194 2356 antecedentia
2219 2307 2344 2363 fixa-

28 2381 31 2413 ³
85 2391 191 2442 rum
227 2379 489 2443 sphaerae,
546 2386 594 2427 et
632 2373 819 2428 tardius
858 2376 1055 2441 quidem
1106 2371 1252 2439 quam
1292 2375 1667 2439 progrediuntur
1704 2377 1915 2441 apsides,
1957 2384 2214 2443 utrumque
2254 2396 2342 2430 ex-

30 2474 33 2486 v
85 2447 243 2516 omplo
281 2458 503 2502 motuum
539 2451 725 2500 Lunae.
1368 2466 1373 2471 ’
2059 2451 2061 2454 ’
2168 2470 2172 2476 f

32 2530 33 2535 ’
232 2523 288 2574 Si
337 2526 518 2573 limites
569 2524 904 2585 retrocedunt,
945 2522 1139 2587 apsides
1182 2521 1611 2585 proyrediuntur,
1663 2537 1769 2572 non
1808 2524 2087 2574 haerebunt
2123 2527 2346 2574 intextae

33 2611 37 2631 ·=
80 2593 250 2660 fibrae,
291 2597 581 2647 latitudinis
618 2598 970 2662 administrae,
1007 2596 1145 2658 fibris
1180 2593 1530 2659 lonyitudz'nis,
1569 2610 1696 2656 quas
1732 2603 1977 2659 utrasque
2019 2598 2176 2646 eidem
2203 2599 2346 2661 ylobo

36 2687 37 2721 ;
83 2669 270 2730 dedisti.
334 2671 580 2735 Receptus
616 2670 696 2719 hic
732 2670 876 2719 nobis
914 2674 1049 2734 patet
1088 2667 1151 2716 ad
1189 2671 1427 2716 internam
1465 2667 1722 2730 globorum
1762 2671 2102 2731 substantiam,
2144 2673 2192 2718 in
2221 2686 2345 2733 quas

37 2754 39 2766 ¹
84 2746 333 2808 angustias
366 2745 472 2806 jam
510 2749 656 2792 antea
692 2745 849 2792 coacti
885 2757 1053 2791 sumus
1090 2743 1139 2788 in
1169 2743 1530 2804 comparatione
1555 2740 1876 2791 revolutionis
1903 2743 2114 2792 Telluris
2145 2744 2345 2794 diurnae

40 2846 41 2851 =
85 2828 193 2867 eum
237 2819 343 2881 ejus
395 2817 528 2881 fibris
578 2817 857 2865 libratoriiS.
934 2815 1203 2864 Possumus
1252 2815 1400 2876 igitur
1452 2814 1598 2862 etiam
1636 2813 1717 2862 hic
1756 2830 1987 2878 quaerere
2033 2819 2080 2864 in
2122 2819 2348 2866 exteriori

18 2907 43 2932 ⁶,
85 2896 242 2939 crusta
278 2897 558 2955 separatum
596 2889 797 2952 globum
825 2888 958 2937 velut
993 2890 1041 2935 in
1068 2890 1149 2939 ovi
1176 2886 1424 2935 albumine
1455 2886 1688 2946 vitellum,
1728 2887 1862 2936 fibris
1890 2904 2033 2937 suum
2056 2891 2348 2943 instructum

43 2980 58 2993 ¹>
87 2967 136 3023 et
181 2963 244 3012 ad
286 2979 451 3014 earum
490 2963 624 3026 leges
664 2961 1058 3021 convertibilem,
1110 2960 1339 3009 distincta
1379 2961 1524 3008 etiam
1564 2959 1845 3010 fortitudine
1886 2963 2058 3010 virium
2099 2963 2162 3012 ab
2202 2970 2341 3013 exte·-

36 3033 39 3091 ἒ
85 3035 196 3084 riori
242 3043 429 3098 crusta,
478 3039 518 3085 si
571 3050 694 3100 opus
746 3040 845 3096 est3
903 3042 958 3083 ut
998 3034 1177 3082 inflecti
1215 3034 1405 3097 possint
1443 3032 1586 3081 ambo
1627 3033 1689 3081 ab
1729 3033 1899 3083 eadem
1940 3041 2138 3084 externa
2176 3050 2342 3098 causa,

6 3093 49 3194 fl*
88 3104 321 3159 distinctis
373 3110 634 3159 celeritatis
680 3108 944 3168 mensuris,
995 3108 1037 3154 si
1089 3107 1237 3155 etiam
1278 3105 1372 3154 hac
1408 3119 1459 3152 re
1499 3107 1563 3153 sit
1602 3119 1740 3169 opuS.
1817 3106 1900 3156 Sic
1941 3111 2068 3157 enim
2107 3111 2253 3158 etiam
2292 3112 2342 3157 in

0 3184 43 3247 t,
84 3178 184 3242 jum
229 3182 503 3232 introducto
551 3180 806 3231 ventriculi
845 3178 1065 3244 exemplo
1106 3185 1218 3227 sunt
1257 3184 1353 3231 tres
1393 3179 1611 3238 tunicae,
1663 3181 1865 3240 extima,
1914 3183 2108 3243 intima,
2161 3182 2338 3245 media,

0 3244 45 3313 ζεῖ
88 3265 287 3316 quarum
322 3271 421 3305 una
459 3257 559 3320 pati
609 3260 770 3319 potest
820 3252 999 3301 illaesis
1051 3250 1183 3311 aliis,
1231 3250 1352 3299 haec
1402 3264 1545 3313 agere
1605 3253 1894 3301 vacantibus
1934 3254 2056 3317 illis,
2110 3259 2337 3319 quamvis

3 3316 50 3453 Ἴ
91 3322 183 3377 lue
218 3343 268 3378 re
307 3328 583 3389 dissimileS,
625 3326 757 3391 quod
796 3326 858 3374 ab
898 3327 1106 3373 invicem
1143 3337 1243 3371 non
1280 3328 1581 3386 separantur.

139 3442 148 3447 .
227 3402 383 3452 Vetus
429 3402 728 3453 astronomia
774 3397 958 3447 solidos
1005 3403 1054 3446 et
1100 3395 1242 3460 plane
1293 3395 1632 3444 adamantinos
1673 3397 1813 3446 orbes
1856 3397 1979 3448 alios
2018 3399 2128 3449 aliis
2167 3416 2341 3465 super-

7 3482 59 3531 ιι.
89 3469 255 3536 induit,
294 3490 391 3539 qua
427 3474 615 3524 nullum
653 3474 795 3522 nobis
835 3485 1008 3535 corpus
1048 3475 1121 3518 est
1160 3469 1502 3532 conspicuum,
1543 3474 1646 3517 tota
1683 3472 1816 3533 regio
1856 3473 1926 3520 sic
1967 3475 2238 3539 perspicua,
2283 3490 2340 3524 ac

49 3564 53 3608 ιΙ
90 3544 132 3592 si
168 3561 324 3605 vacua
362 3555 504 3598 esset.
562 3548 672 3596 Non
711 3545 1041 3607 indignabitur
1080 3542 1240 3603 igitur,
1282 3554 1370 3588 nos
1410 3542 1457 3588 in
1497 3541 1796 3607 globis,vqui
1834 3551 1946 3594 sunt
1986 3561 2190 3612 corpora
2220 3562 2339 3596 con-

11 3619 54 3659 ·‘3
91 3615 257 3681 opicus
292 3627 341 3669 et
375 3621 662 3685 palpabilia,
703 3618 861 3668 simile
901 3614 1018 3679 quid
1057 3614 1298 3663 fabricari.

53 3701 55 3706 “
232 3691 413 3742 Nonne
448 3694 532 3743 ille
569 3696 703 3755 ipse,
754 3694 900 3751 cujus
937 3691 1044 3746 ‘jam
1081 3687 1239 3750 fecisti
1276 3688 1607 3748 mentionem,
1649 3692 1760 3738 axis
1799 3692 2164 3741 turbinationis
2202 3698 2338 3740 eoete-

17 3736 57 3798 1!
90 3762 237 3813 riom
281 3773 477 3814 crustae
514 3780 785 3828 corporum
823 3763 1232 3826 planetariorum
1284 3773 1473 3806 munus
1520 3760 1609 3809 hoc
1653 3766 1895 3811 sustinere
1940 3771 2130 3826 posset,
2189 3764 2340 3812 decli-

55 3801 250 3900 [nandi
287 3844 483 3888 motum
526 3840 855 3902 planetarum
909 3835 976 3885 ad
1027 3832 1224 3884 latera?
1289 3828 1474 3895 Magna
1521 3848 1638 3884 sane
1695 3836 2118 3887 verisimilitudine
2170 3838 2339 3885 nititur

176 3918 330 3961 temeri
352 3922 488 3963 open.
511 3922 576 3958 vr.
1926 3924 1991 3972 25
