<?xml version="1.0" encoding="UTF-8"?>
<!DOCTYPE html PUBLIC "-//W3C//DTD XHTML 1.0 Transitional//EN"
    "http://www.w3.org/TR/xhtml1/DTD/xhtml1-transitional.dtd">
<html xmlns="http://www.w3.org/1999/xhtml" xml:lang="en" lang="en">
 <head>
  <title>
</title>
<meta http-equiv="Content-Type" content="text/html;charset=utf-8" />
  <meta name='ocr-system' content='tesseract 3.04.00' />
  <meta name='ocr-capabilities' content='ocr_page ocr_carea ocr_par ocr_line ocrx_word'/>
</head>
<body>
  <div class='ocr_page' id='page_1' title='image "./operaomniaedidit06kepluoft_0379.png"; bbox 0 0 2554 4140; ppageno 0'>
   <div class='ocr_carea' id='block_1_1' title="bbox 816 132 2348 204">
    <p class='ocr_par' dir='ltr' id='par_1_1' title="bbox 816 132 2348 204">
     <span class='ocr_line' id='line_1_1' title="bbox 816 132 2348 204; baseline -0.001 -13"><span class='ocrx_word' id='word_1_1' title='bbox 816 146 954 192; x_wconf 88' lang='lat' dir='ltr'>Liber</span> <span class='ocrx_word' id='word_1_2' title='bbox 983 145 1196 204; x_wconf 77' lang='lat' dir='ltr'><strong>Quartus.</strong></span> <span class='ocrx_word' id='word_1_3' title='bbox 1257 145 1370 203; x_wconf 80' lang='lat' dir='ltr'>Pars</span> <span class='ocrx_word' id='word_1_4' title='bbox 1401 143 1625 191; x_wconf 85' lang='lat' dir='ltr'>Secunda.</span> <span class='ocrx_word' id='word_1_5' title='bbox 1782 178 1797 192; x_wconf 88' lang='grc'><strong><em>,</em></strong></span> <span class='ocrx_word' id='word_1_6' title='bbox 2241 132 2348 190; x_wconf 75' lang='grc'>365</span> 
     </span>
    </p>
   </div>
   <div class='ocr_carea' id='block_1_2' title="bbox 93 285 2348 357">
    <p class='ocr_par' dir='ltr' id='par_1_2' title="bbox 93 285 2348 357">
     <span class='ocr_line' id='line_1_2' title="bbox 93 285 2348 357; baseline -0.004 -15"><span class='ocrx_word' id='word_1_7' title='bbox 93 293 246 342; x_wconf 84' lang='lat' dir='ltr'>sectio</span> <span class='ocrx_word' id='word_1_8' title='bbox 283 291 338 340; x_wconf 87' lang='lat' dir='ltr'>fit</span> <span class='ocrx_word' id='word_1_9' title='bbox 375 291 438 341; x_wconf 89' lang='lat' dir='ltr'>ad</span> <span class='ocrx_word' id='word_1_10' title='bbox 475 290 685 353; x_wconf 89' lang='lat' dir='ltr'>angulos</span> <span class='ocrx_word' id='word_1_11' title='bbox 721 298 895 355; x_wconf 73' lang='grc' dir='ltr'><strong>τοοιοε,</strong></span> <span class='ocrx_word' id='word_1_12' title='bbox 936 293 1201 357; x_wconf 82' lang='lat' dir='ltr'><strong>applicatio</strong></span> <span class='ocrx_word' id='word_1_13' title='bbox 1240 294 1388 356; x_wconf 87' lang='lat' dir='ltr'>igitur</span> <span class='ocrx_word' id='word_1_14' title='bbox 1417 292 1473 340; x_wconf 90' lang='lat' dir='ltr'>fit</span> <span class='ocrx_word' id='word_1_15' title='bbox 1497 291 1645 354; x_wconf 90' lang='lat' dir='ltr'>plane</span> <span class='ocrx_word' id='word_1_16' title='bbox 1670 289 1823 351; x_wconf 88' lang='lat' dir='ltr'>nulla,</span> <span class='ocrx_word' id='word_1_17' title='bbox 1864 302 1974 338; x_wconf 92' lang='lat' dir='ltr'>cum</span> <span class='ocrx_word' id='word_1_18' title='bbox 2000 287 2154 337; x_wconf 87' lang='lat' dir='ltr'>sectio</span> <span class='ocrx_word' id='word_1_19' title='bbox 2177 285 2348 334; x_wconf 89' lang='lat' dir='ltr'>Lunae</span> 
     </span>
    </p>
   </div>
   <div class='ocr_carea' id='block_1_3' title="bbox 0 358 2347 429">
    <p class='ocr_par' dir='ltr' id='par_1_3' title="bbox 0 358 2347 429">
     <span class='ocr_line' id='line_1_3' title="bbox 0 358 2347 429; baseline -0.003 -15"><span class='ocrx_word' id='word_1_20' title='bbox 0 390 6 395; x_wconf 89' lang='lat'><em>-</em></span> <span class='ocrx_word' id='word_1_21' title='bbox 94 365 265 416; x_wconf 89' lang='lat' dir='ltr'>tendat</span> <span class='ocrx_word' id='word_1_22' title='bbox 301 367 352 412; x_wconf 89' lang='lat' dir='ltr'>in</span> <span class='ocrx_word' id='word_1_23' title='bbox 388 370 605 414; x_wconf 86' lang='lat' dir='ltr'>centrum</span> <span class='ocrx_word' id='word_1_24' title='bbox 642 363 824 415; x_wconf 80' lang='lat' dir='ltr'>Terrae</span> <span class='ocrx_word' id='word_1_25' title='bbox 875 368 1018 429; x_wconf 91' lang='lat' dir='ltr'>eique</span> <span class='ocrx_word' id='word_1_26' title='bbox 1070 366 1129 416; x_wconf 90' lang='lat' dir='ltr'>de</span> <span class='ocrx_word' id='word_1_27' title='bbox 1168 365 1346 416; x_wconf 88' lang='lat' dir='ltr'>circulo</span> <span class='ocrx_word' id='word_1_28' title='bbox 1384 361 1501 414; x_wconf 92' lang='lat' dir='ltr'>NIO</span> <span class='ocrx_word' id='word_1_29' title='bbox 1541 378 1726 412; x_wconf 88' lang='lat' dir='ltr'>merum</span> <span class='ocrx_word' id='word_1_30' title='bbox 1762 368 1998 426; x_wconf 88' lang='lat' dir='ltr'>punctum</span> <span class='ocrx_word' id='word_1_31' title='bbox 2036 358 2347 423; x_wconf 81' lang='lat' dir='ltr'>respondeat.</span> 
     </span>
    </p>
   </div>
   <div class='ocr_carea' id='block_1_4' title="bbox 35 431 2354 1670">
    <p class='ocr_par' dir='ltr' id='par_1_4' title="bbox 35 431 2354 1670">
     <span class='ocr_line' id='line_1_4' title="bbox 238 431 2349 503; baseline -0.003 -17"><span class='ocrx_word' id='word_1_32' title='bbox 238 438 361 486; x_wconf 86' lang='lat' dir='ltr'>Cum</span> <span class='ocrx_word' id='word_1_33' title='bbox 398 438 545 500; x_wconf 89' lang='lat' dir='ltr'>igitur</span> <span class='ocrx_word' id='word_1_34' title='bbox 581 435 681 486; x_wconf 90' lang='lat' dir='ltr'>alia</span> <span class='ocrx_word' id='word_1_35' title='bbox 718 452 869 487; x_wconf 91' lang='lat' dir='ltr'>causa</span> <span class='ocrx_word' id='word_1_36' title='bbox 907 454 1004 487; x_wconf 92' lang='lat' dir='ltr'>non</span> <span class='ocrx_word' id='word_1_37' title='bbox 1044 446 1281 503; x_wconf 84' lang='lat' dir='ltr'>appareat</span> <span class='ocrx_word' id='word_1_38' title='bbox 1318 437 1688 487; x_wconf 86' lang='lat' dir='ltr'>accelerationis</span> <span class='ocrx_word' id='word_1_39' title='bbox 1713 438 1764 483; x_wconf 92' lang='lat' dir='ltr'>in</span> <span class='ocrx_word' id='word_1_40' title='bbox 1790 433 1994 498; x_wconf 91' lang='lat' dir='ltr'>copulis,</span> <span class='ocrx_word' id='word_1_41' title='bbox 2034 431 2349 484; x_wconf 88' lang='lat' dir='ltr'>statuendum</span> 
     </span>
     <span class='ocr_line' id='line_1_5' title="bbox 94 504 2348 575; baseline -0.004 -15"><span class='ocrx_word' id='word_1_42' title='bbox 94 512 199 571; x_wconf 86' lang='lat' dir='ltr'>erit,</span> <span class='ocrx_word' id='word_1_43' title='bbox 236 510 517 560; x_wconf 81' lang='lat' dir='ltr'>facultatem</span> <span class='ocrx_word' id='word_1_44' title='bbox 557 510 954 560; x_wconf 83' lang='lat' dir='ltr'>confortatoriam</span> <span class='ocrx_word' id='word_1_45' title='bbox 991 513 1174 575; x_wconf 89' lang='lat' dir='ltr'>speciei</span> <span class='ocrx_word' id='word_1_46' title='bbox 1211 512 1390 561; x_wconf 86' lang='lat' dir='ltr'>Terrae</span> <span class='ocrx_word' id='word_1_47' title='bbox 1428 510 1644 559; x_wconf 89' lang='lat' dir='ltr'>motricis</span> <span class='ocrx_word' id='word_1_48' title='bbox 1683 506 1820 557; x_wconf 89' lang='lat' dir='ltr'>ODL</span> <span class='ocrx_word' id='word_1_49' title='bbox 1858 509 2018 556; x_wconf 88' lang='lat' dir='ltr'>inesse</span> <span class='ocrx_word' id='word_1_50' title='bbox 2056 506 2228 554; x_wconf 90' lang='lat' dir='ltr'>lumini</span> <span class='ocrx_word' id='word_1_51' title='bbox 2262 504 2348 553; x_wconf 89' lang='lat' dir='ltr'>CD</span> 
     </span>
     <span class='ocr_line' id='line_1_6' title="bbox 92 576 2354 648; baseline -0.003 -16"><span class='ocrx_word' id='word_1_52' title='bbox 92 585 316 645; x_wconf 80' lang='lat' dir='ltr'>seorsim,</span> <span class='ocrx_word' id='word_1_53' title='bbox 367 597 464 631; x_wconf 92' lang='lat' dir='ltr'>non</span> <span class='ocrx_word' id='word_1_54' title='bbox 507 582 613 644; x_wconf 85' lang='lat' dir='ltr'>jam</span> <span class='ocrx_word' id='word_1_55' title='bbox 665 590 907 646; x_wconf 88' lang='lat' dir='ltr'>quatenus</span> <span class='ocrx_word' id='word_1_56' title='bbox 957 585 1065 634; x_wconf 81' lang='lat' dir='ltr'>fons</span> <span class='ocrx_word' id='word_1_57' title='bbox 1111 586 1291 648; x_wconf 87' lang='lat' dir='ltr'>ipsius,</span> <span class='ocrx_word' id='word_1_58' title='bbox 1316 582 1392 632; x_wconf 77' lang='lat' dir='ltr'>·id</span> <span class='ocrx_word' id='word_1_59' title='bbox 1441 588 1516 632; x_wconf 90' lang='lat' dir='ltr'>est</span> <span class='ocrx_word' id='word_1_60' title='bbox 1561 595 1738 644; x_wconf 89' lang='lat' dir='ltr'>corpus</span> <span class='ocrx_word' id='word_1_61' title='bbox 1777 578 1909 629; x_wconf 87' lang='lat' dir='ltr'>Solis</span> <span class='ocrx_word' id='word_1_62' title='bbox 1947 585 2135 628; x_wconf 87' lang='lat' dir='ltr'>rotatur</span> <span class='ocrx_word' id='word_1_63' title='bbox 2174 576 2354 644; x_wconf 81' lang='lat' dir='ltr'>(valuit</span> 
     </span>
     <span class='ocr_line' id='line_1_7' title="bbox 93 651 2352 721; baseline -0.003 -17"><span class='ocrx_word' id='word_1_64' title='bbox 93 656 218 706; x_wconf 89' lang='lat' dir='ltr'>haec</span> <span class='ocrx_word' id='word_1_65' title='bbox 253 671 286 705; x_wconf 89' lang='lat' dir='ltr'>a</span> <span class='ocrx_word' id='word_1_66' title='bbox 322 661 458 704; x_wconf 92' lang='lat' dir='ltr'>motu</span> <span class='ocrx_word' id='word_1_67' title='bbox 497 654 798 705; x_wconf 88' lang='lat' dir='ltr'>modificatio</span> <span class='ocrx_word' id='word_1_68' title='bbox 836 672 999 721; x_wconf 88' lang='lat' dir='ltr'>supra,</span> <span class='ocrx_word' id='word_1_69' title='bbox 1041 671 1150 706; x_wconf 90' lang='lat' dir='ltr'>cum</span> <span class='ocrx_word' id='word_1_70' title='bbox 1189 657 1249 706; x_wconf 91' lang='lat' dir='ltr'>de</span> <span class='ocrx_word' id='word_1_71' title='bbox 1288 656 1546 720; x_wconf 84' lang='lat' dir='ltr'>speciebus</span> <span class='ocrx_word' id='word_1_72' title='bbox 1584 656 1800 718; x_wconf 89' lang='lat' dir='ltr'>ipsorum</span> <span class='ocrx_word' id='word_1_73' title='bbox 1840 666 2096 715; x_wconf 82' lang='lat' dir='ltr'>corporum</span> <span class='ocrx_word' id='word_1_74' title='bbox 2135 651 2265 700; x_wconf 88' lang='lat' dir='ltr'>Solis</span> <span class='ocrx_word' id='word_1_75' title='bbox 2303 656 2352 699; x_wconf 85' lang='lat' dir='ltr'>ct</span> 
     </span>
     <span class='ocr_line' id='line_1_8' title="bbox 93 723 2350 794; baseline -0.003 -17"><span class='ocrx_word' id='word_1_76' title='bbox 93 729 272 778; x_wconf 86' lang='lat' dir='ltr'>Terrae</span> <span class='ocrx_word' id='word_1_77' title='bbox 309 731 413 777; x_wconf 91' lang='lat' dir='ltr'>sine</span> <span class='ocrx_word' id='word_1_78' title='bbox 450 735 674 791; x_wconf 88' lang='lat' dir='ltr'>respectu</span> <span class='ocrx_word' id='word_1_79' title='bbox 712 728 909 778; x_wconf 88' lang='lat' dir='ltr'>luminis</span> <span class='ocrx_word' id='word_1_80' title='bbox 946 730 1299 794; x_wconf 83' lang='lat' dir='ltr'>loqueremur),</span> <span class='ocrx_word' id='word_1_81' title='bbox 1336 728 1424 779; x_wconf 89' lang='lat' dir='ltr'>sed</span> <span class='ocrx_word' id='word_1_82' title='bbox 1463 743 1561 792; x_wconf 90' lang='lat' dir='ltr'>qua</span> <span class='ocrx_word' id='word_1_83' title='bbox 1597 727 1776 788; x_wconf 91' lang='lat' dir='ltr'>lumen,</span> <span class='ocrx_word' id='word_1_84' title='bbox 1815 727 2041 773; x_wconf 91' lang='lat' dir='ltr'>nimirum</span> <span class='ocrx_word' id='word_1_85' title='bbox 2080 723 2350 774; x_wconf 89' lang='lat' dir='ltr'>secundum</span> 
     </span>
     <span class='ocr_line' id='line_1_9' title="bbox 91 797 2350 866; baseline -0.003 -14"><span class='ocrx_word' id='word_1_86' title='bbox 91 803 356 866; x_wconf 81' lang='lat' dir='ltr'>genuinam</span> <span class='ocrx_word' id='word_1_87' title='bbox 392 801 589 849; x_wconf 89' lang='lat' dir='ltr'>luminis</span> <span class='ocrx_word' id='word_1_88' title='bbox 629 808 679 850; x_wconf 92' lang='lat' dir='ltr'>et</span> <span class='ocrx_word' id='word_1_89' title='bbox 716 803 1027 853; x_wconf 80' lang='lat' dir='ltr'>essentialem</span> <span class='ocrx_word' id='word_1_90' title='bbox 1054 802 1428 866; x_wconf 70' lang='lat' dir='ltr'>=quodammodo</span> <span class='ocrx_word' id='word_1_91' title='bbox 1467 801 1822 866; x_wconf 88' lang='lat' dir='ltr'>figurationem.</span> <span class='ocrx_word' id='word_1_92' title='bbox 1881 797 1935 847; x_wconf 89' lang='lat' dir='ltr'>Si</span> <span class='ocrx_word' id='word_1_93' title='bbox 1973 798 2121 859; x_wconf 87' lang='lat' dir='ltr'>igitur</span> <span class='ocrx_word' id='word_1_94' title='bbox 2156 802 2350 846; x_wconf 90' lang='lat' dir='ltr'>statua-</span> 
     </span>
     <span class='ocr_line' id='line_1_10' title="bbox 91 869 2350 940; baseline -0.002 -17"><span class='ocrx_word' id='word_1_95' title='bbox 91 890 230 934; x_wconf 87' lang='lat' dir='ltr'>mus,</span> <span class='ocrx_word' id='word_1_96' title='bbox 281 873 531 923; x_wconf 84' lang='lat' dir='ltr'>fortificari</span> <span class='ocrx_word' id='word_1_97' title='bbox 583 876 797 938; x_wconf 89' lang='lat' dir='ltr'>speciem</span> <span class='ocrx_word' id='word_1_98' title='bbox 841 875 969 926; x_wconf 88' lang='lat' dir='ltr'>hanc</span> <span class='ocrx_word' id='word_1_99' title='bbox 1019 878 1235 940; x_wconf 89' lang='lat' dir='ltr'>corporis</span> <span class='ocrx_word' id='word_1_100' title='bbox 1273 875 1484 925; x_wconf 86' lang='lat' dir='ltr'>Telluris</span> <span class='ocrx_word' id='word_1_101' title='bbox 1521 889 1608 938; x_wconf 88' lang='lat' dir='ltr'>per</span> <span class='ocrx_word' id='word_1_102' title='bbox 1646 871 1820 921; x_wconf 90' lang='lat' dir='ltr'>modos</span> <span class='ocrx_word' id='word_1_103' title='bbox 1857 869 2203 934; x_wconf 85' lang='lat' dir='ltr'>applicationis</span> <span class='ocrx_word' id='word_1_104' title='bbox 2243 870 2350 932; x_wconf 86' lang='lat' dir='ltr'>ejus</span> 
     </span>
     <span class='ocr_line' id='line_1_11' title="bbox 91 943 2350 1012; baseline -0.002 -15"><span class='ocrx_word' id='word_1_105' title='bbox 91 948 158 997; x_wconf 89' lang='lat' dir='ltr'>ad</span> <span class='ocrx_word' id='word_1_106' title='bbox 203 948 345 996; x_wconf 89' lang='lat' dir='ltr'>orbes</span> <span class='ocrx_word' id='word_1_107' title='bbox 392 947 614 1008; x_wconf 90' lang='lat' dir='ltr'>luminis,</span> <span class='ocrx_word' id='word_1_108' title='bbox 665 962 815 998; x_wconf 91' lang='lat' dir='ltr'>causa</span> <span class='ocrx_word' id='word_1_109' title='bbox 865 956 913 998; x_wconf 89' lang='lat' dir='ltr'>et</span> <span class='ocrx_word' id='word_1_110' title='bbox 951 963 1178 998; x_wconf 88' lang='lat' dir='ltr'>mensura</span> <span class='ocrx_word' id='word_1_111' title='bbox 1215 950 1306 998; x_wconf 88' lang='lat' dir='ltr'>erit</span> <span class='ocrx_word' id='word_1_112' title='bbox 1343 950 1392 996; x_wconf 90' lang='lat' dir='ltr'>in</span> <span class='ocrx_word' id='word_1_113' title='bbox 1429 957 1625 1012; x_wconf 90' lang='lat' dir='ltr'>promtu</span> <span class='ocrx_word' id='word_1_114' title='bbox 1662 944 2031 995; x_wconf 87' lang='lat' dir='ltr'>accelerationis</span> <span class='ocrx_word' id='word_1_115' title='bbox 2071 945 2119 989; x_wconf 93' lang='lat' dir='ltr'>in</span> <span class='ocrx_word' id='word_1_116' title='bbox 2160 943 2350 1005; x_wconf 89' lang='lat' dir='ltr'>copulis</span> 
     </span>
     <span class='ocr_line' id='line_1_12' title="bbox 94 1011 2351 1084; baseline -0.002 -14"><span class='ocrx_word' id='word_1_117' title='bbox 94 1020 207 1082; x_wconf 84' lang='lat' dir='ltr'>OD,</span> <span class='ocrx_word' id='word_1_118' title='bbox 255 1019 352 1069; x_wconf 87' lang='lat' dir='ltr'>GH</span> <span class='ocrx_word' id='word_1_119' title='bbox 391 1011 746 1080; x_wconf 87' lang='lat' dir='ltr'>validissimae,</span> <span class='ocrx_word' id='word_1_120' title='bbox 797 1021 963 1071; x_wconf 90' lang='lat' dir='ltr'>nullae</span> <span class='ocrx_word' id='word_1_121' title='bbox 1004 1036 1118 1071; x_wconf 88' lang='lat' dir='ltr'>vero</span> <span class='ocrx_word' id='word_1_122' title='bbox 1169 1024 1219 1070; x_wconf 91' lang='lat' dir='ltr'>in</span> <span class='ocrx_word' id='word_1_123' title='bbox 1263 1021 1476 1084; x_wconf 89' lang='lat' dir='ltr'>quadris.</span> <span class='ocrx_word' id='word_1_124' title='bbox 1554 1019 1678 1069; x_wconf 89' lang='lat' dir='ltr'>Cum</span> <span class='ocrx_word' id='word_1_125' title='bbox 1715 1025 1880 1068; x_wconf 89' lang='lat' dir='ltr'>autem</span> <span class='ocrx_word' id='word_1_126' title='bbox 1917 1031 2005 1080; x_wconf 87' lang='lat' dir='ltr'>per</span> <span class='ocrx_word' id='word_1_127' title='bbox 2043 1014 2236 1064; x_wconf 91' lang='lat' dir='ltr'>DFHK</span> <span class='ocrx_word' id='word_1_128' title='bbox 2271 1031 2351 1066; x_wconf 87' lang='lat' dir='ltr'>re-</span> 
     </span>
     <span class='ocr_line' id='line_1_13' title="bbox 90 1089 2352 1159; baseline -0.003 -15"><span class='ocrx_word' id='word_1_129' title='bbox 90 1099 427 1158; x_wconf 85' lang='lat' dir='ltr'>praesentetur</span> <span class='ocrx_word' id='word_1_130' title='bbox 470 1107 568 1142; x_wconf 90' lang='lat' dir='ltr'>non</span> <span class='ocrx_word' id='word_1_131' title='bbox 619 1099 808 1143; x_wconf 90' lang='lat' dir='ltr'>tantum</span> <span class='ocrx_word' id='word_1_132' title='bbox 855 1097 1044 1158; x_wconf 89' lang='lat' dir='ltr'>species</span> <span class='ocrx_word' id='word_1_133' title='bbox 1093 1096 1308 1159; x_wconf 88' lang='lat' dir='ltr'>corporis</span> <span class='ocrx_word' id='word_1_134' title='bbox 1347 1094 1526 1144; x_wconf 83' lang='lat' dir='ltr'>Terrae</span> <span class='ocrx_word' id='word_1_135' title='bbox 1577 1099 1632 1142; x_wconf 90' lang='lat' dir='ltr'>ut</span> <span class='ocrx_word' id='word_1_136' title='bbox 1679 1107 1832 1156; x_wconf 89' lang='lat' dir='ltr'>agens</span> <span class='ocrx_word' id='word_1_137' title='bbox 1880 1105 1971 1140; x_wconf 88' lang='lat' dir='ltr'>seu</span> <span class='ocrx_word' id='word_1_138' title='bbox 2015 1090 2215 1149; x_wconf 88' lang='lat' dir='ltr'>motrix‚</span> <span class='ocrx_word' id='word_1_139' title='bbox 2263 1089 2352 1139; x_wconf 89' lang='lat' dir='ltr'>sed</span> 
     </span>
     <span class='ocr_line' id='line_1_14' title="bbox 91 1161 2352 1233; baseline -0.002 -17"><span class='ocrx_word' id='word_1_140' title='bbox 91 1168 239 1217; x_wconf 86' lang='lat' dir='ltr'>ctiam</span> <span class='ocrx_word' id='word_1_141' title='bbox 289 1167 448 1215; x_wconf 90' lang='lat' dir='ltr'>orbita</span> <span class='ocrx_word' id='word_1_142' title='bbox 492 1169 602 1229; x_wconf 89' lang='lat' dir='ltr'>ipsa</span> <span class='ocrx_word' id='word_1_143' title='bbox 639 1165 808 1216; x_wconf 87' lang='lat' dir='ltr'>Lunae</span> <span class='ocrx_word' id='word_1_144' title='bbox 858 1174 914 1216; x_wconf 89' lang='lat' dir='ltr'>ut</span> <span class='ocrx_word' id='word_1_145' title='bbox 959 1169 1191 1231; x_wconf 88' lang='lat' dir='ltr'>patientis</span> <span class='ocrx_word' id='word_1_146' title='bbox 1242 1182 1332 1216; x_wconf 90' lang='lat' dir='ltr'>seu</span> <span class='ocrx_word' id='word_1_147' title='bbox 1381 1171 1452 1217; x_wconf 91' lang='lat' dir='ltr'>rei</span> <span class='ocrx_word' id='word_1_148' title='bbox 1502 1172 1666 1216; x_wconf 91' lang='lat' dir='ltr'>motae</span> <span class='ocrx_word' id='word_1_149' title='bbox 1703 1163 2007 1233; x_wconf 87' lang='lat' dir='ltr'>(quanquam</span> <span class='ocrx_word' id='word_1_150' title='bbox 2046 1170 2163 1212; x_wconf 87' lang='lat' dir='ltr'>tunc</span> <span class='ocrx_word' id='word_1_151' title='bbox 2199 1161 2352 1212; x_wconf 86' lang='lat' dir='ltr'>Terra</span> 
     </span>
     <span class='ocr_line' id='line_1_15' title="bbox 90 1235 2350 1304; baseline -0.002 -16"><span class='ocrx_word' id='word_1_152' title='bbox 90 1254 189 1290; x_wconf 90' lang='lat' dir='ltr'>non</span> <span class='ocrx_word' id='word_1_153' title='bbox 237 1241 328 1288; x_wconf 90' lang='lat' dir='ltr'>erit</span> <span class='ocrx_word' id='word_1_154' title='bbox 374 1241 424 1287; x_wconf 92' lang='lat' dir='ltr'>in</span> <span class='ocrx_word' id='word_1_155' title='bbox 464 1245 629 1289; x_wconf 91' lang='lat' dir='ltr'>centro</span> <span class='ocrx_word' id='word_1_156' title='bbox 670 1239 836 1288; x_wconf 90' lang='lat' dir='ltr'>circuli</span> <span class='ocrx_word' id='word_1_157' title='bbox 883 1240 1117 1302; x_wconf 88' lang='lat' dir='ltr'>locanda,</span> <span class='ocrx_word' id='word_1_158' title='bbox 1169 1239 1256 1290; x_wconf 88' lang='lat' dir='ltr'>sed</span> <span class='ocrx_word' id='word_1_159' title='bbox 1294 1237 1530 1304; x_wconf 88' lang='lat' dir='ltr'>propter),</span> <span class='ocrx_word' id='word_1_160' title='bbox 1587 1237 1958 1302; x_wconf 79' lang='lat' dir='ltr'>concipiendum</span> <span class='ocrx_word' id='word_1_161' title='bbox 1997 1238 2086 1286; x_wconf 89' lang='lat' dir='ltr'>erit</span> <span class='ocrx_word' id='word_1_162' title='bbox 2124 1235 2350 1299; x_wconf 89' lang='lat' dir='ltr'>amplius,</span> 
     </span>
     <span class='ocr_line' id='line_1_16' title="bbox 91 1308 2349 1378; baseline -0.003 -15"><span class='ocrx_word' id='word_1_163' title='bbox 91 1313 173 1363; x_wconf 84' lang='lat' dir='ltr'>vel</span> <span class='ocrx_word' id='word_1_164' title='bbox 209 1312 380 1362; x_wconf 85' lang='lat' dir='ltr'>Lunae</span> <span class='ocrx_word' id='word_1_165' title='bbox 417 1326 592 1375; x_wconf 90' lang='lat' dir='ltr'>corpus</span> <span class='ocrx_word' id='word_1_166' title='bbox 630 1313 680 1359; x_wconf 91' lang='lat' dir='ltr'>in</span> <span class='ocrx_word' id='word_1_167' title='bbox 721 1311 833 1370; x_wconf 88' lang='lat' dir='ltr'>CD,</span> <span class='ocrx_word' id='word_1_168' title='bbox 882 1312 980 1362; x_wconf 84' lang='lat' dir='ltr'>GH</span> <span class='ocrx_word' id='word_1_169' title='bbox 1032 1314 1222 1377; x_wconf 90' lang='lat' dir='ltr'>copulis</span> <span class='ocrx_word' id='word_1_170' title='bbox 1259 1313 1452 1378; x_wconf 89' lang='lat' dir='ltr'>disponi</span> <span class='ocrx_word' id='word_1_171' title='bbox 1491 1312 1555 1362; x_wconf 91' lang='lat' dir='ltr'>ad</span> <span class='ocrx_word' id='word_1_172' title='bbox 1593 1318 1780 1361; x_wconf 91' lang='lat' dir='ltr'>motum</span> <span class='ocrx_word' id='word_1_173' title='bbox 1816 1309 2086 1361; x_wconf 90' lang='lat' dir='ltr'>secundum</span> <span class='ocrx_word' id='word_1_174' title='bbox 2124 1308 2349 1358; x_wconf 87' lang='lat' dir='ltr'>diffusio-</span> 
     </span>
     <span class='ocr_line' id='line_1_17' title="bbox 91 1383 2351 1450; baseline -0.002 -15"><span class='ocrx_word' id='word_1_175' title='bbox 91 1401 203 1436; x_wconf 85' lang='lat' dir='ltr'>nem</span> <span class='ocrx_word' id='word_1_176' title='bbox 239 1400 328 1434; x_wconf 91' lang='lat' dir='ltr'>seu</span> <span class='ocrx_word' id='word_1_177' title='bbox 366 1384 673 1448; x_wconf 87' lang='lat' dir='ltr'>superficiem</span> <span class='ocrx_word' id='word_1_178' title='bbox 708 1384 930 1447; x_wconf 79' lang='lat' dir='ltr'>luminiS,</span> <span class='ocrx_word' id='word_1_179' title='bbox 970 1386 1143 1436; x_wconf 88' lang='lat' dir='ltr'>melius</span> <span class='ocrx_word' id='word_1_180' title='bbox 1182 1401 1328 1450; x_wconf 91' lang='lat' dir='ltr'>quam</span> <span class='ocrx_word' id='word_1_181' title='bbox 1366 1388 1414 1434; x_wconf 91' lang='lat' dir='ltr'>in</span> <span class='ocrx_word' id='word_1_182' title='bbox 1454 1386 1565 1447; x_wconf 87' lang='lat' dir='ltr'>EF,</span> <span class='ocrx_word' id='word_1_183' title='bbox 1605 1385 1702 1448; x_wconf 89' lang='grc' dir='ltr'>ΙΚ,</span> <span class='ocrx_word' id='word_1_184' title='bbox 1743 1386 1827 1435; x_wconf 91' lang='lat' dir='ltr'>ubi</span> <span class='ocrx_word' id='word_1_185' title='bbox 1867 1383 2009 1433; x_wconf 91' lang='lat' dir='ltr'>Luna</span> <span class='ocrx_word' id='word_1_186' title='bbox 2044 1390 2351 1432; x_wconf 86' lang='lat' dir='ltr'>transversos</span> 
     </span>
     <span class='ocr_line' id='line_1_18' title="bbox 92 1455 2351 1523; baseline -0.002 -15"><span class='ocrx_word' id='word_1_187' title='bbox 92 1458 364 1509; x_wconf 80' lang='lat' dir='ltr'>diffusionis</span> <span class='ocrx_word' id='word_1_188' title='bbox 403 1457 611 1508; x_wconf 89' lang='lat' dir='ltr'>circulos</span> <span class='ocrx_word' id='word_1_189' title='bbox 649 1465 800 1520; x_wconf 88' lang='lat' dir='ltr'>secat,</span> <span class='ocrx_word' id='word_1_190' title='bbox 841 1459 922 1509; x_wconf 85' lang='lat' dir='ltr'>vel</span> <span class='ocrx_word' id='word_1_191' title='bbox 960 1461 1093 1509; x_wconf 89' lang='lat' dir='ltr'>viam</span> <span class='ocrx_word' id='word_1_192' title='bbox 1135 1460 1306 1510; x_wconf 87' lang='lat' dir='ltr'>Lunae</span> <span class='ocrx_word' id='word_1_193' title='bbox 1344 1462 1503 1523; x_wconf 89' lang='lat' dir='ltr'>ipsam</span> <span class='ocrx_word' id='word_1_194' title='bbox 1539 1461 1590 1508; x_wconf 92' lang='lat' dir='ltr'>in</span> <span class='ocrx_word' id='word_1_195' title='bbox 1627 1459 1690 1521; x_wconf 92' lang='lat' dir='ltr'>D,</span> <span class='ocrx_word' id='word_1_196' title='bbox 1730 1457 1781 1507; x_wconf 93' lang='lat' dir='ltr'>H</span> <span class='ocrx_word' id='word_1_197' title='bbox 1819 1458 1961 1522; x_wconf 91' lang='lat' dir='ltr'>quasi</span> <span class='ocrx_word' id='word_1_198' title='bbox 1997 1455 2236 1506; x_wconf 90' lang='lat' dir='ltr'>lubricam</span> <span class='ocrx_word' id='word_1_199' title='bbox 2275 1456 2351 1506; x_wconf 80' lang='lat' dir='ltr'>ei-</span> 
     </span>
     <span class='ocr_line' id='line_1_19' title="bbox 90 1529 2351 1596; baseline -0.001 -16"><span class='ocrx_word' id='word_1_200' title='bbox 90 1531 198 1595; x_wconf 83' lang='lat' dir='ltr'>lici,</span> <span class='ocrx_word' id='word_1_201' title='bbox 237 1533 286 1579; x_wconf 91' lang='lat' dir='ltr'>in</span> <span class='ocrx_word' id='word_1_202' title='bbox 325 1531 388 1592; x_wconf 90' lang='lat' dir='ltr'>F,</span> <span class='ocrx_word' id='word_1_203' title='bbox 425 1531 476 1580; x_wconf 89' lang='lat' dir='ltr'>K</span> <span class='ocrx_word' id='word_1_204' title='bbox 513 1533 753 1594; x_wconf 88' lang='lat' dir='ltr'>asperari,</span> <span class='ocrx_word' id='word_1_205' title='bbox 803 1531 958 1582; x_wconf 85' lang='lat' dir='ltr'>veluti</span> <span class='ocrx_word' id='word_1_206' title='bbox 995 1547 1143 1596; x_wconf 89' lang='lat' dir='ltr'>super</span> <span class='ocrx_word' id='word_1_207' title='bbox 1180 1532 1352 1583; x_wconf 89' lang='lat' dir='ltr'>tabula</span> <span class='ocrx_word' id='word_1_208' title='bbox 1387 1547 1473 1596; x_wconf 88' lang='lat' dir='ltr'>per</span> <span class='ocrx_word' id='word_1_209' title='bbox 1509 1538 1815 1582; x_wconf 88' lang='lat' dir='ltr'>transversos</span> <span class='ocrx_word' id='word_1_210' title='bbox 1852 1531 1972 1594; x_wconf 89' lang='lat' dir='ltr'>ligni</span> <span class='ocrx_word' id='word_1_211' title='bbox 2010 1543 2173 1594; x_wconf 86' lang='lat' dir='ltr'>poros.</span> <span class='ocrx_word' id='word_1_212' title='bbox 2247 1529 2351 1580; x_wconf 89' lang='lat' dir='ltr'>Nec</span> 
     </span>
     <span class='ocr_line' id='line_1_20' title="bbox 35 1602 2349 1670; baseline -0.001 -18"><span class='ocrx_word' id='word_1_213' title='bbox 35 1664 39 1670; x_wconf 28' lang='grc' dir='ltr'>ι</span> <span class='ocrx_word' id='word_1_214' title='bbox 89 1605 140 1654; x_wconf 89' lang='lat' dir='ltr'>id</span> <span class='ocrx_word' id='word_1_215' title='bbox 177 1603 443 1654; x_wconf 87' lang='lat' dir='ltr'>absurdum</span> <span class='ocrx_word' id='word_1_216' title='bbox 479 1603 628 1653; x_wconf 83' lang='lat' dir='ltr'>valde</span> <span class='ocrx_word' id='word_1_217' title='bbox 665 1604 823 1653; x_wconf 84' lang='lat' dir='ltr'>fuerit.</span> <span class='ocrx_word' id='word_1_218' title='bbox 902 1605 1024 1655; x_wconf 90' lang='lat' dir='ltr'>Cum</span> <span class='ocrx_word' id='word_1_219' title='bbox 1075 1607 1204 1656; x_wconf 90' lang='lat' dir='ltr'>enim</span> <span class='ocrx_word' id='word_1_220' title='bbox 1240 1608 1356 1656; x_wconf 89' lang='lat' dir='ltr'>insit</span> <span class='ocrx_word' id='word_1_221' title='bbox 1394 1608 1446 1655; x_wconf 88' lang='lat' dir='ltr'>in</span> <span class='ocrx_word' id='word_1_222' title='bbox 1481 1605 1666 1655; x_wconf 91' lang='lat' dir='ltr'>lumine</span> <span class='ocrx_word' id='word_1_223' title='bbox 1704 1606 1780 1654; x_wconf 87' lang='lat' dir='ltr'>vis</span> <span class='ocrx_word' id='word_1_224' title='bbox 1818 1602 2110 1654; x_wconf 84' lang='lat' dir='ltr'>fortificandi</span> <span class='ocrx_word' id='word_1_225' title='bbox 2147 1608 2349 1665; x_wconf 84' lang='lat' dir='ltr'>motum,</span> 
     </span>
    </p>
   </div>
   <div class='ocr_carea' id='block_1_5' title="bbox 0 1677 2350 1742">
    <p class='ocr_par' dir='ltr' id='par_1_5' title="bbox 0 1677 2350 1742">
     <span class='ocr_line' id='line_1_21' title="bbox 0 1677 2350 1742; baseline -0.001 -14"><span class='ocrx_word' id='word_1_226' title='bbox 0 1700 10 1708; x_wconf 91' lang='lat'><strong>·</strong></span> <span class='ocrx_word' id='word_1_227' title='bbox 89 1685 146 1728; x_wconf 89' lang='lat' dir='ltr'>ut</span> <span class='ocrx_word' id='word_1_228' title='bbox 181 1680 396 1742; x_wconf 89' lang='lat' dir='ltr'>positum</span> <span class='ocrx_word' id='word_1_229' title='bbox 435 1683 524 1737; x_wconf 89' lang='lat' dir='ltr'>est,</span> <span class='ocrx_word' id='word_1_230' title='bbox 564 1684 694 1727; x_wconf 89' lang='lat' dir='ltr'>certe</span> <span class='ocrx_word' id='word_1_231' title='bbox 732 1692 831 1740; x_wconf 91' lang='lat' dir='ltr'>qua</span> <span class='ocrx_word' id='word_1_232' title='bbox 867 1679 1024 1728; x_wconf 86' lang='lat' dir='ltr'>tendit</span> <span class='ocrx_word' id='word_1_233' title='bbox 1061 1694 1160 1728; x_wconf 91' lang='lat' dir='ltr'>una</span> <span class='ocrx_word' id='word_1_234' title='bbox 1197 1679 1437 1729; x_wconf 87' lang='lat' dir='ltr'>dimensio</span> <span class='ocrx_word' id='word_1_235' title='bbox 1475 1679 1688 1742; x_wconf 85' lang='lat' dir='ltr'>luminis,</span> <span class='ocrx_word' id='word_1_236' title='bbox 1727 1677 1996 1728; x_wconf 83' lang='lat' dir='ltr'>faciliorem</span> <span class='ocrx_word' id='word_1_237' title='bbox 2027 1691 2118 1740; x_wconf 88' lang='lat' dir='ltr'>par</span> <span class='ocrx_word' id='word_1_238' title='bbox 2143 1681 2217 1726; x_wconf 91' lang='lat' dir='ltr'>est</span> <span class='ocrx_word' id='word_1_239' title='bbox 2243 1689 2350 1726; x_wconf 89' lang='lat' dir='ltr'>esse</span> 
     </span>
    </p>
   </div>
   <div class='ocr_carea' id='block_1_6' title="bbox 86 1749 2351 2404">
    <p class='ocr_par' dir='ltr' id='par_1_6' title="bbox 86 1749 2351 2108">
     <span class='ocr_line' id='line_1_22' title="bbox 89 1749 2349 1816; baseline -0.001 -16"><span class='ocrx_word' id='word_1_240' title='bbox 89 1751 361 1814; x_wconf 80' lang='lat' dir='ltr'>trajectum.</span> <span class='ocrx_word' id='word_1_241' title='bbox 438 1750 590 1799; x_wconf 90' lang='lat' dir='ltr'>Porro</span> <span class='ocrx_word' id='word_1_242' title='bbox 629 1749 760 1798; x_wconf 89' lang='lat' dir='ltr'>idem</span> <span class='ocrx_word' id='word_1_243' title='bbox 799 1750 967 1801; x_wconf 90' lang='lat' dir='ltr'>dicunt</span> <span class='ocrx_word' id='word_1_244' title='bbox 1005 1752 1170 1815; x_wconf 89' lang='lat' dir='ltr'>quoad</span> <span class='ocrx_word' id='word_1_245' title='bbox 1209 1753 1456 1814; x_wconf 86' lang='lat' dir='ltr'>effectum,</span> <span class='ocrx_word' id='word_1_246' title='bbox 1503 1752 1654 1814; x_wconf 89' lang='lat' dir='ltr'>alter,</span> <span class='ocrx_word' id='word_1_247' title='bbox 1695 1753 1780 1816; x_wconf 89' lang='lat' dir='ltr'>qui</span> <span class='ocrx_word' id='word_1_248' title='bbox 1817 1750 2010 1800; x_wconf 91' lang='lat' dir='ltr'>Lunam</span> <span class='ocrx_word' id='word_1_249' title='bbox 2049 1749 2166 1799; x_wconf 88' lang='lat' dir='ltr'>dicit</span> <span class='ocrx_word' id='word_1_250' title='bbox 2203 1763 2349 1799; x_wconf 89' lang='lat' dir='ltr'>acce-</span> 
     </span>
     <span class='ocr_line' id='line_1_23' title="bbox 88 1822 2350 1889; baseline -0.001 -16"><span class='ocrx_word' id='word_1_251' title='bbox 88 1823 232 1875; x_wconf 85' lang='lat' dir='ltr'>lerari</span> <span class='ocrx_word' id='word_1_252' title='bbox 283 1826 333 1872; x_wconf 89' lang='lat' dir='ltr'>in</span> <span class='ocrx_word' id='word_1_253' title='bbox 372 1823 443 1885; x_wconf 91' lang='lat' dir='ltr'>D,</span> <span class='ocrx_word' id='word_1_254' title='bbox 491 1822 543 1871; x_wconf 90' lang='lat' dir='ltr'>H</span> <span class='ocrx_word' id='word_1_255' title='bbox 592 1822 925 1887; x_wconf 90' lang='lat' dir='ltr'>retardarique</span> <span class='ocrx_word' id='word_1_256' title='bbox 982 1828 1030 1873; x_wconf 92' lang='lat' dir='ltr'>in</span> <span class='ocrx_word' id='word_1_257' title='bbox 1070 1826 1132 1888; x_wconf 88' lang='lat' dir='ltr'>F,</span> <span class='ocrx_word' id='word_1_258' title='bbox 1173 1825 1244 1887; x_wconf 89' lang='lat' dir='ltr'>K,</span> <span class='ocrx_word' id='word_1_259' title='bbox 1295 1833 1555 1888; x_wconf 86' lang='lat' dir='ltr'>utrumque</span> <span class='ocrx_word' id='word_1_260' title='bbox 1592 1827 1642 1872; x_wconf 91' lang='lat' dir='ltr'>in</span> <span class='ocrx_word' id='word_1_261' title='bbox 1679 1826 2020 1889; x_wconf 88' lang='lat' dir='ltr'>proportione,</span> <span class='ocrx_word' id='word_1_262' title='bbox 2072 1837 2219 1886; x_wconf 89' lang='lat' dir='ltr'>quam</span> <span class='ocrx_word' id='word_1_263' title='bbox 2255 1822 2350 1871; x_wconf 89' lang='lat' dir='ltr'>hae</span> 
     </span>
     <span class='ocr_line' id='line_1_24' title="bbox 90 1894 2351 1965; baseline -0.001 -19"><span class='ocrx_word' id='word_1_264' title='bbox 90 1897 442 1962; x_wconf 84' lang='lat' dir='ltr'>applicationes</span> <span class='ocrx_word' id='word_1_265' title='bbox 480 1895 689 1959; x_wconf 89' lang='lat' dir='ltr'>pariunt,</span> <span class='ocrx_word' id='word_1_266' title='bbox 729 1898 955 1961; x_wconf 89' lang='lat' dir='ltr'>simplici,</span> <span class='ocrx_word' id='word_1_267' title='bbox 994 1899 1132 1960; x_wconf 90' lang='lat' dir='ltr'>alter,</span> <span class='ocrx_word' id='word_1_268' title='bbox 1173 1901 1258 1962; x_wconf 92' lang='lat' dir='ltr'>qui</span> <span class='ocrx_word' id='word_1_269' title='bbox 1295 1898 1488 1948; x_wconf 91' lang='lat' dir='ltr'>Lunam</span> <span class='ocrx_word' id='word_1_270' title='bbox 1526 1900 1575 1946; x_wconf 93' lang='lat' dir='ltr'>in</span> <span class='ocrx_word' id='word_1_271' title='bbox 1612 1898 1677 1965; x_wconf 83' lang='lat' dir='ltr'>D,</span> <span class='ocrx_word' id='word_1_272' title='bbox 1715 1897 1764 1946; x_wconf 92' lang='lat' dir='ltr'>H</span> <span class='ocrx_word' id='word_1_273' title='bbox 1801 1897 2077 1962; x_wconf 89' lang='lat' dir='ltr'>plurimum,</span> <span class='ocrx_word' id='word_1_274' title='bbox 2117 1898 2166 1944; x_wconf 91' lang='lat' dir='ltr'>in</span> <span class='ocrx_word' id='word_1_275' title='bbox 2204 1895 2262 1957; x_wconf 84' lang='lat' dir='ltr'>F,</span> <span class='ocrx_word' id='word_1_276' title='bbox 2301 1894 2351 1944; x_wconf 90' lang='lat' dir='ltr'>K</span> 
     </span>
     <span class='ocr_line' id='line_1_25' title="bbox 86 1969 2350 2036; baseline -0 -17"><span class='ocrx_word' id='word_1_277' title='bbox 86 1970 211 2019; x_wconf 82' lang='lat' dir='ltr'>nihil</span> <span class='ocrx_word' id='word_1_278' title='bbox 261 1969 521 2020; x_wconf 87' lang='lat' dir='ltr'>accelerari</span> <span class='ocrx_word' id='word_1_279' title='bbox 573 1969 713 2027; x_wconf 87' lang='lat' dir='ltr'>dicit,</span> <span class='ocrx_word' id='word_1_280' title='bbox 766 1970 854 2020; x_wconf 90' lang='lat' dir='ltr'>sed</span> <span class='ocrx_word' id='word_1_281' title='bbox 890 1970 1029 2020; x_wconf 76' lang='lat' dir='ltr'>idin</span> <span class='ocrx_word' id='word_1_282' title='bbox 1064 1973 1380 2036; x_wconf 88' lang='lat' dir='ltr'>proportione</span> <span class='ocrx_word' id='word_1_283' title='bbox 1419 1971 1570 2036; x_wconf 88' lang='lat' dir='ltr'>dupla</span> <span class='ocrx_word' id='word_1_284' title='bbox 1610 1972 1744 2035; x_wconf 90' lang='lat' dir='ltr'>ejus,</span> <span class='ocrx_word' id='word_1_285' title='bbox 1794 1985 1922 2035; x_wconf 88' lang='lat' dir='ltr'>quae</span> <span class='ocrx_word' id='word_1_286' title='bbox 1962 1985 2022 2020; x_wconf 85' lang='lat' dir='ltr'>ex</span> <span class='ocrx_word' id='word_1_287' title='bbox 2060 1969 2139 2019; x_wconf 91' lang='lat' dir='ltr'>hic</span> <span class='ocrx_word' id='word_1_288' title='bbox 2174 1970 2350 2032; x_wconf 85' lang='lat' dir='ltr'>positis</span> 
     </span>
     <span class='ocr_line' id='line_1_26' title="bbox 89 2042 757 2108; baseline -0.003 -16"><span class='ocrx_word' id='word_1_289' title='bbox 89 2042 500 2108; x_wconf 83' lang='lat' dir='ltr'>applicationibus</span> <span class='ocrx_word' id='word_1_290' title='bbox 537 2042 757 2092; x_wconf 83' lang='lat' dir='ltr'>resultat.</span> 
     </span>
    </p>

    <p class='ocr_par' dir='ltr' id='par_1_7' title="bbox 86 2114 2351 2404">
     <span class='ocr_line' id='line_1_27' title="bbox 231 2114 2351 2179; baseline -0.001 -12"><span class='ocrx_word' id='word_1_291' title='bbox 231 2117 339 2167; x_wconf 86' lang='lat' dir='ltr'>Nisi</span> <span class='ocrx_word' id='word_1_292' title='bbox 390 2117 499 2179; x_wconf 89' lang='lat' dir='ltr'>quis</span> <span class='ocrx_word' id='word_1_293' title='bbox 546 2115 674 2166; x_wconf 85' lang='lat' dir='ltr'>hanc</span> <span class='ocrx_word' id='word_1_294' title='bbox 718 2119 1019 2178; x_wconf 88' lang='lat' dir='ltr'>geminatam</span> <span class='ocrx_word' id='word_1_295' title='bbox 1067 2117 1266 2167; x_wconf 91' lang='lat' dir='ltr'>luminis</span> <span class='ocrx_word' id='word_1_296' title='bbox 1313 2118 1583 2168; x_wconf 87' lang='lat' dir='ltr'>efficaciam</span> <span class='ocrx_word' id='word_1_297' title='bbox 1618 2117 1760 2167; x_wconf 89' lang='lat' dir='ltr'>malit</span> <span class='ocrx_word' id='word_1_298' title='bbox 1796 2116 2118 2166; x_wconf 88' lang='lat' dir='ltr'>transcribere</span> <span class='ocrx_word' id='word_1_299' title='bbox 2158 2114 2351 2165; x_wconf 85' lang='lat' dir='ltr'>duabus</span> 
     </span>
     <span class='ocr_line' id='line_1_28' title="bbox 90 2188 2346 2255; baseline -0.001 -16"><span class='ocrx_word' id='word_1_300' title='bbox 90 2189 473 2240; x_wconf 79' lang='lat' dir='ltr'>dimensionibus</span> <span class='ocrx_word' id='word_1_301' title='bbox 508 2188 783 2253; x_wconf 88' lang='lat' dir='ltr'>superficiei</span> <span class='ocrx_word' id='word_1_302' title='bbox 821 2190 1034 2253; x_wconf 88' lang='lat' dir='ltr'>luminis,</span> <span class='ocrx_word' id='word_1_303' title='bbox 1079 2198 1149 2253; x_wconf 91' lang='lat' dir='ltr'>ut,</span> <span class='ocrx_word' id='word_1_304' title='bbox 1194 2192 1420 2255; x_wconf 87' lang='lat' dir='ltr'>quamvis</span> <span class='ocrx_word' id='word_1_305' title='bbox 1459 2205 1554 2240; x_wconf 89' lang='lat' dir='ltr'>non</span> <span class='ocrx_word' id='word_1_306' title='bbox 1595 2193 1755 2240; x_wconf 90' lang='lat' dir='ltr'>minus</span> <span class='ocrx_word' id='word_1_307' title='bbox 1794 2192 1984 2254; x_wconf 88' lang='lat' dir='ltr'>species</span> <span class='ocrx_word' id='word_1_308' title='bbox 2023 2202 2346 2253; x_wconf 89' lang='lat' dir='ltr'>quaecunque</span> 
     </span>
     <span class='ocr_line' id='line_1_29' title="bbox 88 2263 2344 2328; baseline -0.002 -14"><span class='ocrx_word' id='word_1_309' title='bbox 88 2277 343 2328; x_wconf 75' lang='lat' dir='ltr'>corporum</span> <span class='ocrx_word' id='word_1_310' title='bbox 388 2264 768 2324; x_wconf 88' lang='lat' dir='ltr'>immateriatae,</span> <span class='ocrx_word' id='word_1_311' title='bbox 823 2278 971 2326; x_wconf 89' lang='lat' dir='ltr'>quam</span> <span class='ocrx_word' id='word_1_312' title='bbox 1007 2265 1197 2327; x_wconf 88' lang='lat' dir='ltr'>lumen,</span> <span class='ocrx_word' id='word_1_313' title='bbox 1247 2264 1577 2314; x_wconf 87' lang='lat' dir='ltr'>diffundantur</span> <span class='ocrx_word' id='word_1_314' title='bbox 1614 2270 1715 2314; x_wconf 90' lang='lat' dir='ltr'>tam</span> <span class='ocrx_word' id='word_1_315' title='bbox 1754 2265 1804 2311; x_wconf 92' lang='lat' dir='ltr'>in</span> <span class='ocrx_word' id='word_1_316' title='bbox 1842 2264 2043 2328; x_wconf 86' lang='lat' dir='ltr'>longum</span> <span class='ocrx_word' id='word_1_317' title='bbox 2098 2277 2245 2326; x_wconf 90' lang='lat' dir='ltr'>quam</span> <span class='ocrx_word' id='word_1_318' title='bbox 2294 2263 2344 2309; x_wconf 93' lang='lat' dir='ltr'>in</span> 
     </span>
     <span class='ocr_line' id='line_1_30' title="bbox 86 2334 2348 2404; baseline -0.001 -18"><span class='ocrx_word' id='word_1_319' title='bbox 86 2335 254 2399; x_wconf 78' lang='lat' dir='ltr'>latum,</span> <span class='ocrx_word' id='word_1_320' title='bbox 293 2336 410 2385; x_wconf 87' lang='lat' dir='ltr'>illae</span> <span class='ocrx_word' id='word_1_321' title='bbox 446 2342 610 2385; x_wconf 90' lang='lat' dir='ltr'>tamen</span> <span class='ocrx_word' id='word_1_322' title='bbox 648 2334 870 2385; x_wconf 86' lang='lat' dir='ltr'>efficaces</span> <span class='ocrx_word' id='word_1_323' title='bbox 907 2337 1144 2387; x_wconf 90' lang='lat' dir='ltr'>hactenus</span> <span class='ocrx_word' id='word_1_324' title='bbox 1182 2338 1362 2388; x_wconf 86' lang='lat' dir='ltr'>fuerint</span> <span class='ocrx_word' id='word_1_325' title='bbox 1384 2337 1575 2404; x_wconf 30' lang='lat' dir='ltr'>‚saltem</span> <span class='ocrx_word' id='word_1_326' title='bbox 1612 2335 1935 2401; x_wconf 86' lang='lat' dir='ltr'>longitudinis</span> <span class='ocrx_word' id='word_1_327' title='bbox 1972 2341 2212 2399; x_wconf 87' lang='lat' dir='ltr'>respectu,</span> <span class='ocrx_word' id='word_1_328' title='bbox 2251 2335 2348 2384; x_wconf 88' lang='lat' dir='ltr'>hoc</span> 
     </span>
    </p>
   </div>
   <div class='ocr_carea' id='block_1_7' title="bbox 0 2408 2351 2621">
    <p class='ocr_par' dir='ltr' id='par_1_8' title="bbox 0 2408 2351 2621">
     <span class='ocr_line' id='line_1_31' title="bbox 0 2408 2351 2476; baseline -0.001 -17"><span class='ocrx_word' id='word_1_329' title='bbox 0 2419 2 2446; x_wconf 62' lang='lat' dir='ltr'><strong>f</strong></span> <span class='ocrx_word' id='word_1_330' title='bbox 87 2424 203 2460; x_wconf 77' lang='lat' dir='ltr'>vcro</span> <span class='ocrx_word' id='word_1_331' title='bbox 249 2416 300 2460; x_wconf 89' lang='lat' dir='ltr'>et</span> <span class='ocrx_word' id='word_1_332' title='bbox 335 2408 654 2472; x_wconf 85' lang='lat' dir='ltr'>longitudinis</span> <span class='ocrx_word' id='word_1_333' title='bbox 693 2414 742 2457; x_wconf 88' lang='lat' dir='ltr'>ct</span> <span class='ocrx_word' id='word_1_334' title='bbox 778 2408 1077 2473; x_wconf 90' lang='lat' dir='ltr'>latitudinis,</span> <span class='ocrx_word' id='word_1_335' title='bbox 1129 2418 1390 2476; x_wconf 88' lang='lat' dir='ltr'>propterea</span> <span class='ocrx_word' id='word_1_336' title='bbox 1427 2410 1560 2474; x_wconf 89' lang='lat' dir='ltr'>quod</span> <span class='ocrx_word' id='word_1_337' title='bbox 1598 2412 1788 2474; x_wconf 88' lang='lat' dir='ltr'>species</span> <span class='ocrx_word' id='word_1_338' title='bbox 1828 2409 2026 2474; x_wconf 88' lang='lat' dir='ltr'>quidem</span> <span class='ocrx_word' id='word_1_339' title='bbox 2064 2415 2254 2471; x_wconf 84' lang='lat' dir='ltr'>movet,</span> <span class='ocrx_word' id='word_1_340' title='bbox 2294 2414 2351 2457; x_wconf 88' lang='lat' dir='ltr'>ut</span> 
     </span>
     <span class='ocr_line' id='line_1_32' title="bbox 0 2481 2347 2553; baseline 0 -22"><span class='ocrx_word' id='word_1_341' title='bbox 0 2486 5 2553; x_wconf 60' lang='grc' dir='ltr'>ᾗ</span> <span class='ocrx_word' id='word_1_342' title='bbox 71 2489 244 2544; x_wconf 73' lang='lat' dir='ltr'>mota,</span> <span class='ocrx_word' id='word_1_343' title='bbox 282 2488 508 2532; x_wconf 84' lang='lat' dir='ltr'>movetur</span> <span class='ocrx_word' id='word_1_344' title='bbox 545 2489 710 2532; x_wconf 90' lang='lat' dir='ltr'>autem</span> <span class='ocrx_word' id='word_1_345' title='bbox 747 2483 796 2530; x_wconf 91' lang='lat' dir='ltr'>in</span> <span class='ocrx_word' id='word_1_346' title='bbox 834 2482 1038 2547; x_wconf 89' lang='lat' dir='ltr'>longum</span> <span class='ocrx_word' id='word_1_347' title='bbox 1074 2490 1278 2546; x_wconf 90' lang='lat' dir='ltr'>tantum,</span> <span class='ocrx_word' id='word_1_348' title='bbox 1317 2483 1484 2533; x_wconf 87' lang='lat' dir='ltr'>lumen</span> <span class='ocrx_word' id='word_1_349' title='bbox 1522 2497 1639 2534; x_wconf 83' lang='lat' dir='ltr'>vero</span> <span class='ocrx_word' id='word_1_350' title='bbox 1677 2483 1908 2533; x_wconf 86' lang='lat' dir='ltr'>fortificat</span> <span class='ocrx_word' id='word_1_351' title='bbox 1944 2490 2000 2532; x_wconf 89' lang='lat' dir='ltr'>ut</span> <span class='ocrx_word' id='word_1_352' title='bbox 2034 2482 2216 2546; x_wconf 89' lang='lat' dir='ltr'>lumen,</span> <span class='ocrx_word' id='word_1_353' title='bbox 2252 2481 2347 2531; x_wconf 92' lang='lat' dir='ltr'>hoc</span> 
     </span>
     <span class='ocr_line' id='line_1_33' title="bbox 2 2553 1962 2621; baseline 0.001 -16"><span class='ocrx_word' id='word_1_354' title='bbox 2 2566 4 2571; x_wconf 69' lang='grc'><strong>“</strong></span> <span class='ocrx_word' id='word_1_355' title='bbox 89 2561 176 2619; x_wconf 81' lang='lat' dir='ltr'>cst,</span> <span class='ocrx_word' id='word_1_356' title='bbox 214 2562 270 2605; x_wconf 89' lang='lat' dir='ltr'>nt</span> <span class='ocrx_word' id='word_1_357' title='bbox 306 2570 447 2605; x_wconf 88' lang='lat' dir='ltr'>suam</span> <span class='ocrx_word' id='word_1_358' title='bbox 486 2556 677 2605; x_wconf 89' lang='lat' dir='ltr'>obtinet</span> <span class='ocrx_word' id='word_1_359' title='bbox 715 2553 1008 2606; x_wconf 88' lang='lat' dir='ltr'>densitatem</span> <span class='ocrx_word' id='word_1_360' title='bbox 1045 2562 1146 2606; x_wconf 90' lang='lat' dir='ltr'>tam</span> <span class='ocrx_word' id='word_1_361' title='bbox 1185 2559 1236 2605; x_wconf 90' lang='lat' dir='ltr'>in</span> <span class='ocrx_word' id='word_1_362' title='bbox 1274 2557 1476 2621; x_wconf 88' lang='lat' dir='ltr'>longum</span> <span class='ocrx_word' id='word_1_363' title='bbox 1515 2571 1664 2621; x_wconf 90' lang='lat' dir='ltr'>quam</span> <span class='ocrx_word' id='word_1_364' title='bbox 1699 2558 1752 2605; x_wconf 92' lang='lat' dir='ltr'>in</span> <span class='ocrx_word' id='word_1_365' title='bbox 1789 2557 1962 2606; x_wconf 91' lang='lat' dir='ltr'>latum.</span> 
     </span>
    </p>
   </div>
   <div class='ocr_carea' id='block_1_8' title="bbox 4 2629 2349 2989">
    <p class='ocr_par' dir='ltr' id='par_1_9' title="bbox 4 2629 2346 2694">
     <span class='ocr_line' id='line_1_34' title="bbox 4 2629 2346 2694; baseline -0.001 -16"><span class='ocrx_word' id='word_1_366' title='bbox 4 2683 6 2690; x_wconf 19' lang='lat' dir='ltr'>J</span> <span class='ocrx_word' id='word_1_367' title='bbox 234 2629 409 2693; x_wconf 77' lang='lat' dir='ltr'>Quare</span> <span class='ocrx_word' id='word_1_368' title='bbox 445 2630 637 2678; x_wconf 79' lang='lat' dir='ltr'>lumini</span> <span class='ocrx_word' id='word_1_369' title='bbox 671 2632 779 2677; x_wconf 87' lang='lat' dir='ltr'>vim</span> <span class='ocrx_word' id='word_1_370' title='bbox 812 2629 1128 2694; x_wconf 80' lang='lat' dir='ltr'>fortificandi</span> <span class='ocrx_word' id='word_1_371' title='bbox 1164 2645 1375 2679; x_wconf 85' lang='lat' dir='ltr'>causam</span> <span class='ocrx_word' id='word_1_372' title='bbox 1413 2633 1675 2680; x_wconf 81' lang='lat' dir='ltr'>motricem</span> <span class='ocrx_word' id='word_1_373' title='bbox 1711 2630 1896 2679; x_wconf 78' lang='lat' dir='ltr'>tribuis</span> <span class='ocrx_word' id='word_1_374' title='bbox 1918 2630 2123 2679; x_wconf 77' lang='lat' dir='ltr'>seorsim</span> <span class='ocrx_word' id='word_1_375' title='bbox 2145 2633 2194 2676; x_wconf 83' lang='lat' dir='ltr'>et</span> <span class='ocrx_word' id='word_1_376' title='bbox 2217 2630 2346 2676; x_wconf 85' lang='lat' dir='ltr'>citra</span> 
     </span>
    </p>

    <p class='ocr_par' dir='ltr' id='par_1_10' title="bbox 6 2702 2349 2989">
     <span class='ocr_line' id='line_1_35' title="bbox 86 2702 2349 2767; baseline -0 -17"><span class='ocrx_word' id='word_1_377' title='bbox 86 2709 362 2765; x_wconf 70' lang='lat' dir='ltr'>respectum</span> <span class='ocrx_word' id='word_1_378' title='bbox 400 2705 559 2750; x_wconf 83' lang='lat' dir='ltr'>rotati</span> <span class='ocrx_word' id='word_1_379' title='bbox 593 2705 676 2750; x_wconf 85' lang='lat' dir='ltr'>sui</span> <span class='ocrx_word' id='word_1_380' title='bbox 707 2703 907 2766; x_wconf 79' lang='lat' dir='ltr'>fontis?</span> <span class='ocrx_word' id='word_1_381' title='bbox 943 2702 1088 2766; x_wconf 82' lang='lat' dir='ltr'>Quia,</span> <span class='ocrx_word' id='word_1_382' title='bbox 1128 2709 1371 2767; x_wconf 88' lang='lat' dir='ltr'>quatenus</span> <span class='ocrx_word' id='word_1_383' title='bbox 1407 2705 1597 2767; x_wconf 86' lang='lat' dir='ltr'>species</span> <span class='ocrx_word' id='word_1_384' title='bbox 1635 2705 1783 2753; x_wconf 86' lang='lat' dir='ltr'>rotati</span> <span class='ocrx_word' id='word_1_385' title='bbox 1820 2704 1970 2752; x_wconf 80' lang='lat' dir='ltr'>fontis</span> <span class='ocrx_word' id='word_1_386' title='bbox 1995 2707 2178 2762; x_wconf 84' lang='lat' dir='ltr'>movet,</span> <span class='ocrx_word' id='word_1_387' title='bbox 2217 2715 2349 2749; x_wconf 85' lang='lat' dir='ltr'>sem-</span> 
     </span>
     <span class='ocr_line' id='line_1_36' title="bbox 6 2772 2349 2859; baseline -0.001 -35"><span class='ocrx_word' id='word_1_388' title='bbox 6 2772 10 2835; x_wconf 64' lang='lat'>}</span> <span class='ocrx_word' id='word_1_389' title='bbox 86 2788 173 2859; x_wconf 79' lang='lat' dir='ltr'>per</span> <span class='ocrx_word' id='word_1_390' title='bbox 208 2777 259 2824; x_wconf 91' lang='lat' dir='ltr'>in</span> <span class='ocrx_word' id='word_1_391' title='bbox 298 2775 649 2838; x_wconf 85' lang='lat' dir='ltr'>consequentia</span> <span class='ocrx_word' id='word_1_392' title='bbox 688 2772 868 2824; x_wconf 88' lang='lat' dir='ltr'>OCDL</span> <span class='ocrx_word' id='word_1_393' title='bbox 905 2784 1096 2838; x_wconf 87' lang='lat' dir='ltr'>movet,</span> <span class='ocrx_word' id='word_1_394' title='bbox 1149 2783 1199 2826; x_wconf 92' lang='lat' dir='ltr'>et</span> <span class='ocrx_word' id='word_1_395' title='bbox 1244 2776 1304 2826; x_wconf 92' lang='lat' dir='ltr'>de</span> <span class='ocrx_word' id='word_1_396' title='bbox 1343 2776 1439 2826; x_wconf 91' lang='lat' dir='ltr'>hoc</span> <span class='ocrx_word' id='word_1_397' title='bbox 1476 2778 1584 2841; x_wconf 77' lang='lat' dir='ltr'>eJus</span> <span class='ocrx_word' id='word_1_398' title='bbox 1623 2778 1801 2827; x_wconf 87' lang='lat' dir='ltr'>effectu</span> <span class='ocrx_word' id='word_1_399' title='bbox 1839 2778 1890 2824; x_wconf 92' lang='lat' dir='ltr'>in</span> <span class='ocrx_word' id='word_1_400' title='bbox 1927 2773 2172 2824; x_wconf 89' lang='lat' dir='ltr'>movenda</span> <span class='ocrx_word' id='word_1_401' title='bbox 2206 2772 2349 2823; x_wconf 92' lang='lat' dir='ltr'>Luna</span> 
     </span>
     <span class='ocr_line' id='line_1_37' title="bbox 6 2838 2349 2934; baseline -0.001 -36"><span class='ocrx_word' id='word_1_402' title='bbox 6 2838 11 2857; x_wconf 68' lang='grc'><strong>’</strong></span> <span class='ocrx_word' id='word_1_403' title='bbox 82 2846 186 2910; x_wconf 68' lang='lat' dir='ltr'>inm</span> <span class='ocrx_word' id='word_1_404' title='bbox 223 2855 300 2898; x_wconf 87' lang='lat' dir='ltr'>est</span> <span class='ocrx_word' id='word_1_405' title='bbox 337 2855 638 2897; x_wconf 88' lang='lat' dir='ltr'>transactum</span> <span class='ocrx_word' id='word_1_406' title='bbox 679 2849 728 2896; x_wconf 92' lang='lat' dir='ltr'>in</span> <span class='ocrx_word' id='word_1_407' title='bbox 766 2849 1004 2934; x_wconf 39' lang='lat' dir='ltr'>prin-cipio</span> <span class='ocrx_word' id='word_1_408' title='bbox 1043 2850 1190 2912; x_wconf 86' lang='lat' dir='ltr'>hujus</span> <span class='ocrx_word' id='word_1_409' title='bbox 1229 2849 1350 2913; x_wconf 85' lang='lat' dir='ltr'>loci3</span> <span class='ocrx_word' id='word_1_410' title='bbox 1389 2849 1514 2900; x_wconf 69' lang='lat' dir='ltr'>haec</span> <span class='ocrx_word' id='word_1_411' title='bbox 1552 2864 1668 2899; x_wconf 90' lang='lat' dir='ltr'>vero</span> <span class='ocrx_word' id='word_1_412' title='bbox 1706 2851 1784 2899; x_wconf 85' lang='lat' dir='ltr'>vis</span> <span class='ocrx_word' id='word_1_413' title='bbox 1819 2849 2018 2898; x_wconf 90' lang='lat' dir='ltr'>luminis</span> <span class='ocrx_word' id='word_1_414' title='bbox 2055 2846 2246 2912; x_wconf 82' lang='lat' dir='ltr'>proficit</span> <span class='ocrx_word' id='word_1_415' title='bbox 2283 2845 2349 2896; x_wconf 90' lang='lat' dir='ltr'>ad</span> 
     </span>
     <span class='ocr_line' id='line_1_38' title="bbox 8 2918 2348 2989; baseline -0 -19"><span class='ocrx_word' id='word_1_416' title='bbox 8 2933 13 2989; x_wconf 50' lang='grc' dir='ltr'>ζ</span> <span class='ocrx_word' id='word_1_417' title='bbox 87 2918 277 2971; x_wconf 80' lang='lat' dir='ltr'>Lunam</span> <span class='ocrx_word' id='word_1_418' title='bbox 323 2921 624 2980; x_wconf 89' lang='lat' dir='ltr'>incitandam</span> <span class='ocrx_word' id='word_1_419' title='bbox 673 2922 820 2971; x_wconf 86' lang='lat' dir='ltr'>etiam</span> <span class='ocrx_word' id='word_1_420' title='bbox 866 2923 916 2970; x_wconf 93' lang='lat' dir='ltr'>in</span> <span class='ocrx_word' id='word_1_421' title='bbox 969 2923 1309 2974; x_wconf 87' lang='lat' dir='ltr'>antecedentia</span> <span class='ocrx_word' id='word_1_422' title='bbox 1353 2922 1504 2973; x_wconf 86' lang='lat' dir='ltr'>MHN</span> <span class='ocrx_word' id='word_1_423' title='bbox 1548 2928 1775 2987; x_wconf 89' lang='lat' dir='ltr'>respectu</span> <span class='ocrx_word' id='word_1_424' title='bbox 1822 2923 1974 2971; x_wconf 90' lang='lat' dir='ltr'>centri</span> <span class='ocrx_word' id='word_1_425' title='bbox 2023 2920 2180 2983; x_wconf 84' lang='lat' dir='ltr'>Solis,</span> <span class='ocrx_word' id='word_1_426' title='bbox 2232 2925 2348 2969; x_wconf 88' lang='lat' dir='ltr'>tunc</span> 
     </span>
    </p>
   </div>
   <div class='ocr_carea' id='block_1_9' title="bbox 10 2993 2346 3133">
    <p class='ocr_par' dir='ltr' id='par_1_11' title="bbox 10 2993 2346 3133">
     <span class='ocr_line' id='line_1_39' title="bbox 10 2993 2346 3059; baseline -0.001 -16"><span class='ocrx_word' id='word_1_427' title='bbox 10 3031 12 3035; x_wconf 27' lang='lat' dir='ltr'>v</span> <span class='ocrx_word' id='word_1_428' title='bbox 86 2993 298 3057; x_wconf 78' lang='lat' dir='ltr'>seilicet,</span> <span class='ocrx_word' id='word_1_429' title='bbox 346 3009 456 3044; x_wconf 90' lang='lat' dir='ltr'>cum</span> <span class='ocrx_word' id='word_1_430' title='bbox 502 2994 591 3043; x_wconf 90' lang='lat' dir='ltr'>illa</span> <span class='ocrx_word' id='word_1_431' title='bbox 637 2994 781 3043; x_wconf 90' lang='lat' dir='ltr'>nobis</span> <span class='ocrx_word' id='word_1_432' title='bbox 833 3002 1040 3059; x_wconf 87' lang='lat' dir='ltr'>apparet</span> <span class='ocrx_word' id='word_1_433' title='bbox 1086 2996 1271 3045; x_wconf 90' lang='lat' dir='ltr'>lumine</span> <span class='ocrx_word' id='word_1_434' title='bbox 1314 3010 1476 3046; x_wconf 86' lang='lat' dir='ltr'>vacua</span> <span class='ocrx_word' id='word_1_435' title='bbox 1523 3011 1610 3045; x_wconf 90' lang='lat' dir='ltr'>seu</span> <span class='ocrx_word' id='word_1_436' title='bbox 1649 2994 1756 3045; x_wconf 87' lang='lat' dir='ltr'>Soli</span> <span class='ocrx_word' id='word_1_437' title='bbox 1786 2995 1974 3057; x_wconf 90' lang='lat' dir='ltr'>juncta.</span> <span class='ocrx_word' id='word_1_438' title='bbox 2049 2993 2159 3043; x_wconf 90' lang='lat' dir='ltr'>Non</span> <span class='ocrx_word' id='word_1_439' title='bbox 2198 2994 2346 3058; x_wconf 88' lang='lat' dir='ltr'>igitur</span> 
     </span>
     <span class='ocr_line' id='line_1_40' title="bbox 11 3063 2190 3133; baseline 0.002 -21"><span class='ocrx_word' id='word_1_440' title='bbox 11 3103 13 3112; x_wconf 70' lang='grc'>,</span> <span class='ocrx_word' id='word_1_441' title='bbox 85 3063 248 3118; x_wconf 84' lang='lat' dir='ltr'>lumen</span> <span class='ocrx_word' id='word_1_442' title='bbox 286 3082 339 3117; x_wconf 90' lang='lat' dir='ltr'>se</span> <span class='ocrx_word' id='word_1_443' title='bbox 375 3069 485 3131; x_wconf 89' lang='lat' dir='ltr'>ipso</span> <span class='ocrx_word' id='word_1_444' title='bbox 525 3067 753 3118; x_wconf 89' lang='lat' dir='ltr'>conciliat</span> <span class='ocrx_word' id='word_1_445' title='bbox 792 3070 946 3117; x_wconf 89' lang='lat' dir='ltr'>motui</span> <span class='ocrx_word' id='word_1_446' title='bbox 982 3069 1194 3133; x_wconf 88' lang='lat' dir='ltr'>plagam,</span> <span class='ocrx_word' id='word_1_447' title='bbox 1235 3069 1323 3118; x_wconf 90' lang='lat' dir='ltr'>sed</span> <span class='ocrx_word' id='word_1_448' title='bbox 1358 3083 1445 3132; x_wconf 89' lang='lat' dir='ltr'>per</span> <span class='ocrx_word' id='word_1_449' title='bbox 1483 3070 1698 3131; x_wconf 90' lang='lat' dir='ltr'>speciem</span> <span class='ocrx_word' id='word_1_450' title='bbox 1733 3067 1885 3117; x_wconf 89' lang='lat' dir='ltr'>MHN</span> <span class='ocrx_word' id='word_1_451' title='bbox 1923 3068 2190 3117; x_wconf 87' lang='lat' dir='ltr'>incitatam.</span> 
     </span>
    </p>
   </div>
   <div class='ocr_carea' id='block_1_10' title="bbox 14 3139 2346 3935">
    <p class='ocr_par' dir='ltr' id='par_1_12' title="bbox 14 3139 2346 3935">
     <span class='ocr_line' id='line_1_41' title="bbox 232 3139 2346 3203; baseline -0 -13"><span class='ocrx_word' id='word_1_452' title='bbox 232 3140 290 3191; x_wconf 79' lang='lat' dir='ltr'>Si</span> <span class='ocrx_word' id='word_1_453' title='bbox 324 3140 447 3189; x_wconf 81' lang='lat' dir='ltr'>haec</span> <span class='ocrx_word' id='word_1_454' title='bbox 482 3144 559 3190; x_wconf 78' lang='lat' dir='ltr'>vis</span> <span class='ocrx_word' id='word_1_455' title='bbox 595 3144 725 3190; x_wconf 76' lang='lat' dir='ltr'>inest</span> <span class='ocrx_word' id='word_1_456' title='bbox 762 3140 967 3202; x_wconf 82' lang='lat' dir='ltr'>lumini,</span> <span class='ocrx_word' id='word_1_457' title='bbox 1006 3144 1176 3196; x_wconf 81' lang='lat' dir='ltr'>maior</span> <span class='ocrx_word' id='word_1_458' title='bbox 1212 3144 1368 3190; x_wconf 81' lang='lat' dir='ltr'>inerit</span> <span class='ocrx_word' id='word_1_459' title='bbox 1401 3141 1623 3191; x_wconf 79' lang='lat' dir='ltr'>densiori</span> <span class='ocrx_word' id='word_1_460' title='bbox 1658 3143 1796 3190; x_wconf 87' lang='lat' dir='ltr'>circa</span> <span class='ocrx_word' id='word_1_461' title='bbox 1824 3139 1937 3203; x_wconf 77' lang='lat' dir='ltr'>GH,</span> <span class='ocrx_word' id='word_1_462' title='bbox 1975 3146 2149 3203; x_wconf 79' lang='lat' dir='ltr'>utpote</span> <span class='ocrx_word' id='word_1_463' title='bbox 2183 3142 2241 3188; x_wconf 82' lang='lat' dir='ltr'>in</span> <span class='ocrx_word' id='word_1_464' title='bbox 2264 3143 2346 3189; x_wconf 84' lang='lat' dir='ltr'>vi-</span> 
     </span>
     <span class='ocr_line' id='line_1_42' title="bbox 14 3212 2346 3277; baseline -0 -14"><span class='ocrx_word' id='word_1_465' title='bbox 14 3257 16 3263; x_wconf 93' lang='lat'>.</span> <span class='ocrx_word' id='word_1_466' title='bbox 88 3214 226 3263; x_wconf 71' lang='lat' dir='ltr'>einia</span> <span class='ocrx_word' id='word_1_467' title='bbox 264 3213 419 3273; x_wconf 81' lang='lat' dir='ltr'>Solis,</span> <span class='ocrx_word' id='word_1_468' title='bbox 458 3217 631 3264; x_wconf 78' lang='lat' dir='ltr'>minor</span> <span class='ocrx_word' id='word_1_469' title='bbox 665 3215 940 3275; x_wconf 75' lang='lat' dir='ltr'>sparsior-i,</span> <span class='ocrx_word' id='word_1_470' title='bbox 990 3216 1127 3263; x_wconf 84' lang='lat' dir='ltr'>circa</span> <span class='ocrx_word' id='word_1_471' title='bbox 1159 3215 1372 3277; x_wconf 78' lang='lat' dir='ltr'>plenam</span> <span class='ocrx_word' id='word_1_472' title='bbox 1413 3213 1620 3262; x_wconf 71' lang='lat' dir='ltr'>Lunam</span> <span class='ocrx_word' id='word_1_473' title='bbox 1655 3217 1713 3262; x_wconf 86' lang='lat' dir='ltr'>in</span> <span class='ocrx_word' id='word_1_474' title='bbox 1755 3212 1874 3277; x_wconf 77' lang='lat' dir='ltr'>OD,</span> <span class='ocrx_word' id='word_1_475' title='bbox 1915 3228 2032 3263; x_wconf 83' lang='lat' dir='ltr'>cum</span> <span class='ocrx_word' id='word_1_476' title='bbox 2068 3214 2161 3264; x_wconf 85' lang='lat' dir='ltr'>illa</span> <span class='ocrx_word' id='word_1_477' title='bbox 2196 3215 2346 3263; x_wconf 78' lang='lat' dir='ltr'>trice·-</span> 
     </span>
     <span class='ocr_line' id='line_1_43' title="bbox 89 3286 2344 3350; baseline 0 -16"><span class='ocrx_word' id='word_1_478' title='bbox 89 3286 220 3335; x_wconf 73' lang='lat' dir='ltr'>n‘ma</span> <span class='ocrx_word' id='word_1_479' title='bbox 265 3292 415 3349; x_wconf 77' lang='lat' dir='ltr'>parte</span> <span class='ocrx_word' id='word_1_480' title='bbox 467 3288 731 3336; x_wconf 80' lang='lat' dir='ltr'>intervalli</span> <span class='ocrx_word' id='word_1_481' title='bbox 767 3290 1008 3338; x_wconf 80' lang='lat' dir='ltr'>remotior</span> <span class='ocrx_word' id='word_1_482' title='bbox 1051 3293 1121 3335; x_wconf 82' lang='lat' dir='ltr'>est</span> <span class='ocrx_word' id='word_1_483' title='bbox 1157 3303 1191 3336; x_wconf 88' lang='lat' dir='ltr'>a</span> <span class='ocrx_word' id='word_1_484' title='bbox 1230 3287 1373 3336; x_wconf 81' lang='lat' dir='ltr'>Sole.-</span> <span class='ocrx_word' id='word_1_485' title='bbox 1421 3287 1628 3336; x_wconf 83' lang='lat' dir='ltr'>celerior</span> <span class='ocrx_word' id='word_1_486' title='bbox 1674 3288 1835 3350; x_wconf 73' lang='lat' dir='ltr'>iyitur</span> <span class='ocrx_word' id='word_1_487' title='bbox 1880 3289 1977 3336; x_wconf 82' lang='lat' dir='ltr'>erit</span> <span class='ocrx_word' id='word_1_488' title='bbox 2011 3301 2150 3338; x_wconf 82' lang='lat' dir='ltr'>nova</span> <span class='ocrx_word' id='word_1_489' title='bbox 2186 3302 2344 3350; x_wconf 81' lang='lat' dir='ltr'>quam</span> 
     </span>
     <span class='ocr_line' id='line_1_44' title="bbox 88 3357 2345 3424; baseline -0 -16"><span class='ocrx_word' id='word_1_490' title='bbox 88 3357 271 3419; x_wconf 78' lang='lat' dir='ltr'>plena,</span> <span class='ocrx_word' id='word_1_491' title='bbox 323 3363 494 3409; x_wconf 80' lang='lat' dir='ltr'>ceteris</span> <span class='ocrx_word' id='word_1_492' title='bbox 537 3362 773 3423; x_wconf 70' lang='lat' dir='ltr'>paribus.</span> <span class='ocrx_word' id='word_1_493' title='bbox 850 3360 1148 3423; x_wconf 89' lang='lat' dir='ltr'>Compensat</span> <span class='ocrx_word' id='word_1_494' title='bbox 1185 3359 1488 3409; x_wconf 87' lang='lat' dir='ltr'>debilitatem</span> <span class='ocrx_word' id='word_1_495' title='bbox 1525 3359 1722 3409; x_wconf 89' lang='lat' dir='ltr'>luminis</span> <span class='ocrx_word' id='word_1_496' title='bbox 1760 3359 1847 3408; x_wconf 88' lang='lat' dir='ltr'>CD</span> <span class='ocrx_word' id='word_1_497' title='bbox 1885 3359 2144 3423; x_wconf 76' lang='lat' dir='ltr'>perfectior</span> <span class='ocrx_word' id='word_1_498' title='bbox 2179 3360 2345 3424; x_wconf 88' lang='lat' dir='ltr'>appli-</span> 
     </span>
     <span class='ocr_line' id='line_1_45' title="bbox 18 3430 2345 3497; baseline 0 -17"><span class='ocrx_word' id='word_1_499' title='bbox 18 3450 19 3455; x_wconf 59' lang='grc'>’</span> <span class='ocrx_word' id='word_1_500' title='bbox 91 3432 246 3493; x_wconf 71' lang='lat' dir='ltr'>catio,</span> <span class='ocrx_word' id='word_1_501' title='bbox 293 3433 473 3496; x_wconf 89' lang='lat' dir='ltr'>quippe</span> <span class='ocrx_word' id='word_1_502' title='bbox 512 3435 742 3483; x_wconf 86' lang='lat' dir='ltr'>cavitatis</span> <span class='ocrx_word' id='word_1_503' title='bbox 781 3431 868 3481; x_wconf 91' lang='lat' dir='ltr'>CD</span> <span class='ocrx_word' id='word_1_504' title='bbox 919 3433 1154 3497; x_wconf 89' lang='lat' dir='ltr'>planioris</span> <span class='ocrx_word' id='word_1_505' title='bbox 1203 3446 1350 3495; x_wconf 88' lang='lat' dir='ltr'>quam</span> <span class='ocrx_word' id='word_1_506' title='bbox 1389 3430 1501 3480; x_wconf 87' lang='lat' dir='ltr'>GH.</span> <span class='ocrx_word' id='word_1_507' title='bbox 1596 3433 1719 3483; x_wconf 90' lang='lat' dir='ltr'>Cum</span> <span class='ocrx_word' id='word_1_508' title='bbox 1757 3435 1904 3496; x_wconf 88' lang='lat' dir='ltr'>igitur</span> <span class='ocrx_word' id='word_1_509' title='bbox 1941 3432 2219 3483; x_wconf 79' lang='lat' dir='ltr'>fortificatio</span> <span class='ocrx_word' id='word_1_510' title='bbox 2258 3433 2345 3482; x_wconf 89' lang='lat' dir='ltr'>fiat</span> 
     </span>
     <span class='ocr_line' id='line_1_46' title="bbox 90 3504 2341 3571; baseline 0.001 -19"><span class='ocrx_word' id='word_1_511' title='bbox 90 3515 176 3565; x_wconf 81' lang='lat' dir='ltr'>per</span> <span class='ocrx_word' id='word_1_512' title='bbox 212 3504 590 3568; x_wconf 82' lang='lat' dir='ltr'>applicationem</span> <span class='ocrx_word' id='word_1_513' title='bbox 629 3507 925 3571; x_wconf 87' lang='lat' dir='ltr'>specierum,</span> <span class='ocrx_word' id='word_1_514' title='bbox 966 3507 1015 3553; x_wconf 92' lang='lat' dir='ltr'>in</span> <span class='ocrx_word' id='word_1_515' title='bbox 1052 3505 1200 3568; x_wconf 89' lang='lat' dir='ltr'>plena</span> <span class='ocrx_word' id='word_1_516' title='bbox 1225 3504 1368 3554; x_wconf 89' lang='lat' dir='ltr'>Luna</span> <span class='ocrx_word' id='word_1_517' title='bbox 1404 3506 1617 3569; x_wconf 88' lang='lat' dir='ltr'>sparsior</span> <span class='ocrx_word' id='word_1_518' title='bbox 1651 3506 1752 3568; x_wconf 84' lang='lat' dir='ltr'>lux,</span> <span class='ocrx_word' id='word_1_519' title='bbox 1792 3506 2042 3571; x_wconf 90' lang='lat' dir='ltr'>applicata</span> <span class='ocrx_word' id='word_1_520' title='bbox 2065 3507 2341 3571; x_wconf 81' lang='lat' dir='ltr'>perfectius,</span> 
     </span>
     <span class='ocr_line' id='line_1_47' title="bbox 20 3575 2341 3645; baseline 0.001 -21"><span class='ocrx_word' id='word_1_521' title='bbox 20 3577 22 3589; x_wconf 73' lang='lat'><em>¹</em></span> <span class='ocrx_word' id='word_1_522' title='bbox 90 3576 372 3626; x_wconf 76' lang='lat' dir='ltr'>tantundem</span> <span class='ocrx_word' id='word_1_523' title='bbox 406 3586 638 3642; x_wconf 83' lang='lat' dir='ltr'>praestat,</span> <span class='ocrx_word' id='word_1_524' title='bbox 680 3585 915 3643; x_wconf 86' lang='lat' dir='ltr'>quantum</span> <span class='ocrx_word' id='word_1_525' title='bbox 953 3580 1002 3626; x_wconf 90' lang='lat' dir='ltr'>in</span> <span class='ocrx_word' id='word_1_526' title='bbox 1029 3577 1203 3645; x_wconf 82' lang='lat' dir='ltr'>silente</span> <span class='ocrx_word' id='word_1_527' title='bbox 1230 3575 1440 3639; x_wconf 81' lang='lat' dir='ltr'>densior,</span> <span class='ocrx_word' id='word_1_528' title='bbox 1479 3578 1725 3642; x_wconf 86' lang='lat' dir='ltr'>applicata</span> <span class='ocrx_word' id='word_1_529' title='bbox 1750 3580 2094 3644; x_wconf 83' lang='lat' dir='ltr'>imperfectius.</span> <span class='ocrx_word' id='word_1_530' title='bbox 2156 3579 2341 3628; x_wconf 86' lang='lat' dir='ltr'>Eadem</span> 
     </span>
     <span class='ocr_line' id='line_1_48' title="bbox 90 3649 2340 3719; baseline 0.001 -22"><span class='ocrx_word' id='word_1_531' title='bbox 90 3653 253 3698; x_wconf 68' lang='lat' dir='ltr'>antem</span> <span class='ocrx_word' id='word_1_532' title='bbox 290 3656 403 3700; x_wconf 84' lang='lat' dir='ltr'>sunt</span> <span class='ocrx_word' id='word_1_533' title='bbox 437 3652 697 3702; x_wconf 82' lang='lat' dir='ltr'>intervalla</span> <span class='ocrx_word' id='word_1_534' title='bbox 734 3652 904 3702; x_wconf 88' lang='lat' dir='ltr'>Lunae</span> <span class='ocrx_word' id='word_1_535' title='bbox 944 3658 993 3701; x_wconf 90' lang='lat' dir='ltr'>et</span> <span class='ocrx_word' id='word_1_536' title='bbox 1029 3649 1190 3711; x_wconf 83' lang='lat' dir='ltr'>Solis,</span> <span class='ocrx_word' id='word_1_537' title='bbox 1241 3656 1290 3699; x_wconf 88' lang='lat' dir='ltr'>et</span> <span class='ocrx_word' id='word_1_538' title='bbox 1327 3664 1453 3713; x_wconf 88' lang='lat' dir='ltr'>quae</span> <span class='ocrx_word' id='word_1_539' title='bbox 1491 3650 1589 3702; x_wconf 90' lang='lat' dir='ltr'>luci</span> <span class='ocrx_word' id='word_1_540' title='bbox 1630 3651 1953 3719; x_wconf 86' lang='lat' dir='ltr'>densitatem,</span> <span class='ocrx_word' id='word_1_541' title='bbox 1992 3658 2041 3703; x_wconf 90' lang='lat' dir='ltr'>et</span> <span class='ocrx_word' id='word_1_542' title='bbox 2078 3665 2205 3716; x_wconf 88' lang='lat' dir='ltr'>quae</span> <span class='ocrx_word' id='word_1_543' title='bbox 2245 3654 2340 3700; x_wconf 89' lang='lat' dir='ltr'>cir-</span> 
     </span>
     <span class='ocr_line' id='line_1_49' title="bbox 24 3691 2338 3790; baseline 0.001 -23"><span class='ocrx_word' id='word_1_544' title='bbox 24 3755 26 3762; x_wconf 44' lang='lat'>&gt;</span> <span class='ocrx_word' id='word_1_545' title='bbox 92 3718 214 3768; x_wconf 75' lang='lat' dir='ltr'>culis</span> <span class='ocrx_word' id='word_1_546' title='bbox 252 3721 364 3784; x_wconf 83' lang='lat' dir='ltr'>OD,</span> <span class='ocrx_word' id='word_1_547' title='bbox 404 3721 502 3774; x_wconf 83' lang='lat' dir='ltr'>GH</span> <span class='ocrx_word' id='word_1_548' title='bbox 547 3727 837 3776; x_wconf 85' lang='lat' dir='ltr'>curvitatem</span> <span class='ocrx_word' id='word_1_549' title='bbox 886 3724 1216 3774; x_wconf 89' lang='lat' dir='ltr'>admetiuntur</span> <span class='ocrx_word' id='word_1_550' title='bbox 1254 3736 1419 3786; x_wconf 82' lang='lat' dir='ltr'>suam3</span> <span class='ocrx_word' id='word_1_551' title='bbox 1471 3739 1622 3789; x_wconf 89' lang='lat' dir='ltr'>quare</span> <span class='ocrx_word' id='word_1_552' title='bbox 1659 3726 1876 3790; x_wconf 80' lang='lat' dir='ltr'>perfecta</span> <span class='ocrx_word' id='word_1_553' title='bbox 1912 3691 1968 3775; x_wconf 77' lang='lat' dir='ltr'>fi’t</span> <span class='ocrx_word' id='word_1_554' title='bbox 2005 3724 2338 3788; x_wconf 86' lang='lat' dir='ltr'>compensatio</span> 
     </span>
     <span class='ocr_line' id='line_1_50' title="bbox 25 3789 2336 3865; baseline 0.002 -26"><span class='ocrx_word' id='word_1_555' title='bbox 25 3835 29 3865; x_wconf 58' lang='grc'>,</span> <span class='ocrx_word' id='word_1_556' title='bbox 94 3789 345 3843; x_wconf 62' lang='lat' dir='ltr'>denuntia</span> <span class='ocrx_word' id='word_1_557' title='bbox 391 3796 441 3850; x_wconf 81' lang='lat' dir='ltr'>in</span> <span class='ocrx_word' id='word_1_558' title='bbox 487 3796 687 3861; x_wconf 88' lang='lat' dir='ltr'>longum</span> <span class='ocrx_word' id='word_1_559' title='bbox 739 3813 826 3862; x_wconf 89' lang='lat' dir='ltr'>per</span> <span class='ocrx_word' id='word_1_560' title='bbox 872 3798 1139 3847; x_wconf 83' lang='lat' dir='ltr'>curvitates</span> <span class='ocrx_word' id='word_1_561' title='bbox 1191 3794 1307 3857; x_wconf 88' lang='lat' dir='ltr'>CD,</span> <span class='ocrx_word' id='word_1_562' title='bbox 1354 3795 1464 3847; x_wconf 80' lang='lat' dir='ltr'>GH.</span> <span class='ocrx_word' id='word_1_563' title='bbox 1542 3797 1760 3850; x_wconf 87' lang='lat' dir='ltr'>Alteram</span> <span class='ocrx_word' id='word_1_564' title='bbox 1809 3813 1923 3849; x_wconf 87' lang='lat' dir='ltr'>vero</span> <span class='ocrx_word' id='word_1_565' title='bbox 1975 3798 2110 3847; x_wconf 90' lang='lat' dir='ltr'>illam</span> <span class='ocrx_word' id='word_1_566' title='bbox 2150 3802 2336 3861; x_wconf 87' lang='lat' dir='ltr'>partem</span> 
     </span>
     <span class='ocr_line' id='line_1_51' title="bbox 26 3861 2338 3935; baseline 0.002 -22"><span class='ocrx_word' id='word_1_567' title='bbox 26 3894 29 3901; x_wconf 90' lang='lat'><em>·</em></span> <span class='ocrx_word' id='word_1_568' title='bbox 93 3861 293 3915; x_wconf 69' lang='lat' dir='ltr'>effectu·</span> <span class='ocrx_word' id='word_1_569' title='bbox 333 3864 525 3920; x_wconf 83' lang='lat' dir='ltr'>luminis</span> <span class='ocrx_word' id='word_1_570' title='bbox 575 3879 751 3935; x_wconf 87' lang='lat' dir='ltr'>pensat</span> <span class='ocrx_word' id='word_1_571' title='bbox 797 3870 951 3922; x_wconf 86' lang='lat' dir='ltr'>altera</span> <span class='ocrx_word' id='word_1_572' title='bbox 997 3869 1257 3919; x_wconf 85' lang='lat' dir='ltr'>diversitas</span> <span class='ocrx_word' id='word_1_573' title='bbox 1301 3865 1658 3934; x_wconf 87' lang='lat' dir='ltr'>applicationis.</span> <span class='ocrx_word' id='word_1_574' title='bbox 1748 3872 1875 3922; x_wconf 89' lang='lat' dir='ltr'>Nam</span> <span class='ocrx_word' id='word_1_575' title='bbox 1925 3874 2018 3921; x_wconf 85' lang='lat' dir='ltr'>etsi</span> <span class='ocrx_word' id='word_1_576' title='bbox 2067 3869 2338 3933; x_wconf 87' lang='lat' dir='ltr'>aequaliter</span> 
     </span>
    </p>
   </div>
  </div>
 </body>
</html>
