2554 4140
872 121 1010 168 Liber
1040 122 1252 179 Quartus.
1315 121 1556 167 Praefatio.
2239 130 2342 178 305

91 288 351 336 eorumque
389 285 589 320 numero
617 269 921 333 exaedificat,
960 273 1059 335 qui,
1094 272 1308 335 inquam,
1349 285 1465 319 suos
1492 269 1757 334 discipulos
1786 271 1849 320 ad
1874 278 2179 322 astronomos
2205 274 2345 323 able-

87 355 184 412 gat,
225 349 307 410 qui
345 345 637 394 astronomis
676 346 940 393 testimonii
977 344 1170 408 pondus
1199 344 1612 393 etauctoritatem
1638 343 1802 406 defert,
1843 360 2090 408 nunquam
2117 346 2340 409 equidem

86 435 242 483 neque
279 417 564 482 Tychonem
602 416 790 476 Brahe,
830 433 991 480 neque
1030 419 1179 467 etiam
1216 431 1294 466 me
1331 415 1700 479 repudiaturuS,
1740 419 1781 464 si
1820 417 1986 467 fatalis
2026 419 2110 468 illa
2147 419 2343 468 seculo·
2394 477 2399 481 ι

86 509 193 542 rum
240 492 507 540 necessitas
559 489 847 551 coujunctos
899 505 988 539 nos
1035 490 1268 539 dedisset.
1343 487 1500 538 Jubet
1538 491 1666 538 enim
1705 492 1979 551 percontari
2020 507 2080 540 ex
2118 500 2340 555 utroque,

84 573 185 615 tam
222 579 282 613 ex
318 562 549 622 EudoxO,
590 576 737 624 quam
776 577 834 611 ex
872 562 1106 626 Calippo,
1148 576 1355 625 quorum
1392 561 1515 610 alter
1553 561 1758 611 alterum
1799 573 2087 626 correxerat,
2127 565 2175 613 id
2216 572 2345 615 esset
2427 597 2431 599 »

85 637 230 687 hodie
267 642 366 684 tam
405 651 464 684 ex
501 634 788 684 Ptolemaeo
829 650 977 698 quam
1017 651 1076 685 ex
1114 635 1376 700 Tychone3
1426 635 1567 697 sequi
1612 649 1729 683 vero
1769 649 1864 683 non
1906 638 2063 698 inquit
2102 633 2344 687 vetustio-

82 725 182 771 ωε,
244 708 330 758 sed
378 708 723 758 accuratiores,
810 708 987 772 ltaque
1036 710 1078 758 si
1125 707 1416 757 Aristoteles
1463 707 1679 770 Principi
1724 709 2021 770 aequissimo
2073 710 2204 758 cordi
2255 717 2342 772 est,

83 781 398 832 Aristotelem
435 795 527 844 ego
566 786 739 830 testem
778 783 929 843 sisto,
981 781 1103 830 nihil
1142 782 1235 829 sibi
1273 782 1455 830 factum
1493 781 1727 843 injuriae,
1767 782 1808 828 si
1847 786 2154 830 astronomus
2193 798 2343 847 argu-

83 856 257 905 mentis
303 856 363 903 iis
412 869 552 915 usuS,
607 869 734 917 quae
782 856 1020 903 recentior
1069 860 1206 903 aetas
1248 853 1307 903 de
1347 851 1485 902 coelo
1514 853 1748 917 protulit,
1801 859 1931 902 ortas
1969 856 2019 902 in
2055 855 2163 917 ipso
2205 857 2343 905 coelo

84 934 330 979 creaturas
371 934 787 990 vanescentesque
826 942 989 976 rursus
1028 925 1290 988 indicavit,
1332 932 1509 978 contra,
1540 941 1686 989 quam
1726 925 1798 973 illi
1835 929 2012 988 visum,
2052 929 2232 991 quippe
2262 931 2344 991 qui

85 1003 438 1065 experientiam
475 1000 672 1063 quidem
710 1000 973 1063 allegabat,
1014 999 1101 1049 sed
1139 1015 1247 1048 eam
1284 1013 1381 1048 non
1421 1001 1539 1048 satis
1578 999 1789 1063 longam.

230 1073 374 1136 Quod
411 1073 689 1123 academias
727 1075 917 1130 attinet,
955 1079 1068 1121 sunt
1108 1072 1221 1121 illae
1259 1071 1562 1121 introductae
1590 1072 1652 1121 ad
1679 1071 1933 1121 formanda
1959 1072 2122 1123 studia
2148 1073 2343 1121 discen-

84 1150 219 1206 tium,
263 1154 312 1195 et
348 1149 563 1208 interest,
603 1147 739 1209 leges
779 1145 983 1194 docendi
1021 1160 1119 1193 non
1158 1146 1325 1194 crebro
1365 1139 1572 1194 mutari:
1613 1146 1711 1207 ubi,
1755 1147 1871 1208 quia
1909 1144 1968 1193 de
1993 1146 2212 1208 profectu
2241 1146 2343 1194 dis-

38 1271 51 1288 ,
85 1222 297 1270 centium
332 1222 506 1283 agitur,
546 1220 822 1282 frequenter
858 1220 927 1279 fit,
966 1225 1020 1267 ut
1058 1221 1154 1266 sint
1191 1217 1435 1282 eligenda,
1475 1232 1572 1268 non
1612 1233 1738 1282 quae
1775 1220 2045 1279 verissima,
2087 1219 2172 1268 sed
2203 1234 2340 1282 quae

83 1293 332 1345 facillima.
407 1291 516 1355 Quo
556 1291 616 1341 de
652 1307 812 1341 rerum
851 1291 1125 1340 discrimine
1163 1297 1220 1340 ut
1257 1292 1395 1340 varia
1432 1297 1546 1340 sunt
1585 1293 1829 1341 variorum
1862 1291 2074 1354 judicia,
2116 1295 2184 1340 ita
2223 1307 2342 1341 con-

82 1368 227 1430 tingit
272 1367 441 1427 etiam,
492 1364 730 1428 quosdam
780 1372 971 1428 praeter
1010 1366 1288 1428 opinionem
1327 1379 1467 1413 suam
1505 1379 1682 1415 errare.
1756 1364 1880 1413 Mihi
1921 1365 2117 1428 quidem
2157 1367 2338 1415 veritas

81 1438 141 1488 de
177 1444 353 1488 natura
391 1438 514 1488 coeli
550 1437 774 1487 mutabili
815 1437 1067 1487 commode
1106 1437 1269 1487 doceri
1303 1451 1447 1502 posse
1474 1437 1697 1500 videtur3
1737 1438 1863 1487 alius
1896 1437 2102 1500 judicat,
2141 1445 2335 1503 pertur-

82 1513 185 1561 bari
233 1512 328 1561 hoc
377 1511 604 1575 dogmate
657 1510 898 1561 discentes
946 1526 1102 1574 aeque
1140 1517 1290 1574 atque
1329 1510 1575 1561 docentes
1653 1510 1751 1561 Sed
1789 1525 1879 1560 nec
1915 1526 2009 1560 usu
2048 1525 2138 1560 suo
2180 1518 2326 1572 caret,

81 1585 313 1649 explicari
365 1585 424 1634 de
474 1585 789 1649 philosophia
826 1584 1300 1634 Aristotelis.etiam
1347 1583 1458 1633 illas
1503 1590 1709 1647 parteS,·
1747 1598 1874 1648 quae
1922 1590 2035 1633 sunt
2071 1586 2330 1634 manifeste

82 1658 250 1720 falsae,
290 1664 344 1707 ut
380 1664 493 1707 sunt
530 1658 616 1707 illa
651 1658 736 1706 lib.
777 1657 916 1707 VIII.
956 1657 1277 1722 Physicorum
1317 1656 1376 1706 de
1414 1663 1552 1706 motu
1590 1663 1647 1725 et·
1674 1657 1759 1709 lib.
1799 1657 1866 1708 ΙΙ.
1909 1657 2233 1719 Coclestium,
2276 1657 2334 1707 de

85 1731 206 1781 coeli
245 1733 399 1795 ipsius
437 1733 745 1781 aeternitate:
799 1736 854 1779 ut
890 1746 955 1781 sc.
996 1732 1186 1780 institui
1222 1732 1381 1794 possit
1419 1730 1619 1780 collatio
1658 1733 1781 1780 inter
1816 1730 2178 1796 philosophiam
2217 1746 2341 1794 gen-

0 1829 1 1837 *
85 1804 246 1854 tilium
282 1812 332 1854 et
369 1807 623 1854 veritatem
663 1804 969 1853 Christianae
1009 1803 1272 1854 doctrinae.
1348 1804 1458 1852 Non
1496 1805 1658 1866 igitur,
1702 1805 1744 1853 si
1782 1804 1985 1853 subtilia
2021 1805 2258 1853 nonnulla
2297 1810 2344 1853 et

89 1886 235 1942 captu
282 1877 498 1926 difficilia
534 1879 742 1941 proponi
791 1891 887 1925 non
929 1877 1108 1926 debent
1146 1873 1518 1940 incipientibus,
1573 1882 1660 1926 aut
1696 1879 1739 1926 si
1774 1891 1870 1926 non
1909 1877 2225 1940 praeferenda
2263 1891 2343 1927 re·-

0 1947 5 1999 l
88 1947 244 2014 ceptis
281 1958 330 2000 et
365 1952 679 2011 necessariis,
731 1949 819 1999 illa
870 1957 1130 2014 propterea
1166 1965 1326 2013 neque
1366 1951 1511 1998 scribi
1547 1964 1705 2013 neque
1744 1952 1973 2013 privatim
2011 1950 2107 2014 legi
2148 1951 2340 2000 debent.

0 2058 1 2090 3
86 2023 278 2074 Paucas
317 2023 592 2074 academias
630 2024 924 2084 numerabiS,
967 2026 1015 2071 in
1055 2024 1233 2086 quibus
1270 2023 1378 2086 lege
1416 2030 1663 2087 receptum
1698 2025 1776 2084 sit,
1818 2023 2048 2086 explicari
2075 2023 2342 2087 Metaphy-

0 2096 1 2102 ’
87 2098 238 2146 sicam
281 2098 583 2146 Aristotelis:
637 2099 829 2160 scripsit
865 2103 1030 2147 tamen
1084 2103 1132 2146 et
1169 2096 1562 2160 Metaphy'sicam
1601 2092 1894 2147 Aristoteles
1945 2111 2153 2160 eamque
2202 2097 2342 2159 judi—

88 2171 225 2219 cibus
263 2173 478 2219 omnium
516 2170 806 2225 facultatum
846 2170 1125 2220 doctoribus
1163 2170 1486 2219 utilissimam.
1561 2169 1657 2219 Hic
1694 2171 1864 2232 igitur,
1916 2175 1971 2218 ut
2014 2184 2156 2219 nemo
2197 2170 2344 2219 Sere-

86 2245 285 2292 nissimo
323 2245 443 2293 vitio
483 2250 660 2302 vertet,
700 2246 742 2292 si
780 2243 1140 2293 academiarum
1178 2242 1316 2306 leges
1355 2249 1578 2305 tueatur,
1618 2245 1660 2292 si
1698 2243 1933 2292 honorem
1971 2245 2120 2292 etiam
2160 2242 2343 2293 acade-

85 2318 341 2376 micorum,
394 2319 486 2365 etsi
516 2316 704 2379 judicio
743 2317 867 2365 sorte
905 2318 1240 2380 peccaverint,
1282 2323 1451 2365 contra
1489 2330 1713 2366 censores
1752 2322 2181 2379 praesumtuOSOS,
2222 2331 2342 2365 con-

0 2421 9 2460 ,
83 2396 161 2437 tra
210 2391 443 2438 rixatores
490 2390 791 2452 importunos
843 2389 1199 2439 defendendum
1248 2391 1517 2439 existimet:
1569 2391 1640 2438 ita
1680 2391 1894 2438 vicissim
1932 2397 1980 2439 et
2019 2389 2077 2439 de
2116 2390 2343 2452 Principe

5 2461 11 2504 ἒ
85 2463 443 2525 sapientissimo
482 2462 600 2511 mihi
637 2462 771 2511 haud
809 2462 952 2511 facile
990 2461 1272 2525 persuaderi
1311 2464 1434 2523 sino,
1475 2463 1570 2512 hoc
1607 2461 1744 2510 illum
1772 2465 2052 2526 petiturum,
2094 2469 2148 2511 ut
2175 2477 2343 2511 omnes

0 2505 14 2615 ι
82 2525 276 2598 publice
322 2536 646 2598 privatimque
692 2542 921 2584 maneant
959 2537 1086 2584 intra
1130 2535 1222 2584 hos
1261 2535 1571 2586 academicae
1610 2535 1952 2599 philosophiae
1991 2535 2198 2597 limiteS,
2251 2549 2343 2584 nec

0 2619 17 2732 -ι
82 2610 341 2671 quisquam
377 2610 606 2671 privatim
645 2607 703 2657 de
739 2607 1039 2672 proferendis
1078 2607 1190 2670 illis,
1231 2608 1325 2658 hoc
1364 2614 1439 2659 est
1477 2608 1536 2658 de
1574 2609 1967 2658 manifestatione
2009 2603 2342 2673 operumJDei
2377 2627 2388 2644 x

0 2693 5 2724 ι
83 2679 286 2730 laboret.

14 2745 18 2776 *
227 2755 296 2802 At
344 2768 502 2816 neque
555 2752 615 2802 de
662 2752 798 2802 coelo
836 2749 945 2816 ipso
984 2754 1225 2817 pugnabit
1263 2753 1638 2815 Serenissimus;
1691 2755 1782 2803 scit
1821 2755 1970 2815 enim,
2023 2752 2342 2816 philosophos

14 2780 20 2894 ι,
85 2825 145 2876 de
184 2826 366 2875 visibili
404 2826 555 2889 loqui,
597 2825 840 2874 Christum
878 2826 938 2875 de
976 2826 1228 2889 invisibili,
1269 2842 1370 2888 seu,
1412 2832 1465 2876 ut
1493 2827 1691 2876 scholae
1718 2826 1983 2890 appellant,
2026 2827 2085 2875 de
2113 2840 2341 2890 empyreo

17 2904 23 2978 ἱ
83 2898 326 2958 locutum,
380 2906 434 2948 ut
473 2913 588 2948 vero
629 2898 892 2949 Christiani
931 2895 1176 2962 simplices
1215 2902 1488 2963 accipiunt,
1539 2899 1597 2948 de
1636 2899 1836 2949 sedibus
1881 2900 2064 2958 beatis,
2118 2899 2181 2948 ad
2220 2914 2342 2962 quas

19 2988 22 3035 ς
84 2971 219 3022 nulla
256 2988 468 3035 unquam
508 2973 753 3035 pertinget
790 2974 1062 3035 corruptiO,
1101 2987 1210 3021 cum
1251 2972 1311 3022 de
1341 2973 1434 3021 hoc
1459 2972 1849 3033 nostrovisibili,
1890 2987 1985 3020 non
2016 2972 2202 3036 Tycho‚
2243 2987 2340 3021 non

20 3037 24 3102 ζ
82 3059 188 3107 ego,
226 3045 312 3095 sed
338 3045 557 3095 Christus
579 3047 679 3107 ipse
705 3047 1014 3107 pronunciet:
1063 3044 1268 3095 Ocelum
1295 3052 1340 3094 et
1373 3046 1531 3094 Terra
1559 3045 1866 3110 transibunt,
1906 3051 1953 3094 et
1987 3039 2344 3108 Psaltest-ipsi

23 3124 26 3165 ἑ
80 3124 139 3166 ut
171 3121 520 3167 vestimentum
557 3124 887 3179 veterascent,
940 3123 988 3167 et
1025 3117 1222 3167 Petrus:
1274 3118 1521 3166 radicitus
1568 3118 1810 3167 tollentur
1859 3125 1904 3166 et
1941 3120 2056 3180 iyne
2094 3118 2339 3167 combusti

24 3219 28 3250 ;
80 3190 347 3240 solventur.
425 3190 555 3254 Quid
594 3190 725 3254 quod
762 3205 823 3240 ne
861 3192 1198 3240 aeternitatem
1237 3190 1458 3253 quidem,
1508 3192 1550 3238 si
1589 3196 1742 3252 esset,
1783 3190 2085 3240 destruerent
2123 3193 2264 3240 istae.
2289 3193 2336 3239 in

26 3298 27 3301 ,
81 3262 218 3312 coelo
254 3264 591 3326 alterationes,
642 3278 737 3312 non
778 3264 960 3326 magis,
1001 3277 1148 3326 quam
1186 3264 1337 3325 ipsius
1377 3262 1585 3312 Telluris
1625 3265 1989 3325 aeternitatem,
2031 3279 2187 3328 aeque
2227 3279 2338 3313 crc-

0 3370 34 3427 ι
82 3333 231 3383 (litam
267 3336 544 3398 Aristoteli,
599 3336 853 3385 destruunt
890 3335 1204 3384 alterationes
1244 3342 1525 3397 terrestres,
1565 3338 1747 3399 quippo
1785 3351 2020 3399 perennes
2061 3344 2110 3387 et
2148 3339 2195 3384 in
2238 3339 2338 3386 cir-

30 3429 33 3441 <
82 3405 240 3455 culum
277 3408 547 3459 redeuntes
612 3409 709 3459 Sed
749 3410 841 3457 hoc
880 3410 1150 3471 argumenti
1189 3423 1343 3470 genus
1382 3409 1503 3457 sorte
1540 3411 1742 3457 nimium
1781 3410 2050 3474 litigiosum
2090 3410 2337 3459 videbitur

81 3479 129 3526 in
169 3478 487 3533 Aristotelem.
568 3481 769 3532 Utamur
809 3483 953 3545 igitur
992 3482 1154 3543 potius
1193 3482 1345 3543 ipsius
1383 3482 1687 3543 testimoniO,
1728 3484 1837 3545 qui,
1877 3498 1973 3531 non
2013 3483 2334 3546 undiquaque

33 3560 37 3619 ᾗ
84 3551 179 3599 sibi
222 3553 419 3616 similis,
483 3558 531 3604 in
581 3555 934 3619 Metaphysicis
991 3553 1186 3616 quidem
1237 3559 1423 3602 motum
1474 3554 1767 3604 coelestibus
1823 3557 2106 3605 circularem
2163 3557 2339 3604 tribuit

36 3623 37 3647 ³
87 3629 280 3687 propter
314 3640 367 3676 se
408 3629 593 3691 ipsum,
647 3629 829 3677 moveri
880 3623 989 3689 ipsa
1027 3625 1221 3675 tradens
1260 3633 1314 3674 ut
1351 3634 1664 3691 moveantur3
1714 3634 1766 3677 at
1802 3629 1850 3676 in
1887 3629 2026 3678 libris
2066 3629 2124 3677 de
2167 3627 2334 3681 Coelo,

38 3739 41 3761 ‚
88 3694 230 3744 rebus
266 3699 383 3762 ipsis
411 3700 720 3762 admonitus,
778 3703 939 3749 nescio
981 3699 1099 3761 quid
1139 3699 1296 3748 simile
1333 3702 1638 3750 terrestribus
1675 3705 1854 3751 nostris
1894 3705 2129 3766 negotiis,
2171 3700 2338 3747 multi-

40 3802 41 3811 ι
87 3766 200 3828 plex
237 3769 285 3818 id
322 3778 371 3820 et
407 3775 752 3834 turbulentum,
792 3776 952 3833 astris,
997 3776 1092 3820 imo
1135 3786 1300 3821 corum
1328 3775 1597 3823 motoribus
1624 3775 1805 3835 tribuit,
1847 3778 2025 3837 quibus
2052 3775 2124 3822 illi
2151 3772 2338 3820 machi-

40 3818 44 3888 !
87 3841 362 3892 nationibus
399 3852 447 3894 et
482 3849 694 3897 motibus
734 3848 876 3895 finem
915 3845 1066 3894 alium
1107 3851 1244 3894 extra
1282 3853 1465 3895 motum
1514 3850 1669 3910 ipsum
1710 3854 1758 3896 et
1797 3854 2035 3910 quaerant
2074 3854 2122 3895 et
2161 3843 2336 3892 diffici-

174 3924 328 3966 tenum
351 3926 485 3970 Opera.
513 3929 576 3966 VI.
1925 3934 1991 3980 20
