2554 4140
171 124 273 172 268
989 120 1224 179 Epitomes
1257 120 1571 165 Astronomiae

170 269 450 333 temperatis
489 269 737 331 quaelibet
774 268 925 317 habet
962 269 1241 319 alterutram
1282 274 1469 316 tantum
1494 268 1730 331 umbram,
1769 269 2161 332 septentrionalis
2183 269 2416 332 dextram,

168 342 392 391 australis
410 343 675 389 sinistram:
714 344 893 391 rectius
914 344 1058 404 igitur
1085 340 1404 404 ἑκατεροσκιοι
1432 340 1716 392 dicerentur,
1757 343 2062 405 Frigidarum
2090 342 2278 391 incolae
2306 350 2418 391 sunt

170 414 363 477 quidem
403 411 566 476 et‘ipsi
607 411 938 479 ἑκατεροσκιοι,
977 415 1060 463 sed
1099 414 1283 476 placuit
1321 414 1616 474 auctoribuS,
1655 413 1765 462 illos
1802 431 1831 462 a
1869 414 2101 478 peculiari
2126 417 2419 477 proprietate

168 487 435 548 indigetare
473 489 718 549 perisciOS,
761 501 818 536 eo
859 488 989 551 quod
1027 488 1225 535 umbrae
1266 485 1376 547 illis,
1416 485 1530 534 Sole
1556 500 1651 534 non
1692 487 1955 548 occidente,
1997 489 2306 539 circumcirca
2330 503 2417 550 per

170 574 336 620 omnes
374 559 638 623 horizontis
677 559 848 623 plagas
889 566 1110 622 agantur.

319 632 458 695 Quas
491 633 684 695 fiyuras
721 633 949 682 describit
987 632 1273 680 extremitas
1311 630 1523 678 umbrae
1562 633 1617 678 in
1655 632 1873 693 qualibet
1924 645 2053 680 zona
2090 647 2242 694 super
2279 632 2419 681 hori-

167 708 344 755 sontis·
358 705 562 766 plano?
616 705 825 754 Materia
864 712 937 755 est
973 705 1169 767 propria
1206 705 1546 765 gnomoniceS,
1585 706 1850 766 genuitque
1889 705 2036 752 nobis
2068 706 2117 752 in
2157 706 2422 766 geometria

173 779 438 827 doctrinam
480 777 538 826 de
577 780 872 827 sectionibus
913 779 1127 826 conicis.1
1183 775 1531 837 Imaginandus
1571 778 1697 824 enim
1749 783 1821 825 est
1871 792 2048 838 conuS,
2100 779 2239 840 cujus
2289 778 2420 824 basis

169 853 231 899 sit
258 850 464 900 circulus
504 850 597 899 diei
627 851 873 911 naturalis,
916 856 1079 899 vertex
1104 850 1152 895 in
1180 844 1481 896 extremitate
1520 848 1633 906 stili,
1676 851 1751 897 cui
1792 854 1864 897 est
1902 849 1964 897 ad
2003 852 2232 898 verticem
2272 864 2422 897 conus

170 924 316 985 alter,
370 938 512 987 quem
565 930 699 972 secat
736 924 997 985 horizontis
1034 923 1260 985 planum,
1310 922 1459 969 sectio
1500 923 1903 970 circumscribitur
1951 937 2035 986 per
2074 925 2424 970 extremitatem

107 989 116 1002 '
169 998 368 1046 umbrae
406 996 650 1045 mobilem.
727 997 853 1058 Ergo
892 998 982 1044 iter
1020 996 1218 1043 umbrae
1257 994 1628 1055 aequinoctialis
1668 997 1715 1041 in
1758 995 1982 1042 omnibus
2010 998 2145 1043 zonis
2185 1001 2257 1043 est
2294 995 2425 1044 linea

169 1075 329 1130 recta,
370 1075 704 1133 praeterquam
743 1070 832 1117 sub
872 1068 1012 1132 p010‚
1057 1068 1139 1116 ubi
1187 1067 1317 1115 linea
1353 1067 1667 1129 projectionis
1706 1068 1905 1116 umbrae
1944 1074 2017 1116 est
2054 1068 2291 1116 horizonti
2330 1083 2423 1131 pa·
2479 1118 2487 1129 ,

170 1142 560 1204 1·allela„itaque
599 1144 647 1189 in
677 1157 786 1190 eum
823 1156 918 1190 non
945 1141 1129 1190 incidit.
1205 1140 1522 1202 Reliquarum
1560 1140 1838 1188 umbrarum
1866 1143 1968 1200 iter,
2011 1140 2143 1203 quod
2181 1140 2293 1188 illae
2324 1141 2425 1188 suis

171 1215 556 1264 extremitatibus
594 1217 801 1277 signant,
844 1221 916 1263 est
954 1217 1106 1262 sectio
1133 1215 1327 1262 conica:
1369 1227 1572 1274 quarum
1602 1227 1709 1260 cum
1747 1214 1844 1261 sint
1883 1215 1974 1260 tria
2011 1228 2202 1276 genera,
2242 1214 2424 1272 finitae,

171 1295 224 1337 ut
261 1288 443 1350 ellipsis
485 1287 562 1338 vel
587 1288 807 1347 circuluS,
850 1287 1065 1335 infinitae
1093 1293 1146 1334 ut
1183 1285 1453 1349 hyperbola
1480 1299 1565 1333 seu
1605 1286 1845 1335 sectiones
1874 1289 2143 1349 oppositae,
2185 1293 2232 1335 et
2265 1285 2428 1334 media

173 1376 338 1410 earum
375 1360 624 1423 parabole,
665 1361 900 1410 finitatem
940 1360 1294 1422 quadamtenus
1333 1359 1594 1418 aflectanS,
1638 1372 1744 1406 cum
1784 1361 1844 1406 sit
1884 1366 2046 1407 tamen
2086 1366 2134 1408 et
2171 1360 2278 1422 ipsa
2316 1358 2427 1406 inti-

170 1436 299 1483 nita:
352 1435 401 1480 in
441 1432 558 1482 solis
598 1435 743 1496 igitur
781 1433 967 1497 frigidis
1002 1434 1140 1481 zonis
1182 1445 1350 1480 omnes
1388 1431 1481 1479 hae
1519 1430 1702 1494 figurae
1742 1434 1946 1481 existere
1984 1439 2217 1494 possunt,
2269 1433 2338 1480 sic
2377 1438 2429 1478 ut

170 1507 266 1554 illis
303 1508 498 1570 propria
533 1507 598 1554 sit
636 1506 836 1568 ellipsis,
878 1521 1003 1569 quae
1042 1507 1132 1554 sub
1174 1507 1279 1567 ipso
1318 1503 1431 1566 polo
1472 1511 1547 1551 est
1586 1503 1794 1552 circulus
1834 1505 2098 1568 perfectus,
2138 1519 2225 1553 seu
2265 1506 2428 1569 potius

174 1579 402 1643 spiraleS,
444 1579 675 1628 circulum
716 1578 795 1627 vel
834 1579 1024 1642 ellipsin
1066 1579 1373 1639 affectanteS,
1414 1579 1454 1625 si
1494 1576 1702 1640 plurium
1744 1577 1952 1638 dierum,
1993 1579 2171 1640 quibus
2210 1577 2295 1627 Sol
2333 1588 2452 1624 non·

173 1652 377 1712 occidit,
430 1651 790 1715 copulationem
823 1653 1078 1716 respicias;
1132 1652 1331 1713 planum
1372 1652 1500 1700 enim
1539 1649 1803 1698 horizontis
1830 1657 1964 1699 secat
2003 1659 2116 1699 tunc
2156 1652 2265 1699 coni
2302 1649 2431 1698 latus

94 1718 97 1725 ¹
174 1732 447 1788 utrumque.
524 1725 618 1774 Die
657 1740 773 1773 vero
815 1725 924 1785 illo,
974 1739 1070 1787 quo
1111 1723 1195 1772 Sol
1245 1724 1544 1771 horizontem
1586 1725 1778 1786 stringit
1817 1724 1865 1771 in
1904 1723 2065 1772 media
2104 1730 2244 1772 nocte
2283 1729 2430 1788 natu-

168 1798 285 1859 rali,
328 1798 432 1860 jam
471 1802 729 1847 occasurus
768 1798 1083 1861 sequentibus
1124 1797 1324 1854 dlebus,
1374 1798 1462 1844 iter
1503 1796 1700 1844 umbrae
1741 1803 1813 1844 est
1850 1796 2112 1859 parabole,
2164 1797 2280 1859 quia
2317 1795 2429 1858 pla-

172 1887 285 1920 num
325 1871 588 1919 horizontis
629 1878 701 1920 est
728 1870 1015 1934 parallelum
1055 1871 1290 1934 superiori
1316 1868 1454 1917 lateri
1496 1869 1617 1928 coni,
1659 1870 1840 1932 quippe
1869 1884 1976 1918 cum
2016 1868 2274 1918 declinatio
2302 1868 2432 1917 Solis

172 1945 255 1993 fiat
292 1944 510 2006 aequalis
550 1943 793 1992 altitudini
831 1943 947 2007 poli.
1025 1945 1087 1991 Et
1131 1943 1253 1992 haec
1291 1941 1520 2005 parabole
1573 1941 1664 1989 sub
1703 1941 1859 2006 polari
1900 1943 2077 1991 circulo
2127 1942 2234 1990 sola
2271 1941 2434 1995 locum
2482 1914 2554 1991 'fs'

174 2018 324 2066 habet
360 2019 409 2064 in
449 2019 592 2065 unica
631 2017 708 2066 die
747 2016 1019 2065 solstitiali:
1072 2018 1288 2064 itt-sicut
1326 2016 1392 2063 ibi
1434 2015 1716 2062 terminatur
1754 2028 1879 2062 zona
1917 2014 2107 2077 frigida,
2148 2017 2218 2062 sic
2254 2013 2434 2063 ibidem

173 2092 453 2139 terminetur
508 2096 554 2138 et
603 2090 787 2152 ellipsis
835 2096 882 2138 et
928 2089 1176 2153 parabole.
1253 2088 1435 2135 Postea
1475 2101 1590 2135 vero
1644 2101 1789 2149 quam
1830 2088 2067 2152 incipiunt
2104 2088 2311 2136 invicem
2349 2101 2435 2150 per
2498 2088 2502 2095 ’
2548 2075 2554 2083 ’

171 2164 306 2212 vices
354 2162 613 2211 succedere
662 2163 765 2212 dies
815 2169 862 2211 et
909 2177 1007 2210 nox
1060 2168 1158 2209 tam
1198 2162 1245 2207 in
1286 2159 1497 2222 frigidm,
1553 2175 1700 2222 quam
1740 2161 1786 2207 in
1830 2162 2106 2225 temperatis
2136 2167 2194 2209 'ct
2237 2158 2431 2220 torrida,

174 2237 329 2297 figura
367 2237 551 2284 itineris
591 2237 789 2285 umbrae
829 2242 903 2283 cst
940 2233 1224 2298 h'yperbola,
1265 2248 1352 2282 seu
1391 2233 1630 2281 sectiones
1659 2235 1939 2298 oppositae,
1980 2235 2247 2282 communis
2277 2233 2433 2295 figura

173 2323 403 2357 zonarum
446 2309 658 2356 omnium
699 2309 896 2357 umbris.
972 2308 1097 2356 Nam
1137 2307 1334 2370 planum
1372 2306 1638 2354 horizontis
1664 2313 1799 2355 secat
1837 2321 1978 2355 axem
2005 2320 2234 2354 conorum
2272 2303 2432 2371 (axem

173 2397 239 2430 sc.
279 2379 464 2447 mundi)
502 2388 637 2430 extra
676 2396 904 2430 conorum
945 2381 1165 2429 vertices·
1244 2378 1352 2441 Quo
1392 2394 1508 2427 vero
1549 2379 1822 2428 discrimine
1863 2381 1959 2427 sint
1997 2381 2238 2428 sectiones
2279 2393 2464 2443 oppo-1
2509 2365 2518 2378 '⁴

171 2457 294 2503 sitae
334 2456 381 2502 in
420 2455 740 2516 unaqualibet
778 2468 918 2513 zona,
959 2452 1006 2501 id
1046 2451 1384 2517 particularius
1424 2451 1693 2515 explicatur
1732 2454 1779 2498 in
1820 2453 2137 2515 gnomonicis,

327 2526 420 2576 Ubi
457 2534 502 2576 et
526 2528 731 2590 quando
767 2533 978 2589 possunt
1013 2526 1225 2574 umbrae
1263 2539 1438 2573 rerum
1469 2525 1966 2586 perpendiculariter
2004 2530 2296 2573 erectarum
2323 2526 2434 2587 fieri

172 2601 535 2663 retroyradae?
586 2600 642 2647 In
695 2615 821 2648 zona
871 2598 1076 2659 torrida,
1136 2597 1332 2661 quando
1384 2597 1640 2646 altitudine
1691 2596 1793 2660 poli
1848 2599 2003 2661 major
2052 2600 2125 2645 est
2173 2597 2432 2646 declinatio
2471 2587 2508 2600 “’

174 2675 501 2737 cognominis:
554 2681 669 2722 tunc
705 2675 861 2732 enim,
903 2674 971 2721 cis
1009 2677 1323 2734 aequatorem
1365 2672 1547 2719 oriente
1586 2669 1716 2730 Sole,
1757 2670 1929 2719 umbra
1968 2671 2176 2719 hominis
2214 2670 2275 2718 ad
2316 2670 2435 2718 dex-

172 2753 298 2795 tram
334 2747 485 2796 fertur
521 2747 583 2795 ab
625 2761 800 2795 occasu
838 2746 1041 2794 hiberno
1081 2759 1249 2793 versus
1290 2758 1517 2793 occasum
1555 2743 1990 2805 aequinoctialem,
2029 2744 2098 2792 ibi
2135 2742 2435 2806 aliquamdiu
2497 2768 2503 2776 -

176 2824 402 2868 cunctata
450 2819 604 2868 veluti
658 2821 926 2867 consistens
974 2818 1262 2879 interimque
1312 2817 1507 2865 brevior
1555 2816 1725 2864 effecta
1777 2815 1952 2879 relegit
2002 2818 2210 2880 vestigia
2267 2830 2436 2868 versus
2514 2810 2519 2817 ’

179 2894 435 2953 sinistram,
477 2908 542 2941 sc.
586 2907 755 2940 versus
796 2906 1021 2939 occasum
1060 2890 1330 2948 hibernum,
1373 2895 1421 2937 et
1459 2894 1691 2948 austrum,
1734 2894 1781 2936 et
1809 2895 1965 2936 ortum
1986 2891 2139 2953 primo
2166 2889 2432 2948 hibernum,
2510 2902 2517 2914 ·

175 2964 347 3014 deinde
387 2964 808 3027 aequinoctialem,
850 2964 935 3012 ubi
973 2965 1147 3012 iterum
1187 2964 1500 3017 stationaria,
1539 2961 1652 3010 Sole
1687 2961 1791 3023 jam
1832 2976 2087 3023 occasum,
2128 2961 2342 3011 secundo
2382 2961 2436 3008 fit

178 3038 460 3097 retrograda
502 3053 669 3087 versus
710 3037 927 3086 dextram
967 3042 1015 3084 et
1055 3041 1211 3084 ortum
1249 3035 1520 3084 hibernum.

323 3110 476 3158 Estne
513 3113 665 3158 etiam
696 3125 851 3172 penes
888 3124 978 3158 nos
1017 3110 1196 3171 aliqua
1233 3109 1532 3170 coynitionis
1577 3106 1730 3166 hujus
1769 3109 1988 3155 exoticae
2027 3108 2259 3156 utilitas?
2305 3107 2446 3155 Gon·
2495 3136 2500 3154 2

180 3181 313 3231 ducit
351 3182 413 3240 ad
454 3186 862 3232 constructionem
900 3182 1260 3231 sciatcricorum
1300 3195 1358 3229 ex
1397 3181 1547 3229 variis
1585 3178 1745 3242 planis
1788 3180 2191 3242 compositorum,
2232 3193 2435 3243 quorum

178 3255 271 3304 hoc
310 3256 641 3318 repraesentat
676 3256 977 3305 horizontem
1015 3270 1168 3304 zonae
1207 3253 1432 3314 torridae,
1473 3251 1592 3300 illud
1631 3266 1783 3300 zonae
1821 3251 2025 3314 frigidae
2065 3258 2113 3301 et
2151 3258 2325 3302 cetera.
2419 3259 2421 3262 ⁴

564 3372 645 3420 De
687 3375 895 3420 causis
935 3348 1270 3419 numeri‘et
1306 3367 1691 3418 latitudinis
1730 3381 2047 3416 zonarum.-

331 3470 392 3519 Ut
428 3472 720 3533 intelliyam,
763 3479 962 3520 tantam
1003 3475 1295 3520 varietatem
1335 3472 1688 3535 temperierum
1726 3471 1855 3526 anni
1894 3469 2190 3532 dierumque
2228 3476 2275 3517 et
2312 3483 2432 3517 noc-

183 3547 310 3594 tium
351 3550 397 3592 et
436 3559 565 3604 quae
605 3544 720 3591 inde
758 3544 995 3606 dependet
1031 3559 1308 3604 zonarum,
1350 3559 1408 3592 esc
1446 3558 1557 3592 una
1592 3542 1698 3589 so'la
1735 3543 2063 3599 inclinatione
2115 3545 2248 3601 oscis,
2302 3544 2435 3589 circa
2470 3559 2493 3610 s

184 3632 332 3679 quem
358 3616 531 3678 ,Tellus
568 3622 784 3676 rotatur,
825 3619 1052 3664 existere:
1092 3618 1169 3665 dic
1208 3618 1334 3679 quid
1370 3624 1491 3665 tunc
1529 3621 1659 3673 esset,
1699 3616 1742 3661 si
1779 3617 1891 3663 axis
1933 3615 2144 3666 Telluris
2180 3623 2285 3663 non
2321 3617 2473 3662 esset&

187 3689 501 3738 inclinatus?
543 3689 595 3737 Si
634 3690 739 3736 axis
780 3688 860 3736 ille
897 3691 1039 3736 rectis
1079 3690 1271 3752 angulis
1310 3691 1551 3737 insisteret
1587 3687 1732 3748 plano
1773 3684 2329 3749 eclipticae„'1ferraque
2366 3687 2435 3733 sic
2475 3732 2480 3735 ,
2549 3678 2554 3741 J

2551 3757 2554 3775 ι

185 3765 311 3812 circa
356 3762 492 3819 illum
544 3766 783 3810 rotaretur
820 3767 874 3807 ut
911 3775 1062 3822 nunc,
1119 3767 1166 3808 et
1214 3762 1357 3810 simul
1395 3763 1522 3810 circa
1560 3759 1720 3808 Solem
1773 3764 1828 3806 ut
1866 3774 1994 3810 nunc
2043 3760 2432 3817 circumferretur,

186 3836 426 3885 constanti
478 3834 570 3884 hoc
618 3839 750 3883 recto
802 3833 1008 3896 angulo:
1058 3838 1173 3882 tunc
1210 3834 1296 3886 Sol
1348 3834 1542 3899 quidem
1594 3844 1755 3881 annuo
1804 3835 1961 3897 spatio
2010 3834 2101 3883 sub
2139 3832 2247 3882 fixis
2283 3829 2435 3880 stellis
