2560 4100
229 129 295 178 66
863 120 1097 180 Epistolae
1127 122 1312 180 Kepleri
1341 87 1618 181 aliorumque
1647 127 1831 169 mutuae

228 271 275 311 1⁰
310 273 401 323 58⁴,
431 272 620 322 proxime
663 270 830 323 saltem,
875 274 924 310 ut
952 242 1271 325 Albategniuss
1299 272 1447 311 Arzael
1501 275 1543 311 et
1581 271 1750 323 quidam
1787 281 1898 310 anno
1932 271 2043 312 1312
2082 267 2199 324 (puto
2229 269 2475 320 Prophetius

223 330 425 377 Judaeus}
454 330 637 382 invenit,
683 332 905 369 attestante
943 330 1021 370 hoc
1050 331 1155 370 Rob.
1190 332 1300 370 Hues
1336 330 1414 379 „de
1442 330 1605 378 globis“
1645 341 1737 379 pag.
1769 329 1846 380 58,
1893 342 1950 370 sc‘.
1981 328 2032 368 20
2061 330 2102 368 2’
2136 329 2238 381 18¹¹,
2286 325 2476 380 qualium

226 389 368 429 semid.
401 387 623 427 eccentrici
654 389 722 430 60.
785 387 894 427 Hinc
924 389 1278 438 AJphonsinorum
1317 389 1471 438 positio
1504 391 1628 438 (quae
1659 388 1805 427 saltem
1846 391 1909 427 est
1939 400 2072 427 crassa
2103 387 2338 426 dimidiatio
2367 386 2476 424 iuter

222 445 502 486 Ptolemaeum
545 450 587 484 et
617 444 926 499 Albategnium}
957 448 1002 485 in
1044 447 1224 486 solidum
1265 449 1309 487 in
1342 447 1438 486 Sole
1482 447 1658 495 corruit,
1699 449 1747 483 ut
1785 446 1861 496 qui
1899 447 1970 488 vix
2011 448 2066 486 60
2096 447 2215 485 annis
2253 445 2477 484 anteriores

222 506 398 543 fuerunt.
462 505 525 542 Ex
554 503 811 554 Hipparcho,
842 516 916 544 suo
948 509 1086 544 tamen
1116 506 1254 558 modo,
1288 506 1412 544 etiam
1442 502 1567 554 plane
1598 504 1768 544 eandem
1799 505 2146 544 eccentricitatem
2177 515 2276 543 eruo
2309 507 2349 541 et
2378 513 2476 551 apo-

221 574 368 611 gaeum
398 563 443 601 in
475 562 553 602 25⁰
584 562 720 603 Tauri.
782 563 972 613 Eclipses
997 564 1282 612 ‘Babylonicae
1312 573 1478 601 manum
1508 563 1722 612 porrigent
1749 562 1794 600 in
1826 561 1903 602 hoc
1934 573 2030 602 casu
2060 563 2212 615 (obiter
2243 563 2366 601 etiam
2398 561 2477 598 hoc

223 632 394 659 moneo:
426 620 592 671 eclipsis
621 619 697 660 illa
725 621 868 660 Lunae
897 622 1063 660 Arbelis
1095 625 1313 671 conspecta
1344 622 1454 659 intra.
1486 617 1569 670 l¹l2
1600 621 1735 673 1101115,
1785 630 1871 659 11011
1901 623 2108 675 consentit
2139 633 2234 660 cum
2263 624 2335 658 tuo
2366 629 2476 657 novo

223 677 403 726 calculo,
450 678 583 730 unde,
624 679 853 718 meridiano
885 678 1162 734 Babylonico,
1203 679 1490 719 Alexandrino
1533 679 1769 728 emendato,
1816 679 2142 719 emendabuntur
2181 680 2307 718 etiam
2349 675 2477 716 medii

221 741 358 776 motus
388 735 497 778 Solis
529 741 570 778 et
597 738 753 779 Lunae.

364 810 711 875 Keplerus:
770 810 823 859 Si
864 809 1085 860 diametri
1121 810 1433 859 luminarium
1470 817 1570 860 tam
1607 811 1879 876 propinque
1918 807 2478 860 attestantur-dimidia-

223 885 344 932 tioni
381 886 820 946 eccentricitatum,
858 883 1012 932 habes
1051 883 1183 946 quod
1223 884 1311 933 tibi
1349 884 1580 948 gratuler.
1656 883 1723 932 At
1761 883 1874 932 huic
1912 883 2260 933 subtilissimae
2302 882 2474 931 obser-

222 958 408 1006 vationi
460 971 556 1006 non
603 959 651 1005 in
703 957 1038 1005 minutissimis
1086 956 1200 1005 fido.
1280 957 1377 1006 Cur
1425 960 1554 1006 enim
1605 955 1738 1006 hoc?
1798 971 1906 1005 cum
1957 972 2017 1006 ne
2055 956 2229 1006 Martis
2276 955 2473 1019 quidem

222 1031 648 1079 observationibus
689 1032 986 1078 creberrimis
1026 1031 1073 1076 in
1115 1030 1389 1079 Comment.
1427 1031 1603 1080 Martis
1641 1036 1831 1079 tantum
1868 1029 2016 1080 fidere
2054 1032 2316 1094 potuerim,
2358 1042 2478 1078 con-

221 1108 414 1169 tentus,
466 1103 575 1151 illas
623 1105 808 1152 eminus
860 1105 1096 1152 attestari.
1190 1103 1499 1154 Praesnmtio
1554 1119 1665 1153 mea
1720 1104 2000 1154 bisentionis
2054 1109 2255 1154 exactae
2311 1103 2478 1150 nititur

221 1177 647 1237 demonstratione,
702 1191 760 1225 ex
806 1175 1138 1239 speculatione
1181 1179 1338 1226 vectis
1378 1185 1426 1227 et
1461 1177 1615 1227 librae
1667 1175 1904 1239 deducta3
1957 1179 2007 1225 in
2043 1176 2268 1241 Epitome
2306 1176 2478 1238 repetii

219 1250 352 1298 illam
392 1252 685 1298 summatim.
723 1276 795 1284 —-
834 1249 1048 1313 Eclipsin
1085 1250 1283 1299 Arbelis
1320 1252 1452 1314 prius
1493 1250 1701 1300 concilia
1740 1265 1850 1299 cum
1889 1249 2182 1314 eclipsibus,
2237 1263 2360 1311 quas
2398 1263 2478 1296 re-

219 1323 310 1370 fert
348 1322 677 1384 Ptolemaeus,
726 1337 839 1371 nam
869 1322 980 1371 illas
1017 1325 1136 1371 satis
1174 1326 1445 1388 propinque
1484 1331 1638 1374 tueor.
1713 1321 1849 1373 Male
1895 1329 2092 1385 agetur,
2145 1325 2186 1371 si
2223 1321 2478 1372 meridiani

222 1397 574 1445 constituantur
624 1410 710 1459 per
746 1410 892 1444 unam
931 1395 1186 1446 anomalae
1238 1398 1621 1459 observationis,
1677 1395 1892 1446 dimissis
1929 1396 2149 1460 plurimis
2193 1394 2478 1459 regulariter

222 1467 506 1517 observatis.

357 1540 571 1581 Remus:
616 1539 731 1580 Alias
771 1541 821 1580 de
862 1544 934 1580 tua
974 1542 1218 1593 aequatione
1250 1541 1422 1592 physica
1465 1543 1625 1583 dierum
1667 1540 1924 1583 naturalium
1959 1542 2189 1593 composita
2229 1539 2352 1592 plane
2395 1551 2478 1580 non

227 1599 373 1638 dubito
405 1602 446 1638 et
477 1600 739 1650 comprobavi
770 1611 842 1650 per
871 1600 1005 1638 varias
1037 1600 1210 1649 eclipses
1241 1601 1382 1640 Lunae
1414 1606 1640 1655 accuratas,
1673 1611 1762 1640 eam
1785 1612 1872 1640 esse
1891 1598 2248 1640 absolutissimam
2263 1610 2340 1639 nec
2356 1597 2479 1638 aliam

221 1669 308 1697 esse
339 1658 626 1709 quaerendam.
690 1658 846 1698 Ultima
877 1657 986 1697 enim
1016 1658 1092 1697 tua
1122 1658 1313 1711 aequatio
1345 1661 1451 1711 (pag.
1487 1661 1587 1704 111.
1620 1658 1724 1700 trab.
1756 1657 1883 1712 Rud.)
1911 1658 2036 1709 plane
2068 1662 2129 1699 est
2167 1658 2390 1710 superflua.

363 1730 702 1797 Keplerus:
757 1731 834 1781 De
889 1733 1180 1796 aequatione
1237 1733 1422 1783 dierum
1474 1734 1680 1800 physica
1732 1748 1823 1799 ego
1885 1746 2090 1798 sponsor
2146 1723 2252 1782 esse
2306 1729 2473 1799 nolim.

224 1804 592 1870 Quinquaginta
628 1810 781 1854 tracto
823 1803 1028 1869 eclipses
1066 1821 1254 1856 rursum
1293 1822 1513 1871 prorsum
1547 1820 1736 1869 verene,
1780 1803 1916 1855 nulla
1955 1802 2186 1870 aequatio
2224 1805 2478 1865 satisfacit,-
2557 1836 2560 1838 >

226 1893 334 1927 cum
373 1885 535 1928 tamen
574 1879 824 1928 minimum
852 1878 1134 1943 Tychonica
1173 1879 1445 1944 discordat3
1492 1875 1608 1932 sane
1647 1876 1856 1946 physica
1893 1882 2022 1929 anno
2065 1879 2204 1929 1628
2241 1877 2479 1928 Januario

198 1950 669 2093 ,gffissgrggptgfiliata
718 1953 834 2014 fuit,
890 1966 988 2025 non
1034 1954 1198 2024 'minus
1251 1969 1397 2020 quam
1445 1960 1720 2030 monstrosa
1774 1952 1862 2015 illa
1909 1955 2092 2017 pagina
2134 1954 2251 2001 111.
2288 1948 2486 2050 Rudol-v

366 2113 573 2153 Remus:
605 2111 669 2152 De
701 2113 896 2163 apogaeis
928 2111 1183 2163 planetarum
1214 2114 1347 2157 habeo
1380 2115 1504 2158 etiam
1534 2111 1757 2165 specialem
1783 2109 2123 2165 speculationem,
2155 2115 2202 2151 ut
2232 2111 2288 2151 sit
2309 2109 2478 2151 Saturni

225 2182 386 2211 annuus
418 2172 468 2210 ab
500 2172 761 2229 aequinoctio
780 2173 862 2211 50“
882 2171 994 2226 25¹¹‘,
1025 2171 1143 2211 Jovis
1174 2174 1259 2213 5*ss
1278 2173 1403 2224 15¹¹'‚
1435 2172 1581 2212 Martis
1615 2174 1651 2212 1⁴
1673 2171 1750 2223 7‘',
1782 2170 1928 2211 Terrae
1962 2172 1999 2209 1‘
2033 2169 2118 2210 23“
2149 2168 2274 2220 48‘1‘,
2304 2168 2479 2208 Veneris

226 2232 265 2269 1⁴
296 2230 402 2279 44“,
445 2229 640 2269 Mercurii
671 2230 712 2268 3‘
744 2230 813 2269 δ”.
877 2229 957 2270 Sed
997 2230 1116 2281 prius
1154 2230 1329 2272 enodare
1372 2230 1502 2271 debeo
1545 2230 1853 2270 observationes
1892 2229 2170 2268 Ptolomeicus
2211 2231 2251 2268 et
2290 2226 2479 2267 insidiari

226 2290 329 2339 ipsi,
370 2299 474 2340 quas
503 2300 577 2339 per
606 2289 787 2342 Lunam,
833 2300 932 2339 quas
971 2300 1046 2340 per
1079 2291 1186 2329 fixas
1217 2291 1412 2330 habuerit
1453 2291 1778 2331 observationes.
1835 2286 1941 2328 Nam
1984 2291 2026 2328 et
2052 2287 2150 2327 inde
2192 2285 2320 2340 (hisce
2353 2283 2481 2338 detis)

224 2347 438 2386 harmonia
467 2351 653 2386 motuum
683 2348 959 2397 pulcherrima
982 2348 1220 2389 resultaret.
1281 2349 1385 2389 Nam
1414 2352 1486 2389 tua
1517 2349 1747 2400 speculatio
1780 2358 2055 2399 apogaeorum
2099 2344 2234 2386 adhuc
2260 2345 2364 2384 mihi
2394 2356 2479 2383 non
2548 2351 2550 2355 '

226 2406 430 2445 satisfacit
458 2417 535 2445 nec
564 2406 818 2456 principium
857 2406 1004 2445 mundi
1035 2410 1121 2446 tam
1164 2407 1349 2447 vicinum
1393 2412 1576 2449 autumo.
1634 2407 1689 2448 Et
1717 2418 1894 2461 quaes0.
1939 2405 2041 2458 quid
2073 2404 2262 2444 mirabile
2307 2404 2480 2452 contigit
2558 2427 2560 2432 ·

227 2476 333 2503 anno
368 2465 493 2517 1260,
525 2466 600 2504 ubi
631 2463 740 2504 Solis
771 2476 996 2516 apogaeum
1029 2469 1115 2505 erat
1144 2466 1188 2505 in
1219 2466 1270 2506 0⁰
1292 2465 1451 2519 Cancri,
1482 2467 1547 2507 vel
1578 2465 1681 2519 quid
1710 2465 1919 2518 peculiare
1943 2460 2116 2514 contigit
2146 2462 2338 2515 apogaeis
2370 2463 2478 2502 circa

225 2523 486 2619 iiiativitatem
498 2523 719 2620 ΒΒῩΠέίῡὶῗ
778 2523 947 2563 Utinam
988 2524 1097 2574 apud
1129 2525 1328 2566 rabbinos
1357 2526 1543 2566 invenire
1583 2536 1726 2576 posses
1767 2526 1988 2564 tractatum
2019 2522 2156 2563 Rabbi
2185 2521 2287 2562 Levi
2317 2519 2372 2563 V.
2405 2520 2478 2560 de·-

252 2579 696 2692 ensmfflilqluab‘llisJet
724 2639 923 2689 regularis
956 2641 1058 2679 mihi
1089 2645 1150 2681 est
1179 2653 1340 2682 annuus
1379 2643 1554 2682 fixarum
1585 2636 1730 2696 491]ζῖ
1758 2639 1963 2693 praecise,
2006 2651 2030 2679 a
2061 2637 2349 2679 Timocharide
2388 2648 2478 2676 ma·

227 2699 360 2751 xime,
392 2709 464 2748 per
495 2699 795 2738 vetustissimas
827 2700 951 2738 etiam
984 2700 1087 2739 alias
1118 2701 1441 2755 observationes,
1472 2701 1518 2740 in
1550 2699 1750 2740 Vaticano
1783 2698 2053 2753 conquisitas.
2099 2696 2207 2737 Nam
2236 2694 2477 2737 Ptolemaeo

229 2760 399 2795 acutum
431 2757 641 2807 applicavi
673 2758 890 2806 collyrium
921 2762 961 2797 et
991 2770 1066 2797 suo
1098 2759 1230 2808 ipsius
1260 2758 1401 2809 gladio
1435 2771 1529 2799 eum
1554 2758 1716 2810 jugulo.

371 2830 724 2894 Keplerus:
777 2831 1170 2895 speculationem
1222 2838 1357 2880 tuam
1409 2832 1468 2882 de
1519 2833 1752 2897 apogaeis
1801 2830 1948 2881 velim
1995 2829 2179 2883 videre.
2255 2828 2371 2878 Mea
2419 2805 2489 2877 de*

154 2936 157 2939 -
226 2903 497 2954 carceribus
547 2910 767 2953 motuum
804 2907 853 2952 in
892 2907 1125 2969 apogaeis
1175 2905 1368 2967 quidem
1408 2907 1518 2968 (seu
1567 2902 1794 2969 apheliis)
1832 2918 1894 2952 ne
1931 2904 2050 2952 mihi
2099 2901 2295 2965 quidem
2329 2904 2479 2952 satis-

230 2977 370 3040 facit,
420 2989 600 3039 eosque
656 2991 752 3026 non
801 2979 931 3042 quod
979 2978 1250 3042 speculatio
1296 2978 1456 3040 dedit,
1508 2978 1594 3028 sed
1650 2977 1782 3042 quod
1830 2977 2195 3026 observationes
2234 2976 2488 3039 requirere.
2549 3023 2553 3031 ,

225 3051 376 3109 visae,
419 3051 467 3095 in
506 3050 702 3113 epochis
725 3052 882 3115 posui.
958 3050 1090 3101 Nihil
1129 3053 1276 3114 igitur
1313 3051 1407 3100 nisi
1446 3050 1711 3101 admonitio
1767 3056 1854 3100 est.
1929 3049 2006 3098 Tu
2045 3055 2208 3098 tamen
2245 3050 2479 3113 rogitans,
2556 3062 2557 3065 ’

230 3121 346 3183 quid
384 3123 492 3168 miri
531 3137 658 3172 anno
703 3126 855 3172 1260.
897 3127 1177 3187 contigerit,
1232 3125 1508 3185 multum·,a
1545 3139 1690 3174 sensu
1727 3137 1835 3173 meo
1881 3122 2103 3184 aben-ae,
2151 3123 2192 3170 si
2230 3121 2324 3171 hoc
2361 3120 2480 3170 mihi

224 3194 410 3255 tribuiS,
452 3202 713 3244 creatorem
751 3198 925 3246 sitibus
963 3197 1306 3260 periheliorum
1344 3204 1392 3247 et
1429 3197 1733 3261 apheliorum
1776 3195 2078 3258 admonitum
2117 3194 2180 3244 ad
2220 3193 2481 3245 creandum

228 3282 332 3316 esse
370 3281 679 3331 progressum
717 3268 818 3331 illa,
860 3285 984 3333 quae
1024 3271 1404 3321 admonitionem
1438 3276 1685 3335 ponuntur
1707 3268 2047 3333 suppeditare3
2086 3283 2146 3316 an
2174 3269 2294 3317 sorte
2319 3274 2478 3331 putas,

228 3354 305 3388 me
345 3339 480 3389 coelo
520 3343 857 3390 aeternitatem
894 3343 1118 3404 tribuere,
1158 3345 1464 3393 terrestribus
1491 3345 1747 3393 creationis
1772 3340 1999 3390 initium?
2038 3347 2124 3389 aut
2157 3340 2274 3403 quid
2300 3354 2478 3389 causae

226 3413 394 3473 fuerit,
450 3427 534 3461 cur
569 3415 705 3463 Deus
754 3415 980 3478 alligetur
1029 3416 1092 3464 ad
1132 3408 1463 3466 observandos
1501 3419 1693 3480 positus
1729 3413 1910 3464 similes
1949 3413 2061 3461 illi?
2114 3428 2260 3475 quam
2307 3413 2480 3462 volunt

236 3485 355 3533 mihi
393 3486 539 3534 aliam
578 3494 726 3550 atque
766 3503 913 3551 opera
948 3489 1283 3551 providentiae
1323 3505 1442 3540 suae
1480 3489 1747 3549 secundum
1782 3487 1893 3536 illos
1933 3485 2272 3549 disponenda?

374 3557 516 3620 Quod
553 3574 639 3622 per
675 3560 846 3609 tubum
886 3560 1138 3610 confirmas
1164 3562 1433 3625 simplicem
1458 3562 1626 3612 Lunae
1654 3558 2057 3611 eccentricitatem
2093 3561 2240 3608 etiam
2277 3559 2327 3606 in
2354 3573 2479 3622 qua·
2557 3597 2560 3605 ⁴

229 3632 434 3681 draturis
474 3637 525 3684 (v.
574 3649 604 3676 s.
659 3650 699 3689 p.
733 3641 830 3697 65),
871 3633 1014 3683 valde
1040 3635 1306 3697 gratularer
1331 3651 1470 3686 meae
1493 3632 1755 3701 hypothesi
1783 3638 2075 3693 menstruae,
2100 3633 2144 3680 si
2171 3633 2480 3682 observatio·
2557 3658 2560 3684 ι,

231 3721 316 3754 nes
353 3710 471 3756 tuae
526 3705 806 3766 probabiles
857 3712 906 3755 et
956 3707 1082 3756 fidae
1120 3714 1306 3771 essent3
1358 3716 1408 3757 at
1460 3708 1520 3757 de
1556 3708 1650 3757 hoc
1701 3721 1792 3770 ego
1832 3706 2016 3754 dubito.
2090 3704 2217 3753 Nam
2254 3706 2296 3753 si
2332 3705 2479 3754 tubus
2557 3741 2560 3760 ,

230 3786 326 3826 tam
367 3790 548 3842 magna
585 3785 944 3842 repraesentat,
995 3786 1050 3827 ut
1085 3788 1282 3842 propter
1319 3780 1705 3844 magnitudinem
1748 3778 1948 3828 subtilia
1985 3780 2082 3826 ista
2120 3777 2323 3826 discerni
2361 3791 2479 3842 pos-

225 3853 334 3912 sint,
382 3858 496 3903 tunc
535 3865 653 3901 sane
692 3852 855 3901 nullus
893 3854 1040 3901 tubus
1077 3855 1277 3902 immoto
1317 3855 1457 3903 oculo
1497 3854 1685 3904 Lunam
1723 3856 2054 3916 repraesentat
2089 3852 2354 3914 integram3
2404 3852 2476 3898 sin
