2592 4042
879 1150 1662 1221 PROOEMIUM.

1156 1339 1406 1346 ’'·——’'·—
1595 1336 1629 1362 D

293 1436 510 1547 Kepleri
548 1482 710 1532 studia
747 1483 1092 1545 astronomica,
1133 1460 1260 1533 an⁶no
1306 1485 1458 1534 1596.
1514 1486 1721 1548 primum
1774 1485 1969 1546 incepta
2022 1489 2069 1532 et
2120 1485 2411 1533 astronomis

147 1556 359 1620 publicis
397 1557 549 1606 literis
589 1556 796 1620 tradita,
851 1571 936 1619 per
981 1571 1143 1605 annos
1184 1564 1443 1620 sequentes
1485 1562 1549 1606 22
1589 1573 1688 1607 non
1726 1560 2001 1607 intermissa
2039 1558 2161 1606 serie
2200 1559 2410 1607 invicem

148 1646 201 1679 se
250 1631 511 1680 subsecuta
560 1636 689 1681 sunt.
764 1628 907 1691 Quod
946 1629 1188 1693 Keplerus
1239 1633 1288 1679 in
1337 1632 1573 1697 Mysterio
1615 1631 2027 1696 Cosmographico
2066 1633 2305 1691 tentavit,
2355 1638 2410 1679 ut

147 1711 307 1752 motus
345 1705 649 1767 planetarum
690 1716 953 1766 eorumque
994 1703 1248 1754 distantias
1290 1720 1319 1753 a
1346 1706 1461 1755 Sole
1501 1705 1563 1754 ad
1601 1720 1819 1755 normam
1845 1706 2180 1768 principiaque
2208 1719 2408 1767 geome-

147 1779 267 1827 triae
296 1778 610 1840 conjungeret
640 1782 686 1826 et
712 1778 782 1825 sic
802 1776 1118 1826 fundamenta
1152 1778 1337 1841 jaceret
1370 1784 1667 1829 restauratae
1709 1780 2061 1835 astronomiae,
2115 1792 2411 1841 quamquam

146 1865 242 1899 non
294 1851 438 1914 plane
495 1850 559 1899 ad
608 1856 778 1898 votum
814 1853 1074 1912 successit,
1131 1867 1216 1914 per
1270 1858 1422 1900 totam
1478 1860 1641 1901 tamen
1696 1854 1848 1902 vitam
1888 1853 2027 1915 quasi
2067 1853 2262 1900 unicum
2302 1857 2409 1899 stu-

149 1924 337 1973 diorum
375 1938 574 1973 suorum
610 1923 755 1972 finem
793 1923 965 1972 habuit
1001 1927 1319 1988 propositum.
1398 1926 1674 1976 Extremam
1711 1925 1908 1976 manum
1947 1926 2183 1988 imposuit
2219 1925 2295 1973 his
2323 1939 2409 1974 co-

145 1999 340 2047 natibus
380 1997 591 2047 condens
634 1996 984 2060 „Harmoniam
1005 1998 1225 2060 Mundi,“
1269 2014 1415 2062 quam
1454 2015 1581 2048 anno
1614 2001 1766 2049 1619.
1795 2000 1924 2064 typis
1951 1998 2218 2053 mandavit,
2277 1999 2407 2046 Dum

148 2086 226 2120 res
264 2071 328 2119 ad
366 2073 643 2120 universam
681 2074 1027 2120 astronomiam
1065 2077 1342 2135 spectantes
1380 2080 1541 2122 mente
1582 2074 1816 2136 agitabat,
1857 2073 2049 2135 singula
2088 2079 2227 2121 erant
2252 2073 2411 2134 respi-

149 2144 336 2206 cienda,
379 2145 673 2194 observandi
710 2144 922 2194 siderum
960 2150 1122 2194 motus
1138 2167 1166 2206 ,f
1191 2145 1396 2209 eclipses
1438 2146 1566 2195 Solis
1605 2146 1871 2209 Lunaeque
1919 2160 2016 2194 non
2067 2144 2407 2208 negligendae,

148 2220 312 2281 optica
350 2218 609 2282 disciplina
646 2220 696 2266 in
733 2218 908 2267 melius
946 2220 1193 2281 vertenda,
1235 2226 1289 2268 ut
1325 2222 1449 2268 ratio
1488 2219 1624 2269 reddi
1661 2226 1827 2283 posset
1854 2219 2154 2268 refractionis
2181 2225 2408 2267 astrono-

146 2292 324 2353 micae,
377 2292 573 2354 aliaque
627 2290 810 2353 multa,
865 2307 990 2355 quae
1040 2293 1102 2341 ad
1154 2293 1436 2341 mandatum
1487 2308 1663 2342 munus
1711 2294 1977 2342 astronomi
2018 2292 2117 2359 (vel
2157 2288 2408 2359 astrologi)

145 2364 367 2414 Caesaris
425 2367 760 2429 pertinebant,
815 2364 1063 2428 agitanda.
1138 2366 1408 2415 Plurimum
1464 2366 1766 2416 facesserunt
1816 2368 1998 2430 negotii
2038 2371 2199 2415 motus
2238 2365 2407 2414 Lunae

147 2438 448 2501 inaequaleS,
490 2447 538 2488 et
575 2441 836 2488 immanem
874 2439 1107 2502 impendit
1147 2454 1345 2503 operam
1362 2440 1619 2503 KeplerUS,
1662 2445 1716 2488 ut
1753 2440 1932 2489 Terrae
1973 2441 2161 2489 comitis
2200 2439 2408 2487 orbitam

150 2511 343 2575 legibus
397 2528 428 2560 a
474 2527 525 2562 se
573 2514 786 2561 inventis
835 2513 1104 2576 adaptaret.
1184 2512 1328 2575 Quod
1375 2528 1522 2576 quum
1571 2516 1863 2563 successisse
1902 2511 2131 2576 illiusque
2170 2512 2407 2561 theoriam

146 2592 414 2634 ceterorum
451 2586 757 2648 planetarum
793 2586 992 2635 theoriis
1032 2588 1449 2636 accommodatam
1488 2593 1733 2651 putasset,
1774 2602 1847 2648 ea,
1889 2602 2014 2649 quae
2054 2585 2406 2648 evigilavisset,

145 2658 269 2707 libro
310 2660 566 2722 complecti
614 2661 812 2719 statuit,
869 2674 1013 2723 quem
1062 2660 1335 2710 Ptolemaei
1386 2660 1671 2724 Almagesto
1721 2675 2006 2724 comparans
2047 2660 2407 2722 Hipparchum

148 2733 408 2795 inscripsit.
483 2732 628 2782 Hunc
665 2733 841 2782 librum
878 2748 994 2782 vero
1034 2747 1130 2782 non
1171 2735 1451 2784 absolutum
1489 2734 1698 2797 reliquit,
1739 2736 1914 2784 iterum
1950 2736 2220 2795 iter-umque
2245 2748 2275 2781 a
2299 2732 2403 2780 Lu-

147 2819 238 2854 nae
277 2806 617 2868 inaequalibus
655 2807 882 2868 motibuS,
924 2821 1020 2869 quo
1059 2809 1219 2856 minus
1256 2807 1649 2871 progrederetur,
1689 2807 1981 2871 impeditus;
2023 2821 2148 2869 quae
2189 2807 2405 2854 continet

145 2878 266 2926 illud
305 2895 428 2942 opus
467 2881 517 2927 in
554 2878 770 2929 ordinem
807 2879 1004 2929 redacta
1043 2880 1414 2944 inordinataque
1453 2896 1511 2931 ea
1537 2896 1594 2930 ex
1621 2882 1958 2942 manuscriptis
1985 2879 2400 2928 Pulkoviensibus

148 2950 371 3001 desumta
408 2953 657 3002 retulimus
695 2955 744 3000 in
782 2954 1011 3004 volumen
1051 2954 1245 3003 tertium
1282 2961 1476 3004 nostrae
1523 2954 1765 3003 editionis.
1842 2953 2081 3016 Keplerus
2122 2968 2271 3016 quum
2315 2952 2404 3000 de-

147 3032 362 3087 speraret
398 3041 498 3075 rem
536 3026 599 3075 ad
640 3026 821 3075 calcem
856 3027 1053 3090 perduci
1091 3042 1270 3091 posse,
1318 3033 1505 3076 mutato
1548 3027 1751 3076 consilio
1790 3034 1976 3090 partem
2030 3041 2223 3084 eorum,
2278 3039 2404 3088 quae

146 3096 457 3161 Hipparchus
485 3101 778 3161 continebat,
818 3100 881 3149 ad
923 3100 1170 3163 „Tabulas
1196 3100 1567 3164 Rudolphinas“
1610 3099 1953 3150 reservandam
1993 3102 2178 3160 statuit,
2219 3104 2406 3163 partem

147 3170 231 3219 alii
268 3172 394 3220 libro
429 3173 761 3235 inserendam,
805 3187 900 3236 quo
940 3173 1163 3236 populari
1202 3189 1420 3223 sermone
1459 3176 1735 3223 universam
1775 3175 2119 3223 astronomiam
2159 3171 2406 3235 complec-

153 3250 348 3297 teretur.
424 3246 579 3311 Typis
629 3246 992 3309 exprimendum
1045 3248 1234 3295 curavit
1283 3247 1412 3296 hunc
1455 3247 1655 3310 librum,
1705 3262 1848 3310 quem
1887 3248 2132 3310 inscripsit
2171 3246 2407 3308 Epitome

149 3318 503 3368 Astronomiae
546 3319 949 3382 Copernicanae,
1004 3322 1142 3367 annis
1187 3321 1345 3382 1618,
1401 3322 1538 3370 1620
1590 3327 1638 3371 et
1683 3322 1837 3371 1621.
1914 3321 2048 3368 Libri
2085 3326 2182 3368 tres
2221 3320 2404 3382 priores

71 3410 79 3414 ·
149 3390 376 3441 exhibent
428 3392 745 3455 „Doctrinam
783 3393 1134 3456 sphaericam,“
1178 3392 1288 3441 libri
1328 3399 1535 3457 quatuor
1571 3386 1863 3457 posteriores
1905 3394 2222 3455 „Doctrinam
2260 3392 2402 3440 theo-

148 3463 344 3513 ricam.“
422 3465 672 3515 Maestlini
709 3473 905 3516 secutus
946 3466 1219 3529 exemplum
1258 3469 1542 3530 conscripsit
1579 3467 1674 3516 hoc
1712 3481 1833 3530 opus
1875 3466 2027 3515 forma
2067 3466 2407 3528 quaestionum

150 3540 200 3584 et
234 3541 627 3602 responsionum,
670 3554 796 3603 quae
834 3540 987 3589 forma
1026 3545 1073 3588 et
1112 3540 1158 3586 in
1199 3538 1306 3588 aliis
1344 3540 1503 3602 libris,
1545 3541 1720 3603 quibus
1760 3546 1886 3589 artes
1926 3541 2053 3589 aliae
2092 3537 2276 3588 sciendi
2315 3551 2402 3585 cu-

150 3607 278 3670 pidis
325 3611 666 3674 tradebantur,
724 3620 826 3662 tum
882 3614 1110 3675 temporis
1149 3613 1330 3662 usitata
1368 3620 1500 3673 erat,
1565 3627 1720 3676 eoque
1761 3612 1987 3676 collegit,
2047 3626 2171 3675 quae
2210 3612 2314 3673 ipse
2353 3611 2401 3655 in

153 3686 484 3735 astronomicis
522 3688 775 3736 invenerat
813 3700 1035 3750 quaeque
1075 3684 1158 3733 alii
1206 3700 1313 3735 cum
1358 3689 1542 3749 priores
1571 3692 1672 3735 tum
1711 3687 1941 3749 aequales
1981 3687 2029 3732 in
2067 3680 2399 3748 promovenda

153 3758 446 3807 astronomia
481 3760 837 3822 praestiterant.
911 3759 1113 3813 Innixus
1152 3757 1405 3822 Copernici
1455 3759 1513 3809 de
1551 3758 1731 3814 mundo
1770 3759 2031 3823 hypothesi
2071 3763 2119 3806 et
2157 3754 2402 3818 Tychonis

154 3825 575 3883 observationibus
619 3834 710 3883 rite
757 3832 844 3883 illa
883 3832 1133 3895 conjunxit
1169 3832 1246 3896 iis,
1287 3846 1413 3896 quae
1451 3834 1499 3881 in
1540 3831 1729 3896 Optica,
1768 3833 1818 3881 in
1854 3830 2077 3952 Ιίὶποιιᾷθ
2100 3829 2270 3879 Martis
2296 3841 2404 3878 mo-
