2554 4140
206 177 309 229 572
946 174 1000 221 Ιιι
1029 138 1275 231 Epitomen
1303 174 1452 221 Notae
1481 175 1699 223 Editor-is.

202 322 429 380 applicato
460 325 506 366 et
534 324 807 377 comparato,
837 324 1008 365 certum
1038 320 1314 365 constituere
1343 320 1593 378 possimus,
1626 321 1839 376 quidnam
1867 323 2054 379 insuper
2084 326 2212 368 extra
2242 322 2443 367 ordinem

203 387 554 432 astronomicum
586 385 743 443 quovis
773 391 975 441 tempore
1007 383 1238 430 effecerint
1269 397 1432 429 causae
1461 384 1690 441 physicae.
1745 386 1862 430 Nam
1892 388 1932 431 si
1955 388 2068 444 quid
2106 389 2154 432 in
2184 388 2256 433 his
2287 387 2443 444 depre-

199 454 390 499 hensum
421 460 490 499 est
519 454 655 510 longa
684 451 1009 504 observatione,
1042 451 1163 507 quod
1195 451 1253 496 ad
1282 448 1484 505 regulam
1507 463 1606 495 sese
1637 454 1806 495 certam
1827 457 1872 496 et
1900 458 2165 510 perpetuam
2186 459 2264 498 aut
2284 454 2444 498 saltem

198 532 280 575 per
309 518 488 576 potiora
507 518 716 576 exempla
743 518 930 575 propius
951 516 1274 572 accommodat,
1306 516 1361 561 de
1392 527 1447 559 eo
1468 514 1514 558 in
1544 514 1635 560 fine
1660 516 2026 573 praeceptionum
2046 519 2449 564 astronomicarum

196 586 363 631 rectius
395 585 628 630 docebitur
657 583 916 629 calculator.
975 591 978 593 ’

369 650 579 695 Libertas
618 655 769 695 tamen
812 650 926 695 haec
956 648 1250 705 relinquenda
1279 648 1367 693 fuit
1397 646 1687 721 astronomis,
1727 653 1797 704 ut,
1841 649 1945 704 quia
1973 649 2020 693 in
2050 650 2276 707 Tychonis
2307 647 2473 696 fundo*

197 713 408 772 aedifico,
446 715 518 760 vel
553 716 691 771 igitur
721 715 979 771 Tychonica
1017 714 1218 760 solitaria
1247 714 1424 770 possint
1452 714 1520 759 uti
1551 702 1688 770 (quod
1726 713 1836 758 facit
1865 714 2150 770 supradictus
2179 717 2449 772 Longimon-

195 782 365 838 tanus),
409 780 481 825 vel
525 781 827 826 astronomica
872 786 918 825 et
961 780 1313 826 demonstrativa
1354 784 1580 835 veterum,
1626 791 1683 822 ex
1720 777 1898 823 duobus
1935 777 2168 824 elementis
2199 785 2449 826 constante.

196 862 391 905 quorum
425 847 653 904 posterius
684 847 943 905 Tychonica
974 846 1151 902 omittit,
1181 845 1253 890 vel
1284 845 1477 900 denique
1509 843 1792 900 Tychonica,
1836 843 1893 887 ad
1931 842 2114 896 modum
2144 857 2308 890 causae
2337 845 2449 902 phy-

196 916 316 960 sicae
346 928 428 972 per
446 928 518 960 me
532 914 730 971 redacta,
760 918 895 971 prout
917 912 1080 968 cuique
1111 910 1394 965 commodum
1425 910 1662 956 videbitur.
1725 910 1826 965 Qua
1844 909 2021 954 ratione
2045 910 2300 954 necessario
2334 909 2449 954 duae

194 980 389 1026 tabellae
428 985 535 1025 sunt
574 978 762 1024 effectae
798 979 1014 1035 temporis
1055 978 1400 1052 aequationum:
1440 977 1586 1033 prima
1623 975 1806 1032 quidem
1845 979 1891 1019 et
1921 973 2229 1031 Tychonicum
2266 975 2450 1020 modum

195 1047 398 1093 solitaria
427 1049 788 1103 repraesentans,
820 1044 1209 1090 accommodatum
1239 1043 1379 1098 signis
1402 1041 1589 1096 zodiaci,
1622 1046 1667 1084 et
1698 1039 2001 1084 astronomico
2025 1039 2225 1084 serviens
2254 1054 2336 1096 pro
2361 1041 2449 1088 ele-

194 1117 371 1173 mento3
417 1109 615 1157 secunda
644 1110 881 1166 geminatis
913 1109 1188 1166 columellis,
1235 1107 1432 1153 sinistris
1465 1106 1666 1164 quidem,
1715 1118 1831 1162 quae
1860 1104 2135 1162 maJusculos
2168 1105 2451 1150 characteres

195 1148 378 1228 habent’,
411 1176 728 1233 aequationem
756 1175 995 1220 absolvens
1035 1188 1093 1219 ex
1134 1175 1362 1219 sententia
1398 1179 1616 1229 veterum,
1662 1171 1833 1217 dextris
1871 1184 1998 1225 vero,
2037 1171 2315 1216 minusculos
2347 1172 2450 1216 cha·

195 1249 394 1289 racteres
424 1241 712 1298 habentibus,
743 1253 801 1285 ex
831 1239 1140 1297 speculatione
1169 1252 1269 1284 mea
1298 1239 1504 1296 propria,
1538 1244 1584 1283 et
1615 1238 1772 1283 delens
1801 1235 1917 1281 illud
1946 1242 2148 1281 veterum
2180 1235 2452 1282 elementum

200 1314 247 1353 et
286 1308 594 1365 Tychonicam
628 1306 886 1364 empiricam
925 1306 972 1351 in
1007 1306 1244 1364 physicam
1283 1305 1635 1358 transformans,
1673 1309 1867 1361 utroque
1906 1301 2042 1346 modo
2085 1301 2144 1346 ad
2185 1301 2452 1348 anomaliam

200 1373 317 1420 Solis
350 1372 705 1418 accommodato,

369 1445 514 1502 Igitur
542 1450 721 1500 tempus
752 1448 1028 1500 aequaturus
1061 1455 1118 1487 ex
1148 1443 1373 1489 sententia
1404 1443 1630 1500 Tychonis
1661 1442 1823 1500 Brahe,
1857 1456 1959 1487 cum
1989 1454 2094 1486 vero
2126 1440 2227 1486 loco
2259 1439 2376 1486 Solis
2406 1442 2451 1485 in
2486 1490 2489 1491 ⁷

192 1511 378 1557 zodiaco
409 1508 936 1565 ingrediaturstabellam
956 1507 1262 1566 Tychonicam
1294 1509 1471 1565 dictam,
1504 1509 1710 1565 quaesito
1742 1508 1872 1566 signo
1895 1506 2012 1552 Solis
2043 1507 2088 1550 in
2111 1506 2274 1563 fronte,
2307 1506 2451 1564 gradu

189 1579 236 1622 in
266 1576 467 1631 margine
497 1575 693 1632 sinistro,
727 1575 799 1619 vel
828 1575 905 1620 illo
936 1575 982 1620 in
1014 1575 1150 1630 calce,
1180 1576 1269 1621 hoc
1297 1575 1345 1620 in
1377 1574 1536 1620 dextro
1566 1574 1767 1631 margine
1789 1610 1800 1632 ,
1843 1578 1889 1618 et
1921 1572 2154 1618 exhibebit
2185 1586 2293 1618 area
2332 1585 2451 1617 com-

191 1642 339 1688 munis
373 1647 578 1697 tempora
609 1647 655 1686 et
687 1640 900 1697 scrupula
930 1641 1213 1697 aequationis
1246 1640 1435 1685 dierum.
1484 1639 1542 1684 si
1574 1652 1681 1697 ergo
1713 1644 1892 1697 tempus
1932 1651 2156 1695 apparens
2188 1643 2451 1683 converten-

194 1710 301 1754 dum
335 1714 405 1753 est
433 1707 480 1752 in
520 1706 732 1764 aequale,
772 1707 885 1751 haec
915 1707 1127 1763 aequatio
1167 1708 1354 1752 redacta
1382 1706 1428 1749 in
1459 1705 1634 1751 minuta
1670 1705 1876 1760 horaria,
1918 1704 1972 1748 ab
2018 1703 2238 1749 alterutro
2271 1705 2451 1760 quidem

196 1778 465 1832 punctorum
506 1772 902 1830 aequinoctialium
944 1774 1002 1818 ad
1042 1773 1249 1818 solstitia·
1276 1778 1495 1829 pergente
1527 1772 1652 1830 Sole,
1700 1771 1995 1817 subtrahatur
2025 1784 2052 1815 a
2082 1775 2284 1826 tempore
2314 1783 2451 1827 appa-

193 1839 333 1898 renti3
365 1852 393 1884 a
424 1837 630 1883 solstitiis
661 1851 768 1883 vero
800 1836 858 1882 ad
891 1838 1241 1893 aequinoctialia
1272 1838 1378 1883 Sole
1407 1843 1688 1894 transeunte,
1721 1837 1927 1891 addatur,
1959 1836 2081 1893 quod
2112 1840 2159 1879 et
2189 1835 2310 1879 tituli
2338 1835 2454 1898 indi7

192 1908 314 1949 cant.
373 1901 421 1947 Si
450 1914 557 1946 vcro
588 1906 768 1958 tempus
799 1902 989 1957 aequale
1032 1903 1385 1948 convertendum
1417 1908 1487 1947 est
1515 1903 1562 1947 in
1594 1915 1842 1959 apparens,
1887 1902 2158 1948 contrarium
2191 1901 2335 1946 titulis
2365 1901 2457 1948 erit.

190 1967 458 2020 faciendum,
490 1966 746 2012 addendum
777 1966 950 2011 scilicet
980 1969 1172 2025 tempori
1195 1968 1388 2025 aequali,
1422 1968 1527 2013 Sole
1558 1973 1769 2012 versante
1789 1968 1836 2013 in
1867 1969 2193 2026 quadrantibus
2219 1970 2276 2014 ab
2299 1968 2450 2025 aequi-

190 2033 375 2079 noctiali
411 2037 581 2090 puncto
613 2032 828 2089 inceptis,
862 2033 1219 2079 subtrahendum
1249 2036 1296 2079 in
1325 2035 1538 2092 reliquis,
1571 2036 1649 2092 qui
1680 2050 1707 2081 a
1738 2036 2031 2081 solstitiorum
2062 2034 2278 2079 alterutro
2310 2033 2448 2078 dedu-

193 2104 380 2156 cuntur;
412 2099 477 2143 ita
505 2097 586 2142 fiet
616 2103 799 2154 tempus
830 2111 1072 2154 apparens.
1132 2101 1233 2146 Hoc
1262 2106 1555 2158 praeceptum
1586 2101 1796 2157 generale
1827 2107 1910 2146 est.

367 2173 428 2216 At
458 2172 507 2215 in
537 2170 716 2227 specie,
755 2170 793 2214 si
824 2184 917 2216 non
948 2171 1080 2216 aliam
1113 2172 1169 2216 ob
1200 2186 1293 2218 rem
1325 2179 1569 2230 quaeratur
1601 2174 1656 2219 de
1685 2179 1889 2231 tempore
1930 2172 2193 2230 apparenti,
2235 2185 2368 2228 quam
2398 2182 2450 2221 ut

191 2220 358 2295 per‘id
396 2236 623 2282 habeatur
662 2235 830 2292 gradus
869 2236 1015 2281 oriens
1056 2237 1246 2294 ejusque
1283 2239 1476 2294 angulus
1516 2253 1618 2283 cum
1648 2240 1884 2284 horizonte
1925 2239 2222 2295 constitutus,
2262 2243 2450 2295 propter
2524 2279 2536 2293 ,

191 2300 451 2361 parallaxes
482 2303 530 2347 in
558 2302 691 2346 Luna
722 2301 1070 2348 discernendas:
1109 2310 1218 2349 tunc
1255 2319 1338 2362 pro
1375 2305 1454 2350 illo
1488 2305 1668 2362 quidem
1699 2307 1870 2351 oriente
1909 2310 2080 2362 puncto
2113 2301 2452 2348 determinando

191 2383 283 2415 non
314 2370 546 2426 erit*opus
579 2368 872 2413 conversione
903 2372 1159 2424 temporum
1191 2370 1555 2426 aequatoriorum
1599 2372 1738 2428 hujus
1770 2370 2053 2428 aequationis
2082 2369 2130 2413 in
2171 2368 2344 2413 minuta
2372 2368 2452 2412 ho·
2494 2399 2509 2415 ιι

192 2435 325 2491 raria,
359 2433 440 2479 sed
470 2434 550 2478 illa
578 2434 680 2491 ipsa
709 2439 915 2489 tempora
945 2438 992 2478 et
1021 2434 1250 2491 scrupula,
1284 2440 1335 2479 ut
1369 2442 1675 2491 excerpuntur
1708 2449 1764 2480 ex
1794 2449 1879 2481 sua
1908 2434 2096 2491 tabella,
2140 2440 2333 2491 possunt
2363 2438 2452 2479 sta-

189 2501 271 2546 tim
301 2498 406 2545 addi
427 2499 484 2543 ad
504 2499 816 2544 ascensionem
835 2502 1005 2543 rectam
1028 2498 1162 2542 medii
1183 2499 1311 2555 coeli,
1342 2499 1415 2543 vel
1447 2500 1674 2557 obliquam
1703 2501 1971 2557 horoscopi,
2017 2512 2132 2556 quae
2162 2512 2246 2557 per
2274 2506 2452 2557 tempus
2504 2498 2534 2542 “.

192 2565 381 2622 aequale
413 2565 664 2610 constituta
693 2564 801 2619 fuit,
849 2569 929 2608 aut
968 2564 1026 2608 ab
1069 2563 1148 2607 illa
1178 2564 1395 2608 subtrahi.
1457 2566 1651 2622 Propter
1682 2566 1804 2612 hunc
1835 2580 1967 2611 usum
1996 2565 2134 2618 hujus
2173 2565 2452 2621 aequationis
2481 2573 2491 2578 “

189 2643 306 2688 pene
335 2630 518 2675 unicum
546 2634 780 2686 praestare
811 2629 982 2686 putavi,
1015 2634 1066 2672 ut
1096 2629 1141 2672 in
1174 2630 1455 2686 temporibus
1488 2637 1533 2676 et
1563 2632 1789 2689 scrupulis
1821 2631 2118 2690 aequatoriis,
2160 2645 2294 2688 quam
2324 2636 2375 2676 ut
2402 2631 2477 2686 in,

194 2696 376 2741 minutis
407 2695 600 2740 horariis
633 2695 954 2752 aequationum
986 2695 1148 2739 harum
1181 2695 1459 2751 quantitates
1491 2697 1829 2743 exhiberentur.

362 2762 535 2807 Eadem
568 2761 828 2817 Tychonica
868 2761 1041 2805 dierum
1084 2761 1296 2817 aequatio
1330 2761 1568 2807 conficitur
1607 2763 1741 2807 etiam
1774 2763 1905 2807 aliter
1935 2766 1981 2806 et
2011 2761 2106 2806 sine
2137 2759 2355 2818 peculiari
2385 2766 2452 2804 ta·
2456 2768 2468 2781 ³

191 2827 322 2883 bula,
360 2840 443 2884 per
473 2825 617 2870 solam
647 2826 849 2870 tabulam
881 2825 1199 2870 ascensionum
1228 2832 1478 2885 rectarum,
1511 2833 1561 2872 ut
1592 2842 1708 2902 quae
1740 2828 1852 2872 nihil
1885 2833 1955 2873 est
1985 2827 2128 2884 aliud,
2162 2839 2295 2883 quam
2327 2825 2450 2871 diffe-
2494 2869 2497 2882 ,

194 2892 343 2937 rentia
371 2890 667 2949 longitudinis
698 2889 789 2936 loci
821 2891 938 2936 Solis
968 2891 1062 2934 veri
1091 2890 1147 2934 ab
1171 2892 1455 2947 aequinoctio
1488 2898 1534 2936 et
1565 2892 1662 2948 ejus
1695 2893 1973 2938 ascensionis
1995 2899 2170 2937 rectae·
2202 2889 2322 2947 quod
2351 2903 2453 2946 pro-

193 2957 309 3002 derit
346 2955 562 3002 memoria
590 2956 807 3010 retinere,
855 2956 934 3002 ubi
964 2955 1196 3001 transieris
1241 2956 1300 3001 ad
1330 2956 1522 3039 alterum
1552 2958 1836 3014 aequationis
1867 2958 2049 3003 modum
2087 2955 2450 3010 astronomicum,
2491 2989 2494 2996 .

194 3036 294 3066 cum
322 3022 409 3067 hoc
439 3021 804 3078 comparandum.

365 3094 464 3138 Hoc
494 3098 789 3152 praeceptum
819 3093 941 3138 valet
972 3093 1130 3150 quovis
1163 3094 1330 3151 seculo,
1364 3108 1447 3140 nec
1478 3095 1651 3153 indiget
1681 3095 1983 3153 applicatione
2015 3095 2101 3140 alia
2118 3095 2175 3140 ad
2208 3095 2452 3160 quamlibet

196 3163 416 3215 aetatem,
460 3166 511 3205 ut
538 3161 619 3207 fiat
651 3159 1040 3216 compendiosius,
1083 3165 1134 3204 ut
1164 3160 1457 3215 aequationes
1488 3161 1715 3217 reliquae·
1759 3175 1866 3207 sane
1913 3160 2018 3217 quia
2047 3161 2223 3206 unicam
2263 3171 2460 3224 eamque·

194 3223 570 3280 simplicissimam
600 3240 783 3272 causam
813 3224 1031 3296 temporis
1062 3224 1288 3279 aequandi
1318 3225 1640 3282 complectitur

367 3288 516 3344 Atque
546 3291 653 3336 huic
685 3305 768 3348 ego
798 3287 931 3333 modo
963 3288 1132 3344 primas
1165 3288 1280 3345 dedi,
1312 3303 1414 3334 cum
1446 3291 1503 3335 ob
1535 3291 1652 3337 hanc
1681 3292 1829 3348 ipsam
1859 3291 1957 3346 ejus
1980 3290 2322 3347 simplicitatem,
2353 3295 2447 3336 tum
2476 3296 2477 3300 ’

195 3352 305 3410 quia
335 3366 527 3408 sequens
560 3357 785 3401 secundus
817 3362 863 3401 et
893 3355 1220 3401 astronomicus
1251 3355 1412 3400 modus
1444 3357 1567 3400 hunc
1597 3370 1679 3414 pro
1722 3370 1812 3400 uno
1844 3369 1954 3400 suae
1992 3355 2328 3413 compositionis
2360 3354 2450 3400 ele«

200 3423 350 3464 mento
381 3418 520 3464 habet
551 3433 634 3465 nec
664 3423 760 3466 sine
793 3435 844 3467 eo
878 3420 1038 3466 confici
1067 3426 1234 3477 potest.
1297 3421 1428 3476 Quod
1461 3422 1546 3465 etsi
1575 3436 1667 3466 non
1696 3419 1879 3477 fuisset,
1923 3421 2064 3477 ipsius
2095 3427 2244 3465 tamen
2274 3419 2481 3464 tabula--

195 3498 297 3530 rum
327 3483 497 3527 harum
517 3485 649 3540 primi
680 3488 899 3544 auctoris,
946 3488 1022 3544 qui
1051 3486 1233 3531 modum
1264 3487 1391 3532 illum
1421 3487 1660 3544 amplexus
1693 3494 1782 3545 est,
1813 3493 2047 3542 respectus
2078 3487 2199 3531 hunc
2229 3485 2271 3529 ei
2299 3485 2448 3531 locum

195 3547 479 3593 obtinuisset.
541 3547 745 3605 Denique
779 3552 915 3605 haec,
958 3553 1160 3608 quamvis
1193 3553 1406 3611 empirica
1435 3558 1613 3597 tantum
1645 3552 1860 3609 temporis
1891 3551 2114 3607 aequandi
2144 3551 2282 3605 ratio,
2315 3550 2446 3607 plura

193 3627 276 3672 pro
307 3625 357 3658 se
386 3613 610 3661 hactenus
641 3614 810 3659 invenit
843 3617 1056 3673 suffragia
1087 3618 1333 3675 eclipsium‚
1366 3624 1528 3662 nostra
1558 3623 1708 3663 aetate
1739 3623 1947 3661 accurate
1978 3617 2326 3661 observatarum.
2422 3627 2426 3633 ·

370 3677 571 3722 Transeo
610 3677 667 3722 ad
708 3680 951 3725 secundum
981 3683 1162 3727 modum
1195 3682 1420 3739 aequandi
1452 3683 1570 3739 dies,
1605 3684 1660 3728 de
1691 3695 1802 3738 quo,
1836 3687 1887 3725 ut
1918 3682 2187 3738 composito,
2220 3681 2351 3738 plura
2381 3677 2450 3723 di·
2511 3712 2519 3730 ,

196 3742 340 3789 cenda
370 3748 506 3788 sunt.¹
549 3743 615 3787 Ac
646 3742 838 3799 primum
867 3747 1163 3801 repetendum
1191 3748 1265 3792 hic
1299 3755 1368 3792 est
1399 3760 1456 3791 ex
1486 3746 1759 3792 astronomia
1789 3746 1997 3802 antiqua:
2030 3747 2142 3790 duas
2166 3760 2265 3792 esse
2286 3756 2442 3791 causas
2509 3755 2518 3789 ε

197 3807 423 3866 aequandi
453 3808 548 3854 dies
580 3807 823 3863 naturales,
856 3808 1044 3854 alteram
1075 3812 1129 3855 ab
1161 3812 1482 3868 inaequalitate
1513 3824 1686 3857 ascenS.
1719 3815 1968 3865 rectarum,
2013 3810 2200 3855 alteram
2238 3811 2293 3855 ab
2323 3810 2443 3854 inae·

198 3874 322 3934 quali
351 3868 477 3921 motu
509 3871 625 3919 Solis
655 3885 739 3933 per
768 3872 1014 3920 zodiacum.
1076 3875 1249 3922 Harum
1279 3877 1358 3922 illa
1387 3877 1545 3935 incipit
1574 3889 1601 3921 a
1629 3874 1808 3935 punctis
1839 3875 2244 3934 aequinoctialibus
2265 3873 2335 3921 vel
2354 3871 2456 3923 sol-[⁷
