2554 4140
848 107 986 155 Liber
1015 109 1231 167 Quartus,
1291 110 1405 156 Pars
1434 109 1597 155 Prima.
2253 114 2354 161 311

23 280 27 282 >
101 262 262 319 fonte,
309 263 518 320 suntque
563 259 613 304 in
661 271 721 306 eo
772 257 908 320 globi
948 263 997 308 et
1034 264 1311 319 creaturae,
1363 257 1541 319 quibus
1587 255 1674 305 lux
1711 256 1842 307 Solis
1878 256 2146 306 infunditur
2184 262 2232 306 et
2271 259 2357 319 qui

103 349 162 381 ea
197 332 431 380 fruuntur.
493 330 725 378 Fixarum
762 331 973 393 sphaera
1012 332 1170 380 vicem
1207 335 1426 393 praestat
1463 328 1607 390 alvei,
1647 331 1695 376 in
1734 345 1830 392 quo
1872 330 2092 379 decurrat
2115 330 2210 380 hoc
2235 329 2360 378 lucis

101 407 293 464 flumen,
333 409 503 466 estque
541 402 742 465 quidam
781 404 936 452 veluti
972 405 1133 466 paries
1174 418 1359 466 opacus
1397 406 1445 452 et
1483 401 1799 463 illuminatus,
1837 403 1998 471 lucem
2023 403 2152 457 Solis
2190 417 2357 466 reper-

100 480 287 527 cutiens
325 482 374 524 et
409 474 782 538 conduplicans:
838 478 1107 526 rectissime
1145 477 1362 526 laternae
1402 477 1789 539 comparaveriS,
1832 491 1958 538 quae
1999 482 2171 526 ventos
2209 482 2355 527 arcet.

37 587 42 590 -
101 552 184 600 Sic
229 550 279 596 in
326 548 618 597 animalibus
668 550 941 612 cerebrum,
996 549 1139 599 sedes
1185 550 1453 599 sensitivae
1491 545 1766 607 facultatiS,
1819 552 1910 596 toti
1949 550 2148 597 animali
2186 563 2357 599 sensus

101 636 268 671 omnes
307 623 652 683 communicat,
706 628 756 670 et
803 629 918 671 actu
955 636 1146 672 sensus
1169 623 1439 671 communis
1478 625 1708 670 causatur
1744 620 1939 669 illorum
1978 636 2209 671 sensuum
2249 637 2356 671 om-

101 697 233 743 nium
270 696 621 758 praesentiam,
670 708 756 744 eos
797 695 950 744 veluti
998 697 1216 745 excitans
1268 702 1316 745 et
1355 694 1559 757 vigilare
1594 693 1790 756 jubens·
1865 694 1929 742 Et
1965 694 2129 743 aliter:
2177 698 2227 743 in
2266 694 2360 744 hac

100 769 464 831 comparatione
502 766 590 816 Sol
637 782 745 817 sese
797 767 948 818 habet
985 771 1136 817 instar
1174 770 1330 831 ipsius
1367 782 1541 817 sensus
1580 766 1874 827 communiS,
1927 766 2061 829 globi
2111 770 2159 815 in
2207 770 2357 817 inter·
2393 786 2396 790 ⁴

99 841 257 890 medio
294 842 447 889 instar
486 854 777 903 organorum
815 843 1168 901 sensoriorum,
1207 841 1334 891 fixae
1373 843 1524 890 instar
1563 839 1867 901 obiectorum
1904 839 2169 889 sensilium.

244 912 419 975 Quoad
459 913 764 975 calorem,
814 913 901 962 Sol
938 914 1076 969 focus
1115 914 1284 962 mundi
1320 920 1422 974 est,
1478 913 1539 962 ad
1579 912 1708 961 hune
1746 913 1908 960 focum
1947 912 2081 975 globi
2122 915 2168 961 in
2207 914 2357 963 inter-

98 986 258 1036 medio
296 1001 403 1035 sese
441 986 752 1049 calefaciunt3
804 986 1010 1035 fixarum
1047 987 1258 1050 sphaera
1296 988 1513 1036 continet
1551 986 1785 1045 calorem,
1830 999 1898 1035 ne
1937 985 2154 1046 diffluat,
2206 986 2360 1035 veluti
2436 1004 2438 1007 ·

98 1059 298 1123 quidam
347 1059 514 1108 mundi
563 1061 749 1122 parieS,
800 1058 947 1122 pellis
995 1066 1082 1108 aut
1130 1061 1306 1120 vestis,
1362 1066 1416 1108 ut
1465 1059 1651 1108 Psalmi
1689 1058 1943 1118 Davidici,
1968 1059 2184 1108 flosculis
2231 1065 2354 1108 utar.

98 1133 183 1183 Sol
223 1133 351 1195 ignis
391 1139 489 1192 est,
530 1139 584 1180 ut
619 1132 952 1196 Pythagoraei
990 1132 1170 1193 dixere,
1210 1132 1291 1182 vel
1331 1131 1457 1195 lapis
1497 1147 1584 1181 seu
1623 1146 1787 1180 massa
1825 1131 2038 1187 candens
2078 1138 2132 1181 ut
2172 1133 2360 1181 Demo-

99 1207 261 1267 crituS,
302 1205 505 1254 fixarum
545 1205 754 1268 sphaera
790 1205 977 1267 glacies
1005 1211 1080 1255 est
1103 1220 1192 1255 seu
1217 1205 1427 1268 sphaera
1453 1204 1749 1270 crystallina,
1790 1211 2068 1268 comparate
2094 1205 2358 1268 loquendo,

98 1278 285 1341 Quodsi
323 1293 421 1327 non
460 1285 789 1327 creaturarum
827 1283 1016 1326 tantum
1055 1281 1367 1339 terrestrium,
1407 1278 1492 1328 sed
1535 1279 1682 1327 etiam
1722 1279 1871 1326 totius
1911 1293 2069 1327 aurae
2100 1278 2357 1328 aethereae

95 1367 181 1416 per
230 1353 508 1400 universam
545 1351 713 1399 mundi
752 1350 1121 1414 amplitudinem
1160 1357 1235 1401 est
1273 1351 1440 1414 aliqua
1477 1350 1685 1400 facultas
1735 1356 2000 1413 vegetanS,
2052 1352 2193 1414 cujus
2241 1366 2360 1401 eon-

91 1427 333 1488 jecturam
370 1425 608 1491 praebent
645 1424 787 1475 nobis
826 1438 936 1473 cum
974 1425 1232 1474 manifesta
1258 1425 1388 1475 Solis
1416 1426 1612 1486 enelgia
1639 1423 1971 1485 calefaciendi,
2012 1430 2114 1472 tum
2141 1430 2360 1474 contem-

102 1499 344 1562 plationes
391 1497 628 1561 physicae
674 1497 734 1546 de
786 1502 1083 1547 cometarum
1132 1504 1264 1561 ortu3
1317 1513 1425 1548 eam
1479 1497 1706 1546 credibile
1746 1503 1820 1546 est
1858 1497 2125 1546 radicatam
2165 1513 2271 1548 esse
2310 1500 2360 1546 in

101 1571 218 1621 Sole
255 1571 392 1619 velut
430 1571 480 1618 in
517 1570 661 1620 corde
697 1570 865 1619 mundi
904 1570 1114 1635 indeque
1151 1573 1354 1635 remigio
1393 1570 1516 1619 lucis
1556 1586 1654 1620 una
1692 1585 1800 1619 cum
1840 1569 1999 1620 calore
2033 1585 2284 1621 excurrere
2311 1573 2362 1619 in

101 1645 195 1694 hoc
232 1643 585 1707 amplissimum
622 1643 791 1692 mundi
828 1646 1071 1711 spatium,
1117 1644 1181 1693 ad
1221 1660 1332 1693 eum
1379 1644 1605 1704 modum,
1660 1658 1757 1706 quo
1800 1645 1848 1691 in
1887 1637 2180 1693 animalibus
2220 1640 2359 1694 sedes

101 1717 276 1768 caloris
313 1723 362 1766 et
398 1717 648 1766 facultatis
687 1716 854 1766 vitalis
893 1723 966 1766 est
1004 1719 1054 1765 in
1094 1717 1265 1778 corde,
1306 1717 1600 1779 vegetabilis
1639 1719 1688 1764 in
1729 1722 1886 1779 epate,
1927 1716 2054 1766 unde
2091 1732 2178 1780 per
2215 1719 2361 1780 spiri-

102 1798 238 1840 tuum
290 1792 581 1839 commercia
618 1789 876 1839 facultates
914 1790 1007 1839 hae
1048 1797 1306 1840 excurrunt
1354 1792 1403 1838 in
1450 1790 1638 1852 reliqua
1676 1791 1823 1838 etiam
1863 1792 2078 1858 corporis
2116 1792 2362 1853 membra;

99 1865 301 1913 fixarum
340 1863 421 1912 bic
457 1865 607 1926 regio,
647 1869 783 1912 stans
823 1862 1038 1926 undique
1078 1878 1138 1913 ex
1174 1865 1418 1927 opposite,
1459 1863 1822 1927 vegetationem
1861 1858 1988 1913 hanc
2012 1863 2235 1926 adjuvat,
2276 1879 2361 1914 ca-

98 1937 250 1987 lorem
288 1941 622 1998 concentrans,
663 1941 718 1984 ut
754 1936 1035 1999 loquuntur,
1077 1937 1231 1986 veluti
1271 1935 1511 2000 quaedam
1553 1935 1721 1984 mundi
1758 1937 1897 1986 cutis

166 2072 173 2078 ·
219 2008 419 2072 -Quoad
454 2016 718 2069 motum,
758 2009 846 2058 Sol
884 2016 959 2060 est
997 2011 1154 2074 prima
1191 2024 1340 2060 causa
1377 2015 1538 2058 motus
1573 2009 1883 2072 planetarum
1907 2010 2124 2078 universi
2148 2011 2361 2074 primus-

99 2097 195 2145 que
231 2088 404 2145 motor,
444 2084 590 2132 etiam
626 2083 813 2132 ratione
851 2086 929 2132 sui
967 2085 1197 2146 corporis.
1261 2084 1318 2132 In
1357 2083 1644 2133 intermedio
1670 2084 1942 2146 spatiantur
1969 2083 2186 2144 mobilia,
2227 2083 2361 2145 globi

98 2156 285 2206 seilicet
319 2156 655 2219 planetarum3
693 2156 901 2205 fixarum
936 2158 1072 2220 regio
1110 2162 1329 2220 praestat
1365 2157 1630 2206 mobilibus
1668 2157 1832 2205 locum
1856 2162 1905 2205 et
1928 2156 2068 2205 basin
2097 2155 2358 2219 quandam,

101 2231 182 2278 cui
219 2227 358 2278 velut
408 2230 676 2278 innitantur
724 2229 949 2291 mobilia,
1003 2236 1051 2280 et
1098 2231 1238 2294 cujus
1275 2245 1362 2294 per
1399 2245 1452 2279 se
1487 2229 1755 2287 ,immobilis
1797 2231 2162 2294 comparatione
2200 2235 2363 2290 motus

100 2301 406 2365 intelligatur
453 2302 571 2352 fieri.
647 2301 731 2352 Sic
779 2304 829 2350 in
883 2303 1177 2353 animalibus
1217 2303 1508 2353 cerebellum
1551 2309 1626 2352 est
1661 2302 1803 2358 sedes
1842 2303 2090 2374 facultatis
2129 2304 2362 2379 motrieis,

102 2389 279 2438 corpus
314 2374 522 2438 ejusque
557 2376 775 2425 membra
813 2382 927 2425 sunt
963 2376 1014 2425 id
1053 2376 1186 2439 quod
1222 2383 1474 2439 movetur3
1488 2376 1662 2425 Terra
1701 2370 1891 2440 corpori
1930 2374 2165 2438 animali,
2187 2391 2362 2439 corpus

102 2448 302 2496 brachio
343 2447 423 2496 vel
476 2450 646 2512 capiti,
700 2448 954 2499 brachium
1001 2449 1154 2513 digito
1193 2455 1268 2498 est
1306 2451 1465 2511 basiS,
1517 2464 1662 2514 super
1701 2465 1799 2541 qua
1830 2455 1891 2499 ut
1928 2450 2165 2499 immobili
2203 2455 2363 2499 motus

101 2521 190 2571 fiat
228 2520 463 2583 cujusque
500 2523 671 2584 partis.
2398 2528 2401 2530 ’

251 2594 479 2656 Denique
518 2593 683 2656 quoad
719 2593 1114 2643 harmoniam
1154 2600 1388 2656 motuum,
1430 2594 1692 2644 Sol-illum
1730 2595 1893 2644 locum
1933 2595 2134 2655 obtinet,
2175 2595 2223 2642 in
2264 2609 2360 2656 quo

99 2666 210 2717 solo
246 2666 553 2729 planetarum
592 2673 750 2716 motus
786 2667 973 2716 faciunt
1018 2669 1355 2730 apparentiam
1396 2662 2039 2734 quantitatumharmonice
2079 2663 2362 2730 contempe-

102 2747 329 2800 ratarum,
370 2739 599 2802 planetae
639 2741 745 2803 ipsi,
788 2739 1108 2789 discurrentes
1148 2743 1195 2788 in
1236 2741 1536 2802 intermedio,
1576 2742 1852 2804 subjectum
1882 2741 2112 2790 exhibent
2139 2755 2227 2789 seu
2264 2745 2362 2797 ter-

101 2815 275 2874 minos,
315 2815 364 2860 in
404 2813 582 2875 quibus
621 2814 890 2863 consistunt
925 2813 1233 2875 harmoniae3
1276 2813 1481 2864 fixarum
1519 2814 1728 2877 sphaera
1767 2830 1855 2862 seu
1893 2814 2123 2863 zodiacus
2151 2813 2372 2871 circulus

101 2886 300 2942 exhibet
338 2900 604 2948 mensuras,
645 2900 705 2934 ex
744 2887 925 2948 quibus
963 2888 1209 2949 quantitas
1247 2892 1466 2936 motuum
1505 2888 1843 2950 apparentium
1886 2887 2209 2949 cognoscitur.
2281 2885 2363 2935 Sic

105 2961 251 3009 etiam
288 2960 339 3008 in
375 2959 572 3008 homine
610 2957 884 3008 intellectus
923 2966 1011 3020 est,
1051 2962 1135 3023 qui
1173 2960 1413 3016 abstrahit
1441 2960 1738 3010 universalia
1764 2960 2036 3023 formatque
2054 2965 2111 3009 ‚et
2135 2957 2361 3008 numeros

105 3038 156 3082 et
190 3033 542 3096 proportiones,
580 3038 633 3080 ut
671 3046 797 3094 quae
836 3046 934 3081 non
971 3039 1086 3080 sunt
1122 3038 1260 3082 extra
1298 3032 1627 3095 intellectum3
1668 3031 1922 3081 individua
1948 3047 2079 3094 vere,
2119 3047 2206 3096 per
2242 3047 2362 3083 sen-

88 3120 190 3165 sns
239 3107 363 3155 intro
411 3111 626 3168 recepta,
682 3110 797 3153 suut
843 3104 1211 3156 fundamentum
1263 3106 1638 3167 universalium,
1690 3104 1973 3156 individuae
2023 3111 2071 3155 et
2123 3100 2362 3156 discretae

107 3178 345 3238 unitates,
383 3190 717 3238 numerorum,
757 3179 947 3226 termini
984 3177 1156 3239 reales,
1196 3179 1592 3241 proportionum,
1634 3180 1866 3228 memoria
1905 3178 2114 3242 denique
2153 3181 2360 3243 quibus·-

106 3249 220 3300 (lam
269 3251 421 3302 veluti
475 3251 649 3301 loculis
705 3252 1030 3314 quantitatum
1081 3256 1129 3300 et
1176 3255 1470 3314 temporum,
1530 3250 1593 3301 ad
1643 3250 1887 3314 quoddam
1936 3253 2087 3302 instar
2124 3253 2361 3317 sphaerae

108 3323 312 3374 fixarum
349 3323 603 3385 distincta,
647 3330 719 3373 est
755 3338 910 3386 penus
948 3330 997 3373 et
1033 3325 1373 3387 repositorium
1411 3326 1707 3373 sensionum.
1785 3325 1846 3374 Et
1878 3325 2103 3389 amplius,
2146 3325 2206 3375 de
2244 3340 2358 3375 sen-

109 3397 328 3447 sionibus
366 3399 591 3461 nuspiam
630 3397 683 3445 fit
715 3396 954 3458 judicium
991 3397 1086 3445 nisi
1123 3398 1171 3443 in
1211 3397 1424 3458 cerebm,
1465 3399 1689 3461 nuspiam
1729 3399 1879 3448 oritur
1915 3400 2118 3449 affectus
2144 3399 2361 3448 laetitiae

114 3483 175 3518 ex
210 3472 519 3534 perceptione
556 3469 770 3521 sensuali
808 3470 900 3518 nisi
940 3471 984 3516 in
1027 3469 1183 3518 corde.

253 3542 534 3606 Respondet
591 3545 739 3607 igitur
800 3543 1109 3591 nutricationi
1158 3540 1442 3592 animalium
1490 3547 1539 3592 et
1585 3542 1860 3606 plantarum
1912 3544 2042 3595 dicta
2092 3546 2356 3608 vegetatio,

113 3614 372 3677 respondet
407 3617 546 3667 vitali
583 3617 804 3667 facultati
843 3616 1122 3675 calefactio,
1179 3615 1378 3663 animali
1426 3621 1615 3677 motus,
1660 3619 1924 3667 sensitivae
1963 3619 2072 3679 lux,
2133 3616 2359 3666 rationali

116 3685 383 3739 harmonia.
460 3688 620 3751 Quare
671 3691 875 3754 optimo
901 3689 1011 3752 jure
1050 3688 1132 3737 Sol
1177 3702 1259 3736 cor
1305 3687 1470 3737 mundi
1522 3687 1726 3739 habetur
1773 3691 2001 3754 vitaeque
2057 3697 2106 3740 et
2154 3691 2355 3738 rationis

63 3764 66 3769 ’
115 3756 255 3807 sedes
293 3765 344 3809 et
376 3762 712 3823 primariorum
751 3763 892 3811 trium
931 3760 1096 3810 mundi
1137 3760 1456 3811 membrorum
1483 3764 1820 3826 praecipuum,
1860 3770 2070 3827 suntque
2113 3778 2227 3812 vera
2266 3776 2353 3811 en-
2398 3792 2401 3795 -

115 3831 270 3883 comia
306 3846 452 3886 sensu
489 3834 843 3902 philosophico,
885 3849 992 3885 curn
1031 3837 1204 3900 poetae
1244 3848 1404 3898 regem
1443 3843 1694 3898 astrorum,
1735 3835 1921 3889 Sidonii
1966 3851 2080 3887 vero
2121 3841 2169 3884 et
2203 3834 2353 3888 Chal-
