2554 4140
941 97 1177 144 Praefatio
1205 100 1251 145 et
1282 97 1533 156 Epistolae.
2099 150 2105 173 9
2263 107 2367 155 629

94 243 316 294 addendo
350 244 551 296 totidem
590 246 764 305 horae,
823 251 944 310 quot
981 249 1297 297 inveniuntur
1337 246 1398 296 ad
1438 247 1677 309 cujusque
1715 244 1812 296 loci
1849 246 2171 298 meridianum
2209 265 2367 300 anno-

51 362 53 365 .
94 323 253 381 tatae3
306 318 391 368 sed
444 327 558 368 tunc
603 319 702 367 fida
752 322 1043 384 supponitur
1081 321 1341 371 collocatio
1378 319 1613 369 locorum.
1653 334 1724 356 -’--
1766 318 1886 367 Cum
1936 323 2198 387 privilegio
2239 323 2368 395 Cae-

93 406 232 439 sarco
271 392 331 439 ad
373 407 526 442 annos
564 391 746 443 XXX.

10 459 11 462 ’
265 460 473 517 Denique
503 461 766 517 notandum,
800 467 1091 519 aequatorem
1121 460 1456 519 repraesentari
1486 461 1609 506 linea
1638 465 1778 517 recta,
1813 460 1956 507 divisa
1985 464 2032 508 in
2066 464 2119 509 12
2140 465 2278 511 horas
2310 466 2368 512 ad

9 515 11 567 ξ
91 522 298 568 dextram
329 532 375 570 et
406 527 645 583 sinistram,
676 527 922 585 incipiente
955 544 980 574 a
1012 531 1210 575 sectione
1242 527 1375 585 primi
1404 527 1642 572 meridiani
1674 540 1775 570 cum
1807 532 2070 583 aequatore.

263 592 300 635 P
310 591 340 634 h
355 591 463 649 ilip
474 607 503 649 p
516 607 544 636 u
557 606 578 636 s
609 593 649 637 E
663 593 727 638 ck
741 607 765 638 e
778 595 807 639 b
818 609 840 638 r
850 607 874 639 e
884 609 907 639 c
920 595 950 639 h
963 601 1000 650 t,
1034 599 1259 639 mercator
1272 593 1314 638 N
1318 591 1667 648 orimbergensis
1688 598 1732 635 et
1755 592 2174 638 mathematicarum
2199 597 2364 640 artium

90 656 336 718 studiosus,
370 670 504 713 quem
531 657 758 715 Keplerus
789 659 836 703 in
868 660 1072 715 epistolis
1105 660 1163 705 ad
1186 661 1524 715 Berneggerum
1556 656 1674 700 datis
1706 657 1965 713 ,‚amicum“
1998 659 2118 717 dicit,
2152 660 2208 704 ad
2232 675 2366 717 quem

10 761 11 775 ,
90 723 240 767 omnia
271 736 355 767 sua
385 724 567 779 negotia
595 724 840 782 remiserit,
886 731 1019 770 natus
1051 731 1142 780 est,
1186 729 1371 769 auctore
1402 722 1790 781 DoppelmayerO,
1826 724 1889 766 11.
1922 724 2055 768 Febr.
2095 727 2218 784 1594,
2251 741 2368 772 mor-

89 791 195 829 tuus
225 786 270 830 5.
290 787 424 832 Mart.
459 789 595 845 16673
628 789 821 834 multum
851 791 1069 847 temporis
1100 789 1318 847 impendit
1349 788 1512 834 studiis
1545 793 1591 831 et
1622 786 2011 833 observationibus
2034 795 2362 840 astronomicis.

89 851 356 907 Keplerum,
398 854 538 899 refert
568 861 726 900 auctor
757 869 891 912 quem
923 857 1132 914 diximus,
1165 857 1212 900 in
1242 856 1404 900 itinere
1435 853 1640 900 Ulmensi
1674 854 1785 899 1625
1818 860 1863 898 et
1894 856 2010 900 1626
2041 857 2365 918 Norimbergae

89 918 145 961 ab
176 917 494 965 Eckebrechto
526 921 725 977 hospitio
758 916 1145 979 exceptumlesse.
1207 923 1390 977 Testem
1429 921 1564 967 affert
1591 920 1778 976 librum,
1821 920 2140 969 Eckebrechto
2172 925 2361 983 Kepleri

86 996 223 1030 manu
251 982 517 1042 inscriptum
549 987 682 1043 (4s14.
714 987 832 1044 Aug.
866 990 995 1046 1625)
1031 1004 1120 1046 quo
1151 990 1322 1046 gratias
1354 989 1450 1046 agit
1479 1002 1563 1046 pro
1595 987 1772 1033 liberali
1804 981 1849 1031 et
1880 988 2024 1033 amico
2058 983 2274 1047 hospitio.

230 1060 538 1124 Keplerus
591 1064 988 1115 Schickardo
1037 1066 1086 1114 S.
1139 1067 1195 1114 P.
1252 1067 1314 1115 D.
1392 1067 1622 1130 Acceptis
1680 1066 1776 1113 tuis
1826 1064 2004 1125 literiS,
2058 1064 2357 1119 Schickarde

10 1143 11 1146 ’
88 1135 396 1195 amicissime,
438 1150 546 1184 cum
588 1153 791 1187 vexarer
827 1139 1088 1200 ulceribuS,
1130 1146 1184 1187 ut
1221 1139 1425 1188 sedendi
1458 1139 1578 1187 mihi
1616 1138 1826 1187 facultas
1854 1143 1984 1187 esset
2023 1140 2259 1202 impedita
2285 1143 2366 1191 vel

87 1209 137 1253 in
178 1222 303 1270 equo
345 1208 424 1257 vel
463 1212 612 1259 etiam
649 1213 698 1258 in
738 1226 894 1271 curru,
934 1219 1203 1261 statueram
1240 1212 1392 1275 pedes
1432 1212 1495 1260 ad
1534 1219 1582 1261 te
1626 1213 1809 1271 venire,
1847 1214 2133 1275 praesertim
2173 1220 2226 1262 ut
2254 1229 2364 1263 cor-

86 1295 178 1342 pus
229 1280 293 1328 ad
341 1296 512 1331 auram
562 1284 788 1347 frigidam
841 1285 1141 1335 ventilarem.
1220 1287 1287 1333 At
1326 1286 1504 1334 frustra
1550 1285 1634 1332 fui.
1715 1284 1813 1332 Vix
1852 1284 2156 1349 Blaubyram
2207 1290 2363 1351 attigi,

35 1397 37 1403 .
91 1368 201 1402 cum
241 1356 541 1418 experientia
581 1363 724 1421 capta
762 1363 810 1407 et
847 1359 1032 1408 itineris
1072 1367 1121 1408 et
1159 1361 1362 1424 virium,
1412 1373 1521 1407 cum
1563 1359 1710 1406 etiam
1749 1357 1985 1405 resolutio
2025 1361 2215 1408 nivium
2254 1377 2362 1410 me-

10 1438 11 1445 *
87 1432 317 1488 tueretur,
359 1429 460 1477 vidi
488 1429 606 1477 mihi
640 1431 996 1481 revertendum.
1060 1433 1155 1488 Per
1182 1432 1348 1480 literas
1374 1433 1524 1495 igitur
1549 1447 1709 1493 agam,
1753 1445 1879 1493 quae
1908 1446 2123 1494 possum.
2189 1433 2362 1498 Sculp-

10 1521 11 1555 3
87 1506 219 1561 tura,
269 1508 323 1549 ut
360 1501 531 1564 vide0,
572 1503 635 1552 ad
674 1504 743 1552 M.
785 1505 1019 1554 Beckium
1067 1505 1254 1555 recidit.
1330 1505 1379 1554 Is
1416 1506 1539 1554 forte
1585 1505 1689 1567 jam
1727 1505 2125 1566 promovebitur3
2181 1522 2364 1569 quaero

86 1588 201 1621 num
255 1573 338 1623 ille
394 1576 710 1626 nihilominus
768 1580 832 1626 sit
881 1584 1242 1642 praestaturuS‚
1301 1578 1434 1641 quod
1483 1579 1532 1624 in
1582 1593 1634 1626 se
1672 1583 1956 1639 recepturus
1996 1578 2112 1626 est?
2167 1579 2363 1630 Deinde

89 1662 286 1709 quaero,
329 1663 445 1697 num
482 1649 566 1699 ille
605 1666 664 1700 ea
702 1652 1031 1715 profunditate
1072 1659 1120 1701 et
1159 1651 1408 1702 evidentia
1445 1666 1563 1700 suos
1604 1651 1751 1700 ducat
1789 1651 1953 1699 sulcos
1991 1652 2041 1697 in
2069 1651 2266 1715 lamina,
2309 1662 2362 1702 ut

87 1720 150 1768 ad
196 1721 321 1782 600,
365 1723 496 1783 800,
553 1725 691 1773 1000
740 1725 821 1773 vel
868 1728 1004 1774 1200
1054 1726 1373 1789 exemplaria,
1420 1730 1564 1788 prout
1616 1732 1843 1788 typorum
1894 1725 2186 1788 repetitione
2240 1742 2362 1793 opus

89 1796 193 1851 erit,
234 1796 480 1844 suffecturi
521 1799 813 1861 sperentur?
865 1798 1060 1860 Quaero
1102 1802 1259 1859 tertio,
1301 1801 1342 1846 si
1382 1803 1467 1847 tua
1507 1798 1588 1846 vel
1626 1812 1737 1846 mea
1777 1812 1926 1861 opera
1965 1797 2247 1857 ordinentur
2283 1803 2362 1848 in-

87 1867 368 1930 sculpenda,
409 1870 656 1932 quodnam
695 1874 759 1920 sit
796 1873 1011 1920 futurum
1050 1873 1156 1935 ejus
1185 1873 1436 1937 βραβειον,
1492 1885 1618 1934 quae
1655 1870 1881 1920 merces?
1934 1870 2046 1919 Non
2086 1886 2268 1934 quaero
2310 1880 2364 1922 ut

87 1944 298 2004 amicust,
348 1942 428 1992 bic
467 1959 513 1991 n.
555 1945 848 1994 liberalitate
899 1960 1021 2009 opus
1073 1953 1226 2008 esset3
1277 1960 1376 1994 non
1415 1940 1468 1992 ut
1506 1946 1789 2008 peregrinus
1840 1949 1888 1992 et
1926 1958 2050 2007 pene
2105 1945 2242 2008 exul,
2291 1948 2363 1995 sic

86 2034 132 2065 n.
176 2017 358 2079 justius
397 2017 750 2067 emendicarem
791 2019 895 2081 ejus
938 2033 1156 2083 operam,
1207 2018 1294 2068 sed
1335 2026 1517 2080 quaero
1557 2023 1612 2066 ut
1649 2017 1828 2080 aliquis
1868 2017 2155 2080 bibliopola.
2233 2019 2361 2068 Nam

86 2092 200 2139 huic
247 2089 498 2139 hominum
547 2094 713 2154 generi
766 2092 1003 2141 tradenda
1053 2098 1193 2142 erunt
1242 2091 1555 2152 exemplaria.
1643 2090 1820 2139 Cetera
1867 2093 2094 2152 quaesita
2147 2097 2262 2140 sunt
2310 2094 2362 2140 in

87 2165 282 2227 adjecta
319 2179 520 2227 papyro.
597 2164 694 2214 Sed
735 2170 782 2214 et
822 2165 881 2214 de
920 2181 1106 2230 papyro
1147 2164 1502 2229 quaerendum,
1545 2164 1628 2212 ubi
1669 2179 1727 2213 ea
1753 2164 2126 2227 praeparanda?
2177 2163 2362 2228 Singu-

34 2250 49 2300 ῑ,
87 2239 201 2286 laris
240 2252 285 2287 n.
326 2239 570 2286 crassities
609 2240 894 2300 requiritur,
937 2255 1064 2302 quae
1103 2240 1297 2287 nonnisi
1338 2239 1399 2287 ab
1440 2239 1498 2286 iis
1539 2236 1892 2301 exspectanda,
1936 2238 2021 2299 qui
2061 2236 2243 2286 dudum
2283 2239 2360 2287 his

38 2319 42 2323 ”
89 2312 256 2360 usibus
303 2311 614 2375 suppeditare
660 2319 772 2360 sunt
824 2312 971 2361 soliti.
1048 2313 1171 2362 Item
1223 2311 1477 2375 exsculpta
1526 2311 1709 2359 lamina
1761 2312 1868 2372 quis
1918 2310 2142 2374 exempla
2195 2313 2359 2375 expri-

40 2380 42 2385 '
88 2383 224 2433 met?
273 2398 371 2447 qua
421 2384 679 2434 mercede?
735 2385 878 2448 Rogo
930 2387 1077 2435 etiam
1131 2387 1427 2448 perconteris
1468 2400 1527 2433 ex
1566 2385 1696 2447 ipso,
1750 2398 1865 2431 num
1917 2385 2009 2446 ipsi
2050 2386 2114 2431 sit
2152 2386 2359 2446 animUS,

23 2515 29 2523 ,
89 2459 321 2508 consectis
361 2459 561 2518 tabuliS,
602 2458 916 2523 computandi
957 2459 1307 2523 Ephemeridas
1348 2464 1395 2506 et
1435 2458 1613 2521 quibus
1655 2456 2055 2505 conditionibus?

25 2528 54 2542 ’”
236 2531 291 2578 ln
342 2530 464 2579 locis
503 2532 867 2588 mediterraneis
915 2547 1012 2580 non
1065 2547 1145 2581 ero
1199 2534 1417 2580 curiosus
1469 2533 1519 2577 in
1558 2529 1824 2594 sculptura.
1904 2529 1972 2578 Iis
2011 2543 2058 2578 n.
2101 2530 2363 2592 deputatus

28 2669 29 2674 ¹
89 2612 163 2654 est
204 2604 459 2666 catalogus
500 2605 716 2667 prolixus
757 2606 861 2653 600
900 2604 1143 2666 locorum,
1194 2619 1339 2667 quem
1386 2618 1564 2667 magno
1615 2603 1782 2652 labore
1832 2602 2122 2651 concinnavi
2161 2617 2220 2651 ex
2261 2603 2364 2650 obs,

27 2699 51 2729 ;·
89 2678 366 2741 eclipsium,
421 2680 709 2726 auctoritate
749 2678 1059 2740 idoneorum,
1113 2678 1348 2727 distantia
1386 2677 1637 2725 itineraria
1690 2682 1738 2724 et
1787 2675 1969 2724 tabulis
2021 2676 2365 2724 recentissimis

89 2751 306 2800 locorum
342 2751 723 2814 particularium,
765 2753 1009 2814 etiamque
1046 2767 1226 2816 mappa
1264 2750 1530 2799 universali
1557 2749 1801 2798 Jansonii.
1878 2747 2171 2810 Sculpentur
2209 2749 2364 2812 potis-

89 2827 262 2874 simum
300 2825 468 2885 litora,
524 2827 651 2873 ostia
698 2831 746 2873 et
793 2827 991 2874 nomina
1041 2825 1326 2885 fluviorum,
1382 2831 1634 2888 portuum,
1686 2821 1977 2882 insularum,
2036 2810 2256 2882 sinuu'm,
2310 2826 2363 2869 ut

44 2917 51 2936 ι
89 2914 268 2962 mappa
306 2899 489 2947 serviat
527 2899 703 2947 nautis
1374 2947 1378 2952 ,

28 2970 33 2978 ‘
234 2972 357 3034 Eg0,
396 2974 459 3018 mi
488 2969 799 3032 Schickarde,
841 2986 1009 3020 versor
1047 2973 1096 3019 in
1122 2973 1345 3020 maximis
1388 2971 1530 3029 curis,
1573 2967 1705 3030 quod
1743 2965 1993 3015 inciderim
2034 2980 2092 3014 ac
2113 2979 2283 3028 xpaene
2312 2966 2361 3012 vi

28 3082 54 3101 „
89 3052 357 3108 pertractus
396 3045 568 3093 fuerim
602 3046 651 3092 in
691 3044 935 3094 hominem
973 3060 1213 3109 asperum,
1253 3044 1531 3107 superbum,
1573 3041 1831 3105 prodigum
1859 3046 1907 3088 ct
1935 3038 2231 3099 violentum,
2275 3040 2360 3100 qui

28 3111 52 3180 ἶ,
93 3134 199 3167 cum
240 3117 524 3167 difficultate
566 3119 845 3181 pecuniaria
881 3118 1086 3178 laboret,
1129 3118 1259 3181 quod
1301 3116 1437 3165 deest
1476 3131 1505 3163 a
1543 3130 1620 3162 me
1661 3115 1827 3176 exigit,
1867 3127 1962 3159 non
1994 3111 2232 3174 precibuS,
2274 3110 2361 3159 sed

31 3202 43 3220 ’·
92 3194 234 3240 minis
274 3198 320 3240 et
360 3190 538 3240 callida
577 3191 972 3254 interpretatione
1013 3197 1287 3240 contractus
1326 3191 1507 3237 nostri:
1560 3194 1611 3236 ut
1649 3188 1711 3234 sit
1753 3185 1868 3233 mihi
1907 3184 2246 3244 metuendum,
2301 3198 2362 3232 ne

33 3286 37 3309 ;
94 3268 247 3328 primo
287 3278 482 3327 quoque
521 3271 736 3327 tempore
777 3263 887 3312 lites
925 3270 1120 3313 nostrae
1146 3264 1209 3311 ad
1248 3264 1564 3324 magistratus
1600 3261 1698 3309 sint
1735 3258 1856 3306 mihi
1884 3256 2189 3322 deserendae,
2229 3257 2362 3319 quod

94 3338 329 3386 invidiam
366 3340 619 3400 peregrino
673 3337 851 3385 conflat
888 3337 1020 3400 apud
1059 3339 1192 3400 ipsos
1232 3337 1560 3397 magistratus.
1645 3332 1716 3379 Ex
1755 3346 1852 3392 qua
1890 3345 1940 3379 re
1982 3336 2212 3392 sequetur
2250 3336 2362 3378 tan-

32 3427 35 3430 ’
96 3411 203 3460 dem
243 3412 528 3473 interruptio
567 3412 742 3475 operis.
823 3407 1019 3458 Utinam
1062 3410 1140 3458 vel
1180 3410 1283 3471 ipse
1324 3422 1486 3455 coram
1524 3406 1661 3467 loqui
1701 3405 1884 3467 possim
1914 3403 2135 3453 Werlino
2177 3409 2357 3463 vestre,

75 3483 173 3533 ’vel
211 3485 301 3533 tibi
341 3491 552 3544 vacaret,
594 3482 882 3546 multiplicia
907 3496 1052 3545 super
1090 3482 1183 3530 hoc
1210 3482 1408 3543 negotio
1450 3480 1691 3541 cumipse
1731 3490 1888 3526 serere
1925 3475 2172 3539 colloquia
2212 3476 2361 3524 mihi-

38 3561 62 3603 ῒτ
97 3572 189 3619 que
239 3557 393 3620 primo
444 3571 640 3620 quoque
687 3564 903 3619 tempore
953 3554 1210 3603 consilium
1259 3553 1365 3615 ejus
1414 3552 1690 3601 rescribere.
1769 3547 1904 3613 Opus
1944 3549 2231 3599 inchoatum
2271 3563 2360 3597 nec

96 3645 203 3679 mea
241 3630 385 3694 culpa
423 3629 503 3679 vel
535 3630 753 3689 levitate,
794 3628 879 3678 sed
906 3630 1192 3677 necessariis
1232 3626 1291 3675 de
1318 3626 1493 3686 caucia,
1534 3624 1906 3685 magistratuum
1932 3623 2210 3672 testimonio
2240 3635 2358 3669 con-

87 3703 365 3764 firmandis,
414 3706 755 3767 interruptum,
805 3718 865 3751 an
907 3701 987 3749 ille
1028 3700 1178 3751 vellet
1217 3699 1335 3747 meis
1374 3698 1632 3745 numericis
1672 3697 1800 3759 typis
1851 3692 2003 3763 (quos
2042 3693 2358 3743 similitudine

39 3804 46 3814 ·
97 3774 252 3825 rerum
290 3778 692 3838 geometricarum
730 3771 906 3840 ῥητους
945 3774 1104 3823 dicere
1132 3787 1343 3837 possum,
1386 3777 1438 3819 ut
1464 3770 1812 3829 numeratione,
1853 3784 1949 3818 non
1978 3768 2356 3818 contrectatione

98 3855 149 3898 et
192 3849 525 3915 exploratione
575 3849 863 3914 digitorum,
916 3849 1040 3898 sciat
1089 3846 1347 3906 collector,
1398 3842 1515 3907 quid
1562 3841 1888 3909 arripiendum
1936 3842 1998 3895 ad
2046 3838 2357 3905 complendos
