2554 4140
1178 62 1338 128 index.
1976 104 1979 105 ν
2270 89 2372 138 67⁷

204 231 301 281 IX.
376 230 601 282 Tabulae
637 231 947 294 aequationis
984 231 1215 318 temporis
1253 230 1469 302 triplicis.
1513 234 1602 292 (fol.
1625 235 1723 292 32.)

230 305 301 354 X.
377 305 643 368 catalogus
679 303 897 354 locorum
935 304 1223 369 insignium,
1275 319 1384 390 cum
1423 305 1508 354 alt.
1547 304 1649 368 poli
1689 312 1738 355 et
1775 305 2044 367 differentia
2079 302 2375 354 meridiano-

378 392 502 427 rum.
542 379 643 438 (fol.
674 380 780 425 33-—
790 380 883 434 37.)

213 450 309 498 XI.
386 450 624 515 Synopsis
662 463 882 497 aerarum
921 449 1166 500 usualium
1205 456 1252 500 et
1290 451 1492 499 rationis
1531 449 1815 500 numerandi
1855 455 2074 514 tempora
2113 449 2246 516 apud
2283 466 2375 501 va-

380 524 477 571 rios
515 527 753 572 auctores,
794 524 882 581 (fol.
916 526 1010 582 38.)

178 594 299 643 XII.
376 595 599 645 Tabulae
635 594 896 644 reducendi
936 601 1156 660 tempora
1195 597 1436 646 variarum
1475 597 1728 644 nationum
1766 594 1829 643 ad
1856 601 2076 659 tempora
2113 595 2374 647 calendarii

380 667 570 717 ‚Iuliani
607 669 789 716 veteris
827 675 876 717 et
914 667 1205 732 Gregoriani
1241 670 1373 719 novi.
1415 671 1506 728 (fol.
1537 671 1628 722 39.)

149 739 297 787 XIII.
375 741 597 791 Tabulae
635 741 697 788 ad
733 741 958 790 feriam
998 742 1315 791 hebdomadis
1352 739 1712 790 inveniendam.
1753 742 1853 800 (fol.
1885 743 1978 799 40.)

263 812 418 862 Pars
456 812 783 875 secunda,
800 814 1023 877 planetas
1061 815 1281 879 singulos
1319 815 1586 878 complexa.
1663 812 1828 875 Solem
1871 815 1963 870 (fol.
1996 817 2221 876 42-47.>,
2270 813 2374 877 Sa-

119 890 315 933 turnum
348 888 454 947 (fol.
483 890 588 935 48-
602 883 713 946 53),
765 885 947 936 Jovem
978 890 1069 948 (fol
1102 893 1209 937 54-
1219 891 1312 950 59),
1367 888 1574 937 Martem
1606 889 1696 946 (fol
1720 891 1822 936 60-
1837 890 1948 948 fla),
2000 888 2241 938 Venerem
2279 899 2374 959 (fol

119 962 174 1006 66
197 987 242 995 —
264 962 389 1020 71.),
426 959 723 1009 Mercurium
761 962 852 1014 (fol.
883 964 1118 1022 72-77.),
1158 961 1350 1011 Lunam
1380 965 1475 1022 (fol.
1509 965 1712 1021 78-88.)

261 1030 416 1080 Pars
453 1033 666 1082 tertia.
741 1032 818 1080 De
868 1032 1130 1096 eclipsibus
1168 1033 1297 1083 Solis
1349 1040 1398 1084 et
1435 1034 1604 1085 Lunae
1652 1034 1861 1098 aliisque
1899 1034 2203 1098 planetarum
2254 1048 2374 1084 con-

116 1104 367 1166 gressibus
406 1111 456 1154 et
494 1103 974 1166 configurationibus.
1016 1108 1112 1165 (fol.
1143 1109 1377 1166 89-102.)

109 1225 129 1236 ,
262 1177 420 1226 Ρ3,ι·8
460 1183 703 1241 quarta.
781 1177 857 1226 De
897 1178 1201 1241 obliquitatis
1241 1178 1519 1243 eclipticae,
1567 1181 1921 1243 praecessionis
1958 1180 2375 1243 aequinoctiorum

118 1255 166 1299 et
202 1249 476 1300 latitudinis
517 1250 722 1298 fixarum
759 1250 1294 1314 prosthaphaeresibuS.
1336 1255 1435 1312 (fol.
1465 1257 1727 1314 103—119.)
2380 1288 2382 1291 -

258 1327 300 1371 A
330 1327 440 1371 folio
475 1327 555 1372 105
586 1324 633 1369 in
669 1327 771 1372 119:
824 1323 1091 1388 Catalogus
1131 1324 1380 1375 stellarum
1418 1327 1623 1381 fixarum
1669 1329 1829 1388 1000,
1885 1342 1945 1376 ex
1989 1328 2229 1377 accuratis
2256 1326 2373 1391 Tys-

116 1397 285 1447 chonis
324 1397 483 1447 Brahe
523 1395 948 1446 observationibus
988 1404 1036 1448 et
1074 1397 1260 1447 calculo
1310 1399 1373 1449 ad
1413 1415 1594 1449 annum
1641 1402 1777 1450 1600
1817 1400 2124 1466 completum.
2189 1404 2373 1449 Partem

112 1472 211 1518 folii
242 1473 327 1520 119
358 1480 553 1532 occupat
592 1469 760 1538 tabula
796 1469 1139 1521 refractionum
1193 1471 1367 1536 triplex
1407 1475 1637 1534 (desumta
1665 1490 1691 1522 e
1720 1477 1960 1535 Progymn.
1993 1477 2256 1535 Tychom's).
2309 1496 2311 1502 ⁴

253 2117 374 2163 Huic
404 2129 618 2163 summae
636 2129 813 2174 eorum,
861 2129 980 2192 quae
1019 2116 1253 2163 continent
1293 2115 1478 2163 tabulae
1510 2116 1852 2174 Rudolphinae‚
1894 2116 1941 2160 in
1971 2113 2269 2173 sequentibus
2300 2113 2378 2159 ad-

110 2185 256 2229 dimus
289 2195 364 2240 ea,
396 2195 514 2240 quae
546 2182 643 2228 sine
673 2182 844 2227 tabulis
875 2183 987 2240 ipsis
1018 2181 1211 2239 intelligi
1240 2176 1459 2239 possunt,
1495 2181 1795 2240 adjungentes
1825 2180 2021 2226 indicem
2052 2192 2221 2236 eorum,
2261 2192 2378 2237 quae

111 2264 212 2296 cum
248 2249 295 2294 in
338 2261 419 2293 sex
460 2249 618 2307 primis
659 2248 962 2295 voluminibus
1003 2253 1186 2294 nostrae
1225 2247 1434 2293 editionis
1477 2261 1534 2294 ex
1572 2247 1642 2292 his
1683 2247 1853 2294 tabulis
1894 2245 2236 2304 praemisimus,
2281 2251 2378 2290 tum

108 2316 404 2375 sequentibus
434 2313 674 2362 inserenda
705 2314 976 2361 censuimus.

259 2382 417 2439 Capita
446 2386 795 2438 praeceptorum
825 2381 987 2428 Ι-ΙΧ.
1019 2380 1370 2428 declarationem
1386 2380 1558 2426 habent
1589 2391 1699 2425 usus
1730 2356 2117 2436 logarithmorum,
2154 2389 2295 2434 quare
2326 2389 2380 2421 ea

110 2448 317 2494 addenda
347 2447 605 2492 censuimus
625 2445 753 2491 libris
776 2446 832 2492 de
852 2446 1149 2505 logarithmis‚
1184 2460 1296 2503 quos
1323 2438 1571 2492 continebit
1591 2445 1678 2491 vol.
1700 2445 1802 2490 VII.
1863 2441 2048 2488 Initiur'n
2070 2443 2230 2499 capitis
2253 2438 2377 2488 VIII.

108 2515 211 2559 vide
243 2525 381 2570 supra
410 2512 620 2557 f01.567.
684 2512 831 2568 Caput
860 2512 918 2558 Χ.
956 2511 1064 2557 item
1106 2511 1412 2568 quaerendum
1470 2516 1540 2556 est
1579 2509 1701 2587 apud
1746 2510 2042 2568 legarithmos
2087 2509 2171 2554 vol.
2205 2509 2301 2554 VII.
2333 2514 2380 2553 et

111 2593 251 2636 supra
291 2579 371 2624 fol.
404 2579 504 2624 577.
569 2578 715 2634 Caput
744 2578 824 2624 XI.
859 2591 965 2622 v.s.
1010 2577 1204 2624 f01.576
1245 2584 1290 2624 et
1336 2578 1511 2635 p'artem
1553 2578 1650 2634 ejus
1692 2576 1988 2634 posteriorem
2017 2574 2104 2620 vol.
2135 2575 2233 2619 VII.
2295 2573 2377 2619 Oa-

105 2652 191 2704 put
219 2644 321 2688 XII.
354 2658 394 2689 v.
427 2654 463 2688 s,
496 2642 574 2688 fol.
608 2644 837 2689 547—550
868 2647 914 2687 et
944 2644 1055 2702 545,
1090 2648 1134 2687 et
1166 2647 1305 2700 caput
1334 2643 1454 2688 ΧΙΙΙ.
1488 2642 1565 2688 fol.
1598 2642 1683 2688 546
1717 2655 1754 2687 8.

257 2706 456 2770 Caput
493 2705 639 2755 XIV.
715 2705 806 2754 De
845 2705 1076 2769 angulo
1117 2708 1386 2756 orientis
1434 2720 1546 2755 seu
1586 2703 1927 2754 altitudine
1967 2701 2374 2764 nonagesimi

109 2781 374 2843 ejusque
414 2779 637 2828 tabula
685 2783 740 2826 et
788 2793 903 2826 usu
956 2781 1016 2825 in
1056 2779 1461 2842 quaerendis
1511 2776 2010 2827 ascensionibus
2064 2773 2372 2838 obliquis,

109 2853 213 2902 vel
253 2853 442 2901 etiam
479 2851 735 2915 punctis
774 2850 1119 2917 eclipticae
1159 2853 1535 2901 orientibus

254 2924 395 2974 Haec
430 2939 544 2988 pars
583 2923 831 2973 doctrinae
856 2925 1139 2990 sphaericae
1180 2924 1480 2975 desideratur
1518 2926 1567 2971 in
1594 2921 1799 2972 Tabulis
1823 2921 2158 2970 Directionum
2183 2918 2373 2983 Regio-

113 3000 330 3048 montani
383 3004 431 3047 et
469 2996 757 3058 Reinholdi,
812 3012 921 3047 cum
961 3004 1120 3047 tamen
1175 3012 1360 3047 summe
1398 2998 1541 3046 nobis
1579 2995 1855 3045 necessaria
1894 2995 1956 3042 sit
2002 2994 2065 3042 ad
2105 2992 2373 3042 doctrinam
2425 3020 2428 3024 ⁴

112 3071 459 3137 parallaxium,
514 3076 568 3117 ut
617 3084 725 3118 eam
776 3084 866 3133 ego
921 3072 970 3119 in
1009 3071 1154 3121 Parte
1195 3071 1535 3119 Astronomiae
1577 3067 1752 3133 Optica
1800 3072 1912 3116 ante
1958 3080 2111 3115 annos
2159 3064 2262 3129 jam
2302 3068 2368 3114 21

115 3144 290 3194 tradidi
330 3143 924 3205 demonstrationibusque
963 3143 1206 3193 roboravi.
1270 3143 1566 3207 Copernicus
1594 3142 1789 3206 quidem
1816 3141 1963 3189 breve
2002 3139 2149 3203 hujus
2174 3138 2372 3189 tabulae

115 3218 441 3267 rudimentum
480 3218 526 3263 iu
568 3229 712 3278 opere
751 3214 1134 3266 Revolutionum
1176 3216 1420 3275 exhibuit,
1470 3215 1601 3280 quod
1638 3216 1783 3262 miror
1820 3227 1916 3261 non
1955 3217 2302 3262 transsumtum
2342 3227 2373 3260 a

117 3290 393 3340 Reinholdo
444 3291 492 3336 in
549 3303 665 3337 suas
704 3288 988 3339 Prutenicas
1038 3289 1380 3351 excultumque
1432 3295 1485 3337 ut
1539 3293 1698 3336 cetera
1735 3286 1900 3335 fuisse.
1975 3285 2171 3335 Partem
2224 3287 2373 3347 igitur

117 3362 536 3427 Rudolphinarum
588 3375 683 3410 non
732 3375 935 3424 parvam
990 3364 1240 3411 constituit
1294 3362 1466 3410 horum
1516 3359 1803 3423 angulorum
1843 3357 2036 3422 tabula,
2089 3357 2153 3408 ad
2204 3372 2369 3407 omues

115 3436 295 3498 gradus
334 3436 417 3485 alt.
457 3434 555 3499 poli
599 3434 731 3483 borei
773 3440 1066 3498 computata,
1107 3436 1519 3496 constitueretque
1558 3432 1701 3496 triplo
1741 3431 1989 3494 maj0rem‚
2030 3433 2070 3480 si
2109 3436 2276 3492 totam,
2316 3435 2371 3478 ut

114 3510 272 3564 habeo
312 3513 643 3574 computatam
680 3509 727 3554 in
768 3505 972 3564 chartis,
1027 3506 1369 3555 exhibuissem.
1445 3506 1626 3555 Verum
1677 3505 1737 3554 ob
1777 3504 1962 3554 tardam
2012 3504 2157 3568 hujus
2198 3503 2367 3565 anguli

114 3584 430 3631 mutationem
481 3579 698 3629 sufficere
750 3579 864 3627 mihi
916 3580 1072 3628 visum
1120 3585 1215 3639 est,
1270 3593 1354 3643 per
1403 3584 1564 3628 ternos
1605 3577 1854 3642 eclipticae
1895 3577 2076 3640 gradus
2128 3576 2363 3634 incedere,

27 3703 30 3706 ,
116 3657 233 3718 quin
270 3656 442 3715 etiam,
497 3659 551 3702 ut
587 3666 773 3718 papyro
812 3657 1088 3715 parceretur
1141 3658 1187 3700 et
1235 3653 1393 3715 operis
1433 3651 1825 3715 typographicis,
1882 3651 1928 3698 in
1973 3649 2141 3699 tabula
2188 3662 2274 3711 per
2311 3661 2364 3695 se

115 3727 304 3792 prolixa
353 3741 443 3777 nec
492 3728 689 3790 propria
741 3725 986 3774 doctrinae
1025 3723 1301 3785 theoricae,
1353 3724 1581 3788 scrupula
1631 3723 1862 3788 gradibus
1900 3722 2215 3773 adhaerentia
2266 3733 2362 3769 non

116 3801 478 3871 repraesentavi
516 3799 725 3863 singula,
764 3798 850 3849 sed
877 3800 1027 3864 quina
1064 3797 1237 3849 saltem
1265 3800 1478 3862 expressi
1515 3812 1602 3866 per
1635 3803 1776 3847 notas
1802 3798 2011 3863 partium
2038 3795 2176 3857 assis,
2217 3807 2362 3859 quem
