2554 4140
253 120 275 168 1
285 119 314 168 3
322 120 351 167 8
1064 112 1300 170 Epitomes
1330 112 1364 157 A
1373 112 1645 158 stronomiae

251 265 416 325 itaque
454 261 611 324 figura
656 261 718 310 ad
755 260 882 310 hanc
931 259 1279 324 dispersionem
1329 261 1531 309 fixarum
1580 259 1794 321 undique
1843 259 2191 322 propemodum
2239 259 2492 321 aequalem

247 333 630 398 exprimendam,
678 336 749 382 sic
788 339 852 382 ut
880 340 1110 396 centrum,
1150 348 1308 396 aeque
1363 338 1511 396 atque
1561 332 1744 394 anguli,
1784 338 2108 395 repraesentet
2148 346 2297 380 unum
2335 331 2494 379 locuni

246 411 368 455 inter
404 407 539 455 fixas.

391 480 457 526 At
494 480 537 527 si
575 477 935 527 consideremus
972 478 1176 541 figuram
1214 475 1422 540 plurium
1462 475 1766 539 angulorum,
1810 482 1864 524 ut
1901 482 1975 525 est
2013 475 2363 535 dodecaedron,
2403 475 2495 523 ha-

245 551 608 613 benswangulos
649 552 744 611 20,
796 553 830 598 ii
875 552 978 613 jam
1025 552 1276 613 propiores
1315 555 1428 598 sunt
1480 550 1575 597 sibi
1611 556 1780 599 mutuo
1832 564 1977 611 quam
2029 557 2193 598 centro
2234 550 2491 607 communi,

247 638 397 686 quare
435 624 609 677 stellae
649 625 732 684 20,
772 626 843 672 sic
881 623 1147 686 dispositae
1182 623 1309 671 circa
1346 621 1560 684 aliquem
1597 621 1759 670 locum
1803 621 1883 671 vel
1906 622 2116 681 stellam,
2156 622 2260 684 jam
2298 635 2496 683 reprae-

245 702 496 745 sentarent
535 696 750 758 aliquam
791 697 1254 744 concamerationem
1295 699 1342 742 et
1394 696 1883 757 circumscriptionem
1931 696 2134 755 insignis
2173 696 2312 753 cavi,
2364 692 2495 756 quod

243 771 407 833 ipsum
446 777 546 829 est,
587 768 717 831 quod
757 774 1040 830 argumento
1078 773 1245 816 nostro
1283 768 1480 814 nitimur
1520 767 1818 816 confirmare.

397 851 485 915 In
487 850 729 911 schemate
753 849 1001 908 praemisso
1030 850 1088 896 N.
1119 851 1193 895 16.
1222 860 1326 908 pro
1334 849 1593 909 icosaedro,
1615 849 1768 908 figura
1799 850 1955 906 solida,
1989 863 2205 905 expressa
2237 854 2306 894 est
2336 861 2495 893 sexan-

239 913 360 973 gula,
388 895 702 986 aequipollens
740 911 808 960 ini
843 914 1061 961 hocloco
1098 915 1146 960 in
1186 914 1455 973 plano.1n
1493 915 1725 971 schemate
1762 915 2025 971 posteriore,
2056 915 2112 959 N.
2148 917 2214 972 17,
2245 929 2328 972 pro
2359 914 2494 958 dode·

242 981 426 1028 caedra
434 974 654 1039 expressa
683 986 754 1027 est
783 977 1096 1038 aequipollens
1123 978 1172 1024 in
1194 977 1348 1048 plana
1360 978 1650 1052 decanffll'a

396 1057 609 1109 Videtur
643 1059 882 1107 enervari
915 1059 994 1106 vis
1027 1057 1343 1142 arymaafl33
1342 1054 1554 1120 htv-2583-
1539 1056 1641 1119 -Ὥῑῑ
1658 1058 1771 1118 quis
1806 1061 2022 1116 statuat,
2074 1071 2174 1118 quo
2225 1057 2427 1105 altiores
2465 1071 2498 1103 a

249 1130 415 1180 Terris
451 1134 555 1181 sint
586 1129 769 1191 stellae,
807 1129 916 1180 ἧσο
932 1129 1066 1194 fere·
1077 1135 1186 1181 οπο
1195 1121 1512 1193 Μαίὃζνοσὲ·
1521 1114 1679 1182 Nam
1702 1131 1760 1176 si
1769 1129 2028 1177 stellarum
2065 1134 2172 1176 tam
2195 1129 2495 1179 multarum

243 1217 374 1265 quae
416 1203 663 1252 vedentur
713 1202 918 1267 anyulis
952 1211 1088 1266 pene
1135 1195 1462 1267 αοᾲααῖώυε,
1509 1195 1715 1269 atquae
1758 1207 2057 1249 statuantur
2097 1216 2268 1262 parra
2317 1201 2498 1249 habere

241 1290 472 1338 corpora,
521 1276 728 1353 aliquae
761 1277 1006 1360 inqentiq,
1040 1276 1287 1338 sequitur
1305 1274 1423 1324 illae
1452 1274 1786 1358 propinquas·
1810 1288 1920 1335 esse,
1959 1276 2080 1322 istas
2117 1276 2496 1334 remotissima-13

241 1363 302 1397 ac
334 1347 576 1412 proinde,
617 1350 773 1413 quae
782 1345 931 1398 nobis
954 1349 1071 1409 jam
1106 1344 1348 1397 viduatus·
1381 1348 1517 1396 inter
1549 1361 1602 1397 se
1629 1348 2121 1409 propinquissimae‚
2170 1352 2372 1408 possent
2408 1346 2499 1394 hoe

237 1426 391 1482 paeto
426 1421 493 1471 ab
528 1422 749 1470 invicem
782 1434 880 1470 esse
903 1418 1279 1478 remotissimae.
1353 1418 1525 1483 Tunc,
1545 1419 1594 1468 si
1625 1433 1725 1468 non
1755 1419 2015 1479 vacuitate,
2054 1419 2226 1468 saltem
2255 1421 2498 1483 parvitate

244 1492 495 1543 stellarum
529 1498 711 1551 nostro
731 1480 917 1547 inundo
955 1491 1126 1547 mobili
1148 1489 1431 1542 vicinarum
1457 1475 1716 1556 insignitus
1754 1494 1845 1541 erit
1880 1491 2017 1540 locus
2050 1495 2157 1553 iste,
2196 1497 2244 1540 et
2279 1493 2351 1560 sie
2389 1493 2496 1555 ipsa

243 1564 516 1616 stellarum
533 1543 739 1618 exilitas·
762 1559 919 1616 ‘vacui
953 1564 1167 1640 speeiem
1202 1563 1505 1629 praebebit,
1523 1565 1634 1632 ipsa
1668 1578 1787 1613 vero
1825 1564 2031 1614 subinde
2069 1579 2288 1614 crescens
2326 1564 2498 1613 stella-

246 1652 353 1688 rum
379 1636 681 1723 magnitudo
718 1630 906 1690 versus
930 1636 1171 1690 exteriora
1207 1631 1641 1706 concameratam:
1677 1637 1881 1701 insignis
1919 1639 2076 1686 vicem
2114 1637 2406 1700 praestabit3
2451 1644 2497 1686 et

244 1713 294 1757 in
331 1701 619 1762 universum
653 1712 814 1770 minus
850 1711 943 1762 erit
976 1712 1210 1761 materiae
1246 1698 1460 1768 stellaris
1494 1712 1557 1761 ln
1580 1696 1680 1761 ἰείη
1716 1712 1958 1771 cavitate,
2006 1713 2054 1758 in
2094 1725 2240 1774 quam
2280 1710 2496 1759 colloca-

243 1788 322 1832 tus
360 1789 437 1834 est
469 1783 681 1835 mundus
716 1782 942 1847 mobilis,
983 1781 1107 1848 plus
1127 1772 1378 1842 materne
1408 1770 1460 1833 lu
1496 1783 1904 1844 circumferentia,
1960 1798 2086 1846 quae
2122 1783 2256 1832 illam
2294 1782 2498 1832 includit

246 1863 294 1904 et
331 1855 523 1907 definit.
550 1846 633 1907 ita
666 1863 901 1921 sequetur
937 1854 1264 1918 nibilominus,
1300 1854 1597 1937 singularem
1621 1869 1729 1907 esse
1764 1857 2129 1919 notabilemque
2168 1856 2329 1906 locum
2365 1855 2494 1904 hunc

237 1943 355 2037 prae
391 1920 591 1994 reliquis
625 1930 848 1995 partibus
884 1930 1098 1995 regionis
1133 1928 1356 1986 fixarum.

381 2000 712 2055 Probabit-m·
719 2000 897 2053 tamen
934 2009 1035 2065 est,
1084 2012 1243 2065 quae
1238 2005 1366 2058 suut
1396 1975 1621 2065 &ididem
1655 2001 1755 2051 sere
1792 2002 2141 2065 magnitudinis
2180 2000 2243 2050 ad
2281 2015 2490 2062 sensum,

238 2073 527 2137 aequalibus
564 2075 663 2124 sere
701 2074 968 2125 intervallis
1008 2091 1038 2124 a
1074 2076 1217 2124 nobis
1256 2075 1442 2135 abesse,
1483 2089 1638 2138 eaque
1678 2081 1776 2123 tam
1799 2074 2058 2125 multarum
2085 2073 2333 2123 stellarum
2370 2088 2489 2123 con—

151 2160 153 2170 *
237 2149 496 2210 stipatione
535 2149 746 2211 speciem
781 2148 978 2197 formari
1014 2148 1250 2210 sphaerae
1290 2162 1458 2197 cavae.

381 2221 547 2269 Habes
585 2221 732 2269 aliud
767 2226 1146 2283 aryumentum,
1186 2235 1285 2282 quo
1319 2220 1513 2282 probes,
1553 2221 1718 2270 locum
1757 2221 1916 2281 hunc,
1956 2223 2013 2269 in
2050 2222 2196 2281 eujus
2232 2221 2494 2284 complexu

243 2292 403 2342 Terra
439 2300 509 2342 est
543 2308 657 2342 cum
696 2294 940 2356 planetis,
990 2309 1117 2355 prae
1152 2294 1360 2355 reliquis
1398 2294 1514 2343 locis
1561 2296 1617 2341 in
1653 2296 1855 2356 reqione
1900 2294 2124 2356 fixarum
2170 2294 2497 2356 peculiariter

237 2367 542 2429 insiynitum
579 2367 715 2415 esse?
787 2366 909 2427 Via,
962 2365 1162 2416 Graecis
1203 2365 1382 2426 lactea,
1437 2367 1615 2415 nostris
1653 2368 1827 2415 semita
1864 2366 1915 2415 S.
1953 2365 2157 2426 Jacobi‚
2209 2366 2386 2415 diffusa
2422 2373 2497 2415 est

238 2452 325 2501 per
361 2438 575 2488 medium
617 2438 821 2487 fixarum
859 2439 1024 2488 orbem
1061 2437 1152 2506 (uti
1190 2438 1385 2501 quidem
1423 2439 1553 2488 orbis
1590 2441 1632 2487 is
1663 2440 1806 2488 nobis
1834 2437 2069 2506 apparet),
2110 2439 2334 2501 dividens
2360 2439 2497 2488 illum

240 2513 290 2558 in
330 2509 426 2560 duo
465 2513 752 2575 apparentia
787 2511 1171 2575 hemisphaeria;
1223 2518 1392 2574 estque
1432 2512 1641 2560 circulus
1680 2512 1788 2575 ejus
1834 2512 2108 2575 inaequalis
2145 2511 2341 2575 quidem
2378 2511 2494 2561 lati—

235 2581 432 2644 tudiniS‚
472 2584 556 2634 sed
596 2590 758 2634 tamen
797 2586 1239 2634 circumcirca-non
1277 2583 1423 2633 valde
1449 2586 1705 2648 suiipsius
1737 2585 1998 2634 dissimilis.
2073 2585 2203 2648 Ergo
2230 2586 2314 2633 via
2337 2585 2496 2634 lactea

236 2657 516 2706 notabiliter
551 2658 714 2720 signat
760 2656 924 2706 locum
961 2657 1140 2706 Terrae
1191 2662 1241 2705 et
1274 2656 1442 2705 mundi
1478 2658 1675 2706 mobilis
1722 2671 1809 2722 pro
1863 2658 1985 2707 locis
2025 2659 2249 2708 omnibus
2287 2658 2397 2706 aliis
2445 2660 2492 2705 in

235 2730 434 2792 regione
471 2729 690 2779 fixarum.
980 2761 989 2770 ·

375 2802 512 2851 Pone
549 2816 760 2866 namque
799 2802 1000 2852 Terram
1036 2807 1164 2851 stare
1204 2802 1270 2851 ad
1303 2801 1432 2851 latus
1470 2817 1568 2852 una
1605 2801 1968 2852 semidiametro
1994 2805 2107 2853 viae
2132 2803 2335 2865 lacteae,
2376 2810 2494 2853 tunc

233 2873 354 2923 haec
393 2877 473 2924 via
508 2875 669 2925 lactea
705 2876 958 2939 apparebit
995 2874 1069 2923 illi
1107 2875 1312 2924 circulus
1349 2889 1530 2938 parvus
1570 2875 1650 2924 vel
1689 2875 1872 2938 ellipsis
1904 2890 2072 2939 parva,
2111 2882 2219 2926 tota
2244 2875 2525 2926 declinans‘

233 2945 296 2994 ad
332 2946 460 2995 latus
499 2949 718 3008 alterum,
758 2951 944 3011 eritque
983 2948 1128 2997 simul
1165 2961 1264 2997 uno
1302 2950 1480 2997 intuitu
1518 2950 1804 3011 conspicua,
1863 2963 1988 3010 quae
2027 2963 2155 2999 nunc
2192 2964 2292 2998 non
2327 2956 2491 3012 potest
2552 2977 2554 2979 ·

235 3019 330 3066 nisi
369 3019 568 3069 dimidia
615 3022 831 3084 conspici
879 3023 1056 3084 quovis
1094 3026 1356 3070 momento.
1432 3020 1642 3069 Rursum
1696 3035 1824 3084 pone
1863 3021 2062 3069 Terram
2111 3037 2218 3071 esse
2257 3024 2307 3069 in
2344 3022 2492 3085 plano

234 3090 430 3153 quidem
469 3094 578 3142 viae
615 3093 826 3154 lacteae,
880 3094 966 3142 sed
1005 3095 1217 3143 vicinam
1254 3093 1541 3142 altrinsecus
1578 3094 1673 3156 ipsi
1712 3094 2123 3143 circumferentiae
2162 3095 2321 3157 illius3
2378 3101 2495 3144 tunc

234 3163 321 3212 illa
357 3179 470 3228 pars
507 3167 619 3214 viae
657 3165 844 3216 lacteae
881 3169 1053 3230 ingens
1093 3167 1370 3230 apparebit,
1411 3169 1651 3227 contraria
1687 3181 1800 3230 pars
1838 3173 2062 3229 angusta.

375 3237 550 3299 Itaque
598 3238 800 3287 fixarum
855 3239 1063 3302 sphaera
1111 3254 1210 3288 non
1261 3245 1449 3288 tantum
1497 3241 1613 3289 orbe
1651 3239 1927 3300 stellarum,
1982 3239 2069 3288 sed
2107 3241 2253 3289 etiam
2308 3241 2501 3289 circulo

233 3309 374 3358 lactis
413 3324 582 3358 versus
620 3325 709 3359 nos
750 3311 975 3360 deorsum
1013 3319 1086 3361 est
1124 3315 1396 3362 terminata.

381 3381 520 3430 Num
560 3384 719 3444 ἐρέται·
754 3387 891 3445 reyio
940 3386 1166 3447 fiaearum
1212 3400 1416 3434 sursum
1453 3391 1527 3433 est
1564 3384 1800 3447 infinita?
1870 3383 1965 3432 Hic
2021 3387 2318 3434 astronomia
2371 3385 2490 3433 nihil

233 3456 542 3517 pronunciat,
594 3456 645 3502 in
694 3461 829 3505 tanta
879 3458 1005 3505 enim
1046 3458 1301 3506 altitudine
1340 3472 1486 3507 sensu
1524 3456 1799 3506 destituitur
1844 3456 2107 3505 oculorum.
2182 3458 2294 3507 Hoc
2331 3458 2490 3506 solum

235 3527 376 3576 docet
402 3529 714 3588 astronomia,
754 3542 1010 3591 quousque
1037 3530 1208 3579 stellae
1235 3531 1316 3579 vel
1341 3533 1568 3579 minimae
1594 3526 1865 3590 cernuntur,
1905 3529 2091 3577 finitum
2129 3546 2234 3580 esse
2262 3533 2489 3595 spatium.

378 3601 463 3647 An
513 3614 620 3648 non
663 3607 829 3662 posset
873 3602 1053 3664 aliqua
1100 3617 1159 3651 ex
1203 3605 1352 3652 stellis
1388 3602 1661 3652 visibilibus
1709 3602 1894 3650 distare
1948 3618 1981 3649 a
2027 3604 2170 3652 nobis
2220 3605 2489 3652 intervallo

235 3678 352 3720 actu
389 3672 623 3735 infinito?
696 3673 829 3721 Non:
868 3687 982 3722 nam
1021 3674 1151 3736 quod
1191 3678 1411 3737 cernitur,
1461 3675 1844 3724 extremitatibus
1883 3676 1984 3722 suis
2040 3677 2260 3724 cernitur.
2337 3675 2490 3724 Stella

234 3746 381 3806 igitur
417 3745 626 3794 visibilis
663 3747 893 3795 terminos
945 3746 1093 3796 habet
1129 3748 1450 3797 circumcirca.
1528 3747 1714 3810 Quodsi
1764 3746 1906 3796 stella
1944 3750 2223 3798 recessisset
2275 3751 2322 3796 iu
2372 3764 2488 3811 spa-

234 3819 354 3866 tium
392 3822 505 3867 actu
542 3818 810 3881 infinitum,
864 3821 1008 3869 etiam
1045 3821 1237 3870 term-ini
1286 3820 1336 3870 hi
1374 3822 1547 3886 spatiis
1584 3821 1782 3870 infinitis
1834 3837 1865 3871 a
1901 3834 1954 3870 se
2001 3826 2171 3871 mutuo
2226 3821 2487 3885 distarent,
