2554 4140
838 137 975 182 Liber
1005 125 1200 182 Tertius.
1260 136 1372 181 Pars
1405 136 1587 191 Quarta.
2233 131 2336 187 ‘269

91 290 337 338 circumire
388 292 437 336 et
482 287 532 332 in
582 285 684 333 dies
737 286 958 347 singulos
1008 287 1117 334 oriri
1167 291 1214 334 ct
1254 283 1470 333 occidere
1511 283 1780 344 videretur,
1835 289 1886 331 at
1923 283 2059 331 nulla
2097 288 2224 331 esset
2265 281 2341 329 di-

92 363 284 411 stinctio
337 359 590 421 eclipticae
641 358 689 404 in
741 359 1052 419 medietates,
1106 357 1397 421 quadrantes
1438 357 1515 404 vcl
1554 359 1714 418 signa,
1767 355 1902 404 nulla
1942 355 2187 404 distinctio
2227 356 2364 402 anni·

91 450 175 498 per
210 432 469 497 qualitates
496 431 710 479 diversas
738 438 902 480 aestus
931 438 979 480 et
1004 433 1209 494 frigoris,
1252 444 1418 479 omncs
1458 429 1559 477 dies
1588 429 1812 477 omnibus
1839 430 2063 477 noctibus
2090 428 2340 491 aequales,

79 506 223 572 <nulla
261 505 503 553 distinctio
544 506 590 550 in
629 503 776 566 globo
817 494 1050 565 Telluris,
1102 505 1195 552 nisi
1233 501 1499 551 secundum
1537 517 1693 564 magis
1735 508 1783 550 et
1819 503 1993 553 minus,
2070 501 2194 550 Nam
2234 515 2341 549 cum

88 583 158 628 sic
202 579 308 626 axis
358 575 569 625 Telluris
622 576 887 639 parallelus
936 583 1178 626 statuatur
1235 577 1315 624 axi
1367 575 1646 638 eclipticae‚
1697 573 1796 635 poli
1847 575 2012 621 mundi
2067 575 2339 637 imaginarii

2 643 16 660 ⁸
91 653 236 701 etiam
275 649 598 699 coinciderent
637 664 745 698 cum
794 650 920 713 polis
961 650 1227 712 eclipticae.
1304 649 1416 696 Duo
1457 661 1570 710 ergo
1620 652 1802 710 puncta
1842 654 2002 695 essent
2048 649 2097 693 in
2135 647 2344 696 Telluris

91 722 370 786 superficie,
431 723 606 785 quibus
658 721 787 771 Solis
839 738 1012 786 corpus
1066 722 1366 770 dimidiatum
1413 722 1621 770 aeternis
1671 719 1993 767 rotationibus
2046 718 2344 768 horizontem
2399 774 2401 776 ¹

92 797 378 855 circumiret,
418 811 668 858 nunquam
705 810 757 843 se
785 795 1029 856 attollens,
1068 810 1314 857 nunquam
1343 808 1590 856 mergens3
1631 793 1692 841 ab
1721 794 1779 839 iis
1807 805 1903 855 quo
1932 794 2129 855 propius
2157 807 2344 856 aequa-

90 877 245 918 torem
284 869 541 928 veniretur,
580 868 676 916 hoc
715 868 858 916 altior
885 871 933 915 in
971 868 1171 916 meridie
1198 868 1283 917 Sol
1319 867 1467 928 fieret,
1507 866 1591 916 scd
1630 879 1820 929 semper
1844 870 1948 913 toto
1988 878 2116 912 anno
2156 867 2201 911 in
2231 865 2346 914 alti-

93 941 261 990 tudine
315 942 583 1001 constanti,
635 941 789 989 donec
837 942 927 989 sub
976 941 1289 1003 aequatorem
1337 942 1613 999 veniretur,
1661 939 1744 986 ubi
1784 936 1868 986 Sol
1917 939 2120 1000 perenni
2157 938 2342 986 dierum

89 1017 400 1076 noctiumque
442 1013 777 1062 vicissitudine
815 1028 1005 1076 semper
1055 1017 1103 1060 in
1141 1013 1339 1062 meridie
1387 1014 1617 1062 verticem
1656 1010 2104 1075 supergrederetur,
2159 1026 2348 1059 summa

89 1089 233 1150 igitur
271 1094 318 1135 et
357 1089 501 1136 unica
540 1093 862 1149 etperpetua
901 1087 1001 1135 illic
1041 1092 1168 1135 esset
1206 1093 1383 1147 aestas„
1423 1101 1612 1134 summa
1650 1091 1697 1134 et
1735 1087 1879 1134 unica
1906 1090 1952 1132 et
1990 1089 2226 1147 perpetua
2252 1086 2343 1133 sub

88 1159 216 1224 polis
253 1161 423 1208 hiemS.
498 1158 584 1208 Sol
624 1161 771 1208 etiam
809 1161 856 1206 in
897 1151 1075 1222 {quovis
1124 1159 1233 1208 loco
1287 1161 1356 1207 sic
1395 1161 1597 1208 oriretur
1637 1164 1684 1207 ct
1723 1156 1991 1219 occideret,
2042 1159 2169 1205 sicut
2215 1172 2345 1206 nunc

90 1232 256 1296 aliqua
293 1232 436 1289 stella
474 1231 595 1293 fixa,
637 1231 833 1281 easdem
871 1239 1104 1295 perpetuo
1138 1231 1314 1297 ‘plagas
1352 1232 1617 1280 horizontis
1657 1231 1940 1280 observans
2017 1230 2191 1293 Itaque
2231 1237 2344 1279 tan-

89 1305 338 1354 tummodo
377 1307 562 1353 ratione
603 1305 698 1353 diei
738 1312 785 1354 et
822 1308 977 1354 noctis
1020 1312 1149 1354 esset
1186 1305 1354 1368 aliqua
1392 1304 1678 1354 vicissitudo
1719 1307 1767 1352 in
1795 1304 1959 1364 Terra,
1999 1300 2133 1352 nulla
2157 1306 2345 1352 ratione

90 1381 228 1438 anni,
284 1378 484 1442 perinde
523 1379 648 1427 enim
688 1383 842 1438 esset,
898 1394 956 1427 ac
994 1378 1224 1427 si'Terra
1262 1392 1423 1427 annuo
1464 1385 1597 1426 motu
1637 1393 1733 1426 non
1774 1378 2046 1425 circumiret
2086 1379 2213 1425 circa
2253 1377 2348 1426 So-

55 1518 58 1521 ·
89 1452 210 1511 lem,
258 1453 353 1499 nisi
390 1457 600 1512 tantum,
655 1450 785 1514 quod
824 1451 937 1500 aliis
974 1454 1088 1501 anni
1126 1452 1424 1514 temporibus
1468 1452 1589 1501 alias
1629 1451 1824 1512 stellas,
1875 1456 1930 1498 ut
1968 1465 2096 1499 nunc
2136 1446 2347 1514 quoque,

90 1527 256 1575 visura
294 1531 437 1573 esset.

238 1597 377 1661 Quid
424 1611 568 1658 vero,
620 1600 662 1645 si
708 1598 822 1645 axis
869 1595 1080 1644 Telluris
1117 1597 1337 1646 totaliter
1385 1599 1661 1646 inclinatus
1690 1599 1882 1658 jaceret
1931 1599 1987 1644 in
2033 1598 2141 1659 ipso
2186 1597 2350 1658 plano

89 1671 363 1733 eclipticae,
412 1672 632 1718 retinens
678 1672 882 1717 interim
920 1669 1044 1717 dum
1090 1669 1248 1718 Terra
1287 1673 1422 1718 circa
1462 1670 1628 1720 Solem
1665 1671 1891 1731 vehitur,
1931 1671 2086 1718 situm
2117 1671 2348 1732 paralle-

90 1743 234 1792 lum?
293 1743 432 1791 Tunc
483 1748 644 1791 essent
694 1757 811 1791 sane
861 1743 1243 1804 vicissitudines,
1298 1758 1394 1792 non
1448 1750 1636 1792 tantum
1689 1743 1875 1793 dierum
1924 1748 1972 1792 et
2009 1745 2224 1792 noctium
2265 1758 2350 1805 per

93 1816 447 1866 revolutionem
485 1814 695 1864 Telluris
737 1817 864 1864 circa
902 1829 1069 1877 axem,
1120 1816 1206 1865 sed
1247 1819 1393 1886 etiam
1433 1823 1704 1880 temporum
1743 1817 1857 1866 anni
1895 1830 1980 1880 per
2018 1815 2350 1865 circumlatio-

39 1892 42 1895 ’
93 1905 203 1939 nem
241 1889 475 1948 TelluriS,
524 1888 610 1936 sed
651 1894 813 1938 essent
850 1888 1212 1939 vicissitudines
1254 1891 1717 1955 improportionatae
1757 1897 1805 1938 et
1844 1889 2067 1938 omnibus
2120 1895 2351 1938 terrarum

93 1962 213 2012 locis
252 1977 418 2011 omnes
459 1961 818 2023 quodammodo
858 1976 1152 2011 communes.
1228 1963 1354 2012 Nam
1391 1964 1492 2026 poli
1519 1959 1787 2026 >eclipticae
1826 1962 2104 2011 viderentur
2143 1964 2382 2022 circum-f

96 2035 227 2085 volvi
265 2037 315 2083 iu
354 2043 635 2098 aequatore,
675 2035 776 2098 poli
814 2034 982 2083 mundi
1021 2041 1182 2084 essent
1221 2037 1268 2083 in
1309 2036 1548 2100 ecliptica,
1589 2036 1776 2085 scilicet
1809 2038 1857 2082 in
1897 2037 2135 2099 principio
2182 2036 2353 2084 Cancri

39 2148 42 2149 γ
94 2116 143 2158 et
181 2108 486 2172 Capricorni,
542 2107 627 2156 Sol
666 2110 812 2171 igitur
849 2114 1037 2157 aestate
1077 2108 1262 2158 veniret
1301 2112 1348 2157 in
1388 2109 1556 2174 polum
1594 2110 1762 2158 mundi
1800 2124 2028 2174 superum
2042 2147 2057 2175 ,
2105 2109 2262 2160 hieme
2303 2111 2350 2156 in

95 2183 325 2231 inferum:
374 2181 474 2229 illic
520 2180 701 2230 faceret
739 2183 813 2241 iis,
854 2183 938 2244 qui
977 2182 1067 2230 sub
1106 2182 1221 2246 polo
1259 2183 1510 2244 habitant,
1553 2183 1681 2231 diem
1719 2185 1863 2232 unius
1904 2184 2151 2231 semestris
2190 2181 2353 2245 longi-

5 2325 8 2341 ·
51 2254 58 2257 ’
96 2254 289 2314 tudine,
331 2260 396 2303 .et
446 2256 496 2300 in
546 2254 677 2302 illius
715 2254 877 2303 medio
918 2254 1141 2304 adureret
1179 2256 1288 2305 illos
1328 2257 1705 2316 violentissime,
1762 2258 1941 2321 quippe
1995 2261 2043 2305 et
2081 2258 2224 2304 rectis
2263 2271 2353 2305 an-

98 2328 240 2390 guliS,
283 2334 335 2375 ut
369 2327 471 2389 jam
510 2327 558 2375 in
598 2327 801 2387 torrida,
859 2334 907 2376 et
945 2327 1089 2384 simul
1127 2343 1223 2378 non
1265 2330 1516 2390 occidens,
1575 2335 1629 2378 ut
1660 2330 1765 2392 Jam
1806 2332 1854 2376 in
1892 2330 2042 2392 longa
2083 2329 2159 2378 die
2199 2337 2352 2378 zonae

101 2399 331 2463 frigidae,
382 2402 693 2462 insuperque*
721 2415 819 2449 non
867 2407 1146 2465 permutans
1194 2402 1356 2452 locum
1405 2397 1470 2452 ex‘
1509 2402 1636 2452 loco,
1712 2403 1887 2452 Hieme
1938 2410 2106 2452 contra
2143 2404 2354 2465 rigerent

97 2474 166 2521 illi
206 2473 297 2521 sub
337 2471 449 2536 polo
500 2473 770 2536 aequaliter
814 2480 868 2521 ut
914 2487 1064 2535 nunc,
1119 2482 1313 2535 noctem
1353 2491 1468 2525 vero
1521 2491 1702 2526 meram
1740 2471 2267 2540 profundissimamque
2308 2481 2356 2523 et

99 2546 235 2595 nullo
277 2543 579 2610 crepusculo,
618 2552 671 2594 ut
697 2561 839 2607 nune,
882 2547 1085 2595 dilutam
1109 2547 1360 2610 haberent,
1403 2550 1472 2597 ita
1497 2565 1580 2614 per
1618 2555 1856 2598 aestatem
1885 2549 2088 2598 flammis
2129 2555 2176 2597 et
2202 2563 2355 2611 squa-

97 2619 221 2680 lore,
270 2633 356 2682 per
392 2617 600 2667 hiemem
649 2618 763 2681 gelu
815 2626 862 2668 et
913 2621 1126 2670 tenebris
1179 2629 1520 2677 enecarentur·
1571 2630 1786 2672 extreme
1830 2624 2071 2672 contraria
2118 2623 2164 2669 in
2206 2636 2355 2670 unum

97 2691 257 2742 locum
296 2693 586 2754 ingruerent.

243 2760 473 2813 Vicissim
512 2766 596 2826 qui
629 2763 724 2812 sub
763 2772 1026 2827 aequatore
1066 2756 1313 2828 habitant,
1370 2768 1428 2815 iis
1468 2766 1552 2816 Sol
1593 2769 1642 2815 in
1680 2768 1874 2830 punctis
1915 2766 2356 2835 aequinoctialibus

100 2853 185 2902 per
223 2839 484 2895 verticem,
524 2842 578 2884 ut
610 2850 761 2897 nunc,
799 2840 1050 2898 transii-,et
1092 2840 1136 2886 in
1178 2841 1370 2903 punctis
1408 2839 1747 2889 solstitialibus
1788 2839 2059 2888 subsideret
2098 2854 2252 2904 usque
2292 2832 2356 2889 ad

101 2910 400 2960 horizontem
449 2910 615 2973 ibique
666 2911 715 2957 in
766 2924 863 2958 uno
917 2911 1181 2960 horizontis
1219 2912 1328 2962 loco
1386 2913 1608 2961 velutin
1650 2919 1790 2962 torno
1830 2918 2093 2980 rotaretur,
2146 2913 2270 2961 alias
2310 2919 2357 2962 ct

108 2983 228 3033 alias
255 2983 479 3047 corporis
518 2985 593 3030 sui
632 2983 895 3047 particulas
935 2984 1228 3047 spectandas
1267 2985 1514 3034 exhibens.

160 3061 166 3071 ’
242 3056 320 3106 Ita
357 3056 477 3105 locis
518 3057 641 3104 inter
679 3054 819 3118 polos
859 3062 906 3106 et
943 3064 1259 3119 aequatorem
1300 3058 1594 3108 intermediis
1634 3058 1860 3106 omnibus
1891 3061 2204 3108 convenirent
2243 3073 2357 3107 om-

102 3143 189 3180 nes
227 3131 439 3178 omnium
479 3143 710 3177 zonarum
748 3131 1086 3192 proprietates
1176 3130 1300 3179 Nam
1342 3137 1390 3180 et
1429 3130 1592 3180 Solem
1634 3130 1912 3180 verticalem
1949 3132 2185 3181 haberent
2233 3133 2359 3181 binis

106 3217 190 3267 per
227 3217 407 3251 annum
449 3203 733 3260 aestatibuS,
775 3207 823 3249 ct
862 3204 1117 3251 continuos
1158 3203 1259 3252 dies
1299 3205 1347 3252 in
1386 3218 1485 3252 una
1523 3218 1720 3252 suarum
1756 3203 1986 3267 hiemum,
2028 3211 2084 3255 et·
2101 3207 2357 3255 continuas

105 3281 270 3324 noctes
327 3277 376 3323 in
431 3274 586 3324 altera
635 3275 865 3323 hiemum.
945 3273 1039 3336 Qui
1078 3278 1277 3339 propius
1316 3275 1483 3340 polum
1521 3282 1656 3337 sunt,
1708 3276 1943 3327 haberent
1991 3284 2039 3328 et
2077 3280 2357 3329 continuam

106 3347 232 3398 diem
272 3354 321 3398 et
358 3348 521 3398 Solem
562 3350 787 3398 continue
828 3346 1109 3396 verticalem
1149 3347 1321 3398 eodem
1359 3354 1576 3412 tempore
1616 3364 1773 3413 eoquo
1811 3365 1907 3400 non
1946 3351 2156 3401 modico.

248 3420 348 3469 Dic
396 3424 572 3481 etiam,
625 3421 749 3484 quid
796 3427 917 3468 tunc
962 3421 1124 3483 fieret,
1176 3425 1218 3469 si
1263 3436 1566 3485 quacunque
1612 3426 1723 3472 amis
1768 3423 1979 3474 Telluris
2027 3427 2359 3475 inclinatione

28 3483 31 3546 ’ἓ
107 3497 356 3543 constanti
386 3497 580 3557 posita,
637 3497 760 3542 situs
798 3496 910 3541 axis
945 3508 1052 3542 non
1089 3501 1318 3543 maneret
1349 3495 1633 3557 parallelus
1670 3499 1726 3545 in
1765 3499 2146 3548 circumlatione
2191 3499 2359 3548 Tellu-

107 3568 201 3626 ris,
249 3566 333 3615 sed
370 3566 536 3617 Solem
573 3570 739 3635 ipsum
775 3572 1017 3636 perpetuo
1054 3567 1351 3628 respiceret?
1407 3566 1537 3630 Quid
1575 3569 1787 3619 futurum
1826 3572 1994 3633 fuerit,
2045 3578 2176 3621 recto
2216 3571 2359 3620 incli-

106 3639 317 3688 nationis
354 3640 535 3704 angulo
569 3642 746 3705 posit0,
789 3639 968 3688 dictum
1008 3645 1080 3688 est
1107 3640 1271 3702 initi93
1309 3639 1444 3690 nulla
1483 3647 1611 3691 essct
1636 3644 1940 3694 vicissitudo.
2015 3645 2151 3694 Idem
2180 3659 2358 3706 seque-

109 3715 259 3772 retur,
306 3713 348 3760 si
395 3715 499 3762 axis
547 3716 594 3761 in
634 3713 833 3779 planum
882 3712 1132 3777 eclipticac
1180 3714 1450 3777 projectae,
1502 3714 1604 3764 Soli
1658 3722 1891 3781 perpetuo
1941 3724 2073 3767 recta
2122 3718 2358 3766 obversus

108 3791 353 3844 maneret,
405 3787 497 3834 nisi
547 3785 678 3850 quod
733 3786 832 3835 illic
869 3784 967 3850 poli
1024 3784 1189 3834 mundi
1227 3786 1505 3837 coincidunt
1543 3803 1645 3837 cum
1686 3790 1814 3853 polis
1853 3790 2131 3854 eclipticae,
2181 3790 2258 3838 hic
2307 3792 2355 3837 in

114 3854 219 3917 ipsa
256 3857 476 3922 ecliptica
513 3874 674 3909 annuo
712 3865 846 3908 motu
886 3860 1190 3908 circumirent
1227 3864 1275 3908 et
1313 3874 1439 3924 quac
1476 3860 1590 3911 hinc
1637 3868 1921 3925 sequuntur.
1975 3863 2213 3912 Inclinato
2239 3877 2355 3912 vero
