2554 4140
136 88 242 173 220
959 117 1196 175 Epitomes
1226 117 1545 163 Astronomiae

135 274 185 318 et
222 267 432 332 angulus
469 265 848 316 meridianarum
900 272 975 318 est
1011 266 1351 331 quaerendus:
1403 264 1492 315 sed
1541 279 1800 330 processus
1846 280 1935 330 pro
1990 265 2249 316 altitudine
2292 266 2396 331 poli

134 355 280 405 super
318 340 619 389 horizontem
654 339 753 389 loci
789 342 941 390 utitur
977 339 1237 390 altitudine
1274 340 1558 402 aequatoris
1595 354 1686 388 seu
1722 338 1956 389 distantia
1991 340 2095 404 poli
2133 355 2164 388 a
2194 341 2395 401 vertice,

133 414 257 463 haec
294 415 421 463 enim
449 419 523 462 est
561 411 770 462 altitudo
810 413 914 477 poli
949 428 1095 477 super
1131 413 1334 477 planum
1370 411 1653 474 meridiani3
1691 413 1742 460 in
1773 414 1947 462 ceteris
1974 420 2047 464 est
2076 411 2225 476 plane
2249 411 2394 472 idem,

134 488 218 549 qui
254 487 390 548 prius
428 487 478 533 iu
516 485 781 537 inclinatis.
858 487 946 535 Est
983 492 1148 535 autem
1174 491 1223 535 et
1259 485 1383 536 haec
1407 483 1618 534 altitudo
1655 485 1758 548 poli
1783 487 1987 536 inventa
2024 500 2216 550 semper
2241 486 2398 535 minor

134 564 370 623 usurpata
406 558 644 619 distantia
681 559 787 622 ejus
825 576 857 609 a
894 561 1091 608 vertice.

283 631 422 695 Quid
451 631 709 694 aymdum
746 639 816 681 est
851 639 1142 681 astronomo
1181 645 1295 680 cum
1335 631 1537 679 circvdis
1566 632 1883 693 positionum
1898 630 1925 678 Ρ
1983 628 2279 693 Quaerenda
2317 635 2394 679 est

134 704 348 754 elevatio
396 703 498 768 poli
536 718 683 768 super
721 704 914 754 illorum
951 718 1375 768 unumquemque,
1433 703 1585 753 veluti
1637 718 1783 767 super
1819 703 2035 766 aliquem
2073 703 2393 753 horizontem.

133 778 345 827 Rursum
382 784 548 827 autem
585 780 682 827 ista
719 792 909 841 semper
946 780 1102 826 minor
1139 783 1215 827 est
1238 776 1530 845 ‘elevatione
1568 775 1672 841 poli
1707 791 1855 840 super
1890 776 2196 826 horizontem
2233 776 2347 824 loci.

286 849 425 900 Unde
461 851 583 900 haec
619 851 873 899 habetur?
924 850 1019 900 Vel
1059 865 1119 899 ex
1157 849 1472 899 inclinatione
1520 849 1688 899 circuli
1723 851 2027 913 positionum
2063 848 2128 899 ad
2164 849 2397 899 meridia-

133 938 250 974 num
286 923 409 986 loci,
462 923 708 988 quomodo
750 923 1029 987 Campanus
1070 930 1119 972 et
1158 922 1380 972 Gazulus
1430 922 1638 973 circulos
1689 922 1945 972 domorum
1993 928 2304 984 construunt,
2351 929 2401 972 et

139 1002 255 1046 tunc
291 1011 550 1060 processus
589 1003 663 1046 est
698 996 845 1059 plane
884 995 1014 1046 idem
1054 997 1140 1059 qui
1176 997 1325 1061 prius,
1366 1010 1476 1045 cum
1513 992 1724 1045 altitudo
1761 995 1865 1060 poli
1903 999 2217 1059 quaereretur
2253 1009 2400 1060 super

133 1070 367 1120 circulum
403 1069 539 1133 plani
574 1069 796 1118 inclinati
834 1071 882 1117 iu
920 1071 1255 1133 gnomonicis;
1297 1068 1378 1120 vel
1417 1084 1478 1119 ex
1516 1083 1632 1119 arcu
1669 1070 1949 1132 aequaturis
1993 1069 2118 1119 inter
2169 1068 2402 1119 meridia-

135 1143 257 1192 num·
290 1150 338 1193 et
376 1141 608 1192 circulum
646 1143 931 1206 positionis,
985 1142 1232 1207 quomodo
1270 1142 1692 1206 Regiomontanus
1743 1141 1951 1193 circulos
1990 1141 2243 1192 domorum
2281 1155 2401 1191 cou-

137 1218 293 1265 struit.
371 1215 510 1265 Tunc
546 1215 781 1265 formatur
818 1216 1156 1279 rectangulum
1194 1230 1255 1266 ex
1291 1215 1590 1278 meridiano,
1645 1222 1913 1279 aequatore
1952 1221 2000 1265 et
2044 1214 2224 1265 circulo
2263 1217 2401 1279 posi-

138 1291 310 1350 tionis,
352 1289 401 1336 in
440 1302 537 1352 quo
576 1288 708 1338 latus
747 1291 794 1336 in
834 1296 1100 1352 aequatore
1127 1288 1286 1351 datur,
1326 1289 1456 1339 latus
1483 1291 1531 1337 in
1572 1287 1839 1339 meridiano
1868 1294 1943 1338 est
1979 1287 2187 1338 altitudo
2213 1302 2403 1352 aequa-

132 1364 274 1424 toris;
315 1376 466 1426 quare
502 1361 548 1411 ei
588 1363 841 1427 oppositus
879 1362 1090 1425 angulus
1130 1377 1228 1411 non
1267 1364 1445 1426 poterit
1482 1376 1574 1412 nos
1612 1363 1810 1426 sugere,
1860 1375 2009 1425 quern
2045 1362 2246 1433 metitur
2284 1361 2402 1411 alti·
2487 1404 2533 1426 ,3⁷

134 1435 252 1485 tudo
291 1435 574 1499 aequatoris
612 1450 759 1499 super
798 1435 1032 1485 circulum
1077 1437 1353 1499 positionis.

394 1518 644 1563 Processus
676 1523 746 1563 est
775 1518 886 1563 iste:
919 1521 1110 1562 Altitudo
1142 1523 1386 1576 aequatoris
1415 1521 1502 1564 loci
1531 1523 1588 1563 sit
1616 1521 1699 1563 410
1727 1524 1814 1576 44’,
1846 1526 2021 1573 tang-m
2079 1523 2226 1564 89201

191 1579 323 1619 Arcus
356 1581 594 1633 aequaturi·
623 1581 733 1619 inter
762 1581 1037 1620 meridianum
1070 1586 1110 1621 et
1142 1581 1341 1622 circulum
1372 1577 1594 1633 positionis
1622 1582 1678 1621 sit
1708 1581 1791 1623 300
1818 1582 1874 1628 θ’,
1906 1582 2021 1621 sinus
2084 1583 2228 1624 50000

304 1638 495 1680 Dividat:
536 1639 730 1691 quotiens
771 1640 913 1680 89201
949 1653 957 1677 :
993 1642 1137 1681 50000
1169 1655 1227 1676 =
1263 1641 1434 1682 178400
1477 1644 1539 1680 est
1578 1645 1752 1687 tangens
1785 1652 1906 1680 arcus
1945 1639 2026 1681 600
2055 1641 2127 1681 44’
2166 1639 2403 1680 altitudini·
2492 1619 2523 1702 ξ’

132 1697 373 1747 aequatoris
406 1708 529 1748 super
550 1695 752 1737 circulum
783 1698 1024 1749 positionis.
1085 1700 1192 1749 Ergo
1224 1698 1306 1740 29⁰
1339 1701 1407 1740 16‘
1439 1703 1501 1739 est
1531 1698 1713 1738 altitudo
1744 1697 1834 1751 poli
1864 1711 1988 1751 super
2018 1700 2210 1742 eundem.

290 1770 403 1834 Quo
450 1770 748 1821 documento
794 1778 1009 1834 constat,
1072 1773 1399 1822 altitudinem
1442 1774 1554 1836 poli
1606 1775 1662 1821 in
1713 1772 1831 1822 Iocis
1881 1772 2162 1835 superficiei
2219 1771 2405 1821 Terrae
2491 1758 2499 1790 ²
2535 1814 2537 1817 ,

129 1858 324 1906 semper
361 1858 459 1893 esse
497 1843 752 1893 eandem?
808 1844 1002 1909 Pragae
1042 1854 1156 1896 ante
1186 1847 1291 1895 200
1317 1861 1474 1896 annos
1513 1846 1777 1896 observata
1805 1851 1881 1894 est
1917 1845 2128 1895 altitudo
2167 1844 2270 1909 poli
2312 1841 2405 1894 50⁰
2491 1878 2497 1899 .-
2534 1847 2535 1853 ’

136 1919 202 1978 6‘,
242 1918 369 1966 sicut
406 1923 455 1966 et
491 1916 652 1967 hodie.

278 2005 438 2067 Atqui
473 2004 591 2055 Joh.
634 2003 811 2054 Maria
850 2010 969 2054 ante
1006 2006 1106 2054 100
1143 2019 1309 2055 annos
1345 2004 1596 2055 dubitasse
1632 2004 1693 2054 de
1728 2005 1819 2056 hoe
1865 2005 2079 2069 leyitur‚
2130 1963 2405 2068 compara·
2483 1983 2485 1992 ⁴

132 2079 266 2127 tione
299 2078 640 2164 yeoqraplziae
666 2078 1000 2128 Ptolemaicae
1037 2092 1154 2127 cum
1182 2077 1446 2130 moderna.
1472 2074 1543 2143 22)
1622 2077 1845 2128 Creditur
1873 2076 2020 2143 culpa
2043 2080 2092 2127 in
2119 2077 2405 2127 Ptolemaeo
2476 2062 2491 2130 ¹t

135 2151 351 2212 haerere,
392 2152 477 2215 qui
516 2152 564 2198 in
604 2151 726 2200 locis
767 2150 1033 2200 occidentis
1070 2165 1168 2200 non
1208 2165 1372 2202 coram
1412 2151 1769 2212 observaverit,
1822 2149 1909 2201 sed
1948 2165 2008 2201 ea
2044 2150 2214 2216 procul
2254 2149 2404 2201 dubio
2485 2159 2492 2202 .’

109 2239 192 2283 rex
230 2221 403 2274 tabula
439 2223 770 2287 geographica
819 2225 981 2273 minus
1020 2230 1250 2274 accurata
1289 2226 1699 2288 transscripserit,
1746 2230 1832 2274 aut
1870 2238 1930 2275 ex
1967 2221 2271 2290 longitudine
2310 2222 2408 2313 diei
2480 2247 2487 2254 κ

133 2299 367 2358 aestivae,
409 2299 482 2346 uti
520 2312 629 2346 earn
669 2311 729 2346 ex
768 2311 935 2347 crasso
973 2296 1131 2347 relatu
1171 2296 1423 2359 didicerat,
1462 2298 1847 2361 investigaverit.
2473 2323 2490 2354 a

283 2370 546 2434 Quomodo
596 2372 839 2419 metimur
890 2371 1216 2420 altitudinem
1266 2371 1436 2420 stellae
1482 2378 1577 2420 aut
1622 2371 1920 2420 distantiam
1958 2372 2066 2425 eim
2112 2386 2147 2419 a
2182 2370 2404 2420 vertice?
2486 2398 2492 2407 ·

131 2444 459 2493 Instrumento
511 2442 824 2507 quadrantis,
878 2457 967 2493 seu
1018 2442 1252 2504 solitarii,
1307 2456 1419 2494 seu
1441 2444 1484 2493 is
1534 2445 1598 2494 sit
1644 2458 1757 2508 pars
1811 2442 1978 2494 circuli
2016 2445 2068 2492 in
2105 2443 2405 2508 astrolab103

133 2517 272 2580 cujus
313 2516 511 2582 quidem
551 2514 837 2579 quadrantis
876 2530 1026 2566 unum
1064 2517 1194 2566 latus
1234 2517 1473 2567 beneficio
1510 2516 1847 2581 perpendiculi
1894 2519 1942 2565 in
1980 2524 2216 2582 punctum
2253 2519 2406 2567 verti·

133 2590 238 2639 cale
277 2588 543 2655 dirigatur,
592 2589 801 2639 alterum
840 2592 889 2637 iu
926 2590 1131 2654 planum
1168 2590 1450 2651 horizontis,
1490 2597 1538 2641 et
1576 2597 1694 2640 tunc
1718 2589 1890 2654 regula
1925 2591 2036 2640 visu
2068 2590 2191 2640 duce
2228 2596 2278 2640 et
2313 2588 2407 2640 ad-

138 2662 371 2712 miniculo
408 2661 804 2727 pinnacidiorum
830 2664 879 2711 in
906 2662 1099 2712 stellam
1126 2669 1200 2713 est
1239 2662 1508 2727 dirigenda.
1570 2661 1711 2726 Quae
1749 2670 1986 2727 quantum
2014 2669 2129 2713 tunc
2165 2662 2409 2713 abscindit
2447 2689 2485 2702 ·«

135 2737 194 2785 de
242 2735 402 2786 limbo·
443 2735 632 2797 diviso,
686 2742 825 2785 tanta
871 2738 1219 2799 pronunciatur
1267 2736 1477 2786 altitudo
1529 2735 1730 2797 stellae,
1782 2736 2025 2800 siquidem
2074 2736 2318 2801 quadrans
2355 2737 2406 2786 in

132 2816 297 2874 partes
340 2810 408 2860 90
436 2808 625 2859 divisus
651 2810 730 2870 sit,
771 2808 1112 2872 progrediente
1140 2811 1477 2860 numeratione
1502 2810 1566 2859 ab
1604 2809 1856 2860 horizonte
1883 2825 2102 2872 sursum3
2142 2811 2216 2859 sin
2241 2817 2405 2859 autem
2464 2843 2483 2871 ·.
2506 2804 2509 2805 ⁷

135 2899 165 2932 a
202 2897 390 2931 summo
439 2897 611 2931 versus
661 2881 963 2931 horizontem
1002 2883 1236 2947 procedat
1274 2883 1393 2932 ordo
1431 2897 1765 2945 numerorum,
1821 2890 1937 2933 tunc
1989 2882 2290 2934 abscinditur
2328 2881 2406 2931 di·
2474 2876 2481 2897 ³

134 2958 316 3005 stantia
354 2954 527 3005 stellae
565 2970 596 3005 a
633 2956 833 3005 vertice.

244 3040 303 3083 *In
336 3038 565 3085 schemate
597 3039 670 3086 31.
701 3037 874 3084 directa
904 3038 963 3083 sit
992 3039 1072 3084 AB
1103 3038 1150 3084 in
1171 3038 1464 3095 horizontem,
1495 3037 1576 3083 AF
1607 3038 1655 3083 iu
1686 3038 1910 3096 verticem,
1940 3038 2024 3083 AD
2046 3038 2205 3097 regula
2234 3040 2279 3084 in
2301 3037 2411 3085 stela

134 3104 237 3161 lam,
270 3119 376 3162 ergo
406 3105 483 3150 BC
512 3105 797 3164 reputabitur
825 3119 909 3163 pro
940 3104 1179 3151 altitudine
1212 3103 1386 3157 stellae,
1419 3104 1491 3149 CF
1522 3117 1606 3161 pro
1640 3104 1857 3150 distantia
1889 3105 1989 3160 ejus
2021 3118 2048 3149 a
2078 3105 2259 3150 vertice.

287 3182 548 3246 Quomodo
585 3198 704 3233 vero
741 3186 922 3243 scitur,
970 3184 1166 3232 stellam
1215 3183 1305 3232 hoc
1340 3188 1593 3232 momento
1630 3197 1726 3231 esse
1762 3184 1820 3230 in
1856 3182 2143 3232 meridiano
2181 3189 2227 3230 et
2264 3182 2407 3232 altis·

135 3258 342 3314 simam,
383 3270 499 3303 cum
535 3257 853 3305 meridianus
891 3257 1111 3306 circulus
1147 3271 1255 3307 non
1289 3254 1464 3319 pateat
1502 3255 1662 3305 oculis
1701 3258 1757 3303 in
1794 3255 1963 3305 coelo?
2019 3255 2405 3319 Investigatione
2452 3284 2482 3290 ›·

136 3330 294 3379 lineae
335 3327 636 3378 meridianae
688 3335 736 3378 et
776 3327 1097 3380 collocatione
1147 3329 1431 3393 quadrantis
1469 3342 1616 3393 super
1652 3327 1787 3378 illam
1825 3334 1911 3376 aut
1949 3327 2056 3391 ejus
2095 3327 2408 3392 parallelam3

137 3402 282 3452 stella
328 3402 454 3449 enim
493 3402 541 3448 in
580 3400 675 3451 hoc
712 3402 913 3465 planum
946 3403 1114 3467 judice
1156 3405 1263 3453 visu
1302 3402 1522 3452 incidens
1561 3408 1636 3452 est
1672 3404 1720 3450 in
1758 3400 2040 3452 meridiano.

286 3473 548 3540 Quomodo
586 3475 724 3522 linea
763 3475 1052 3526 meridiana
1088 3476 1345 3526 habetur?
1399 3475 1550 3526 Varie
1588 3481 1637 3525 et
1682 3474 1832 3535 haec,
1885 3473 1972 3523 sed
2022 3472 2200 3523 modus
2261 3472 2408 3536 hujus
2459 3517 2461 3519 .

138 3549 235 3599 loci
273 3548 500 3614 proprins
540 3551 588 3595 et
627 3546 1022 3610 expeditissimus
1063 3555 1137 3599 est
1174 3551 1295 3599 iste:
1334 3554 1476 3599 nocte
1515 3548 1647 3600 clara
1682 3549 1870 3611 respice
1911 3547 1974 3596 ad
2014 3546 2206 3596 stellam
2246 3553 2440 3596 extre-‘

138 3637 269 3671 mam
321 3623 370 3670 in
420 3619 578 3669 cauda
615 3617 770 3669 Ursae
822 3622 1042 3685 minoriS‚
1097 3631 1171 3672 est
1217 3623 1346 3672 enim
1384 3636 1536 3687 prope
1571 3620 1768 3686 polum3
1818 3622 1985 3683 itaque
2024 3620 2174 3684 plaga
2212 3619 2298 3668 illa
2335 3623 2410 3669 est
2450 3649 2455 3666 ³

138 3695 295 3759 plaga·
339 3693 681 3758 septentrionis
735 3695 784 3740 in
842 3700 1010 3743 nostro
1062 3695 1423 3759 hemisphaerio
1475 3701 1525 3746 et
1574 3709 1600 3743 e
1647 3695 1846 3757 regione
1898 3694 2005 3756 ejus
2058 3700 2132 3742 est
2186 3691 2453 3742 meridies»
2502 3742 2511 3758 .

139 3774 333 3833 praeter
369 3771 586 3832 propter.
664 3765 874 3829 Cognita
922 3766 1070 3831 plaga
1107 3769 1326 3818 meridiei
1366 3769 1491 3832 elige
1529 3766 1736 3828 stellam,
1778 3781 1904 3829 quae
1943 3782 1973 3815 a
2010 3762 2209 3816 meridie
2247 3771 2321 3815 est
2345 3761 2438 3829 ad?

140 3843 417 3904 sinistram3
471 3853 644 3890 versus
693 3845 848 3889 ortum
902 3840 1008 3904 ejus
1057 3855 1176 3906 cape
1226 3841 1532 3893 altitudinem
1579 3840 1670 3889 DE
1719 3854 1805 3904 per
1851 3838 2171 3904 quadrantem
2219 3838 2309 3888 TD
2360 3840 2409 3887 et
2499 3880 2508 3917 3
