2560 4100
187 123 254 173 80
1115 118 1302 192 Kepleri
1330 118 1491 167 Studia

272 304 274 307 .
334 266 473 315 Haec
513 267 822 329 aequationis
858 269 982 317 ratio
1023 273 1233 330 quatuor
1267 270 1466 330 insuper
1496 265 1652 316 modis
1680 268 1856 316 variari
1880 274 2061 331 posset„
2141 271 2185 318 1.
2224 267 2277 318 Si
2302 268 2431 319 Solis

186 355 459 404 apogaeum
499 339 867 402 progrederetur
905 341 1242 403 inaequaliter,
1282 347 1336 389 ut
1374 340 1504 404 apud
1522 341 1885 403 Copernicum·,
1917 341 2002 390 sed
2027 341 2120 390 hac
2158 357 2307 391 causa
2341 357 2430 391 nos

181 413 355 468 liberat
404 412 690 476 hypothesis
727 420 915 475 nostra,
969 429 1094 477 quae
1132 414 1262 464 Solis
1299 415 1505 476 apogaei
1545 427 1852 476 progressum
1903 420 2120 476 praestat
2157 415 2428 478 aequalem.

184 489 230 534 2.
271 485 324 534 Si
373 487 648 547 praecessio
696 488 1114 549 aequinoctiorum
1162 487 1306 536 fuerit
1354 486 1626 548 inaequalis
1677 485 1775 534 alia
1820 488 2016 550 insuper
2064 488 2428 551 inaequalitate,

183 573 329 621 quam
383 572 510 620 quae
560 573 620 608 ex
671 559 867 622 aequali
915 574 1176 622 progressu
1215 560 1424 621 apogaei
1461 561 1734 621 proveniat.
1808 559 1934 608 Nam
1972 560 2103 623 quod
2153 563 2203 608 in
2238 563 2433 624 punctis

158 630 510 680 cardinalibus
548 646 777 680 successu
817 633 1089 682 seculorum
1127 631 1256 680 aliae
1295 637 1444 694 atque
1483 631 1607 680 aliae
1647 633 1958 680 inveniuntur
1994 636 2327 696 aequationeS,
2369 634 2428 681 de

182 719 241 753 ea
278 705 512 767 temporis
550 706 842 767 aequatione
873 706 980 767 jam
1017 711 1092 754 est
1130 703 1338 765 dictum,
1378 718 1503 766 quae
1542 719 1650 753 cum
1689 706 1752 752 sit
1787 705 2087 767 tardissima,
2136 721 2233 755 non
2270 713 2433 770 potest

184 780 227 827 ei
269 775 483 826 adscribi
520 777 892 840 phaenomenon
930 777 1048 838 hoc,
1097 776 1229 839 quod
1265 776 1537 826 Ptolemaei
1574 785 1791 840 tempore
1828 779 2072 841 sesquidie
2110 781 2263 828 serius
2295 781 2431 842 justo

184 856 452 909 evenerunt
488 852 812 913 aequinoctia,
853 858 902 900 et
939 865 1095 898 annus
1131 850 1346 912 tropicus
1385 850 1496 898 inde
1534 850 1598 898 ab
1637 850 1920 912 Hipparcho
1957 851 2132 915 longus
2170 853 2275 913 fuit,
2314 853 2427 901 inde

183 922 246 972 ad
285 923 635 986 Albategnium
671 919 851 973 iterum
888 922 1132 985 brevisss)
1211 923 1334 971 Cum
1357 929 1521 972 autem
1560 923 1654 971 hoc
1691 923 1834 971 fuerit
1874 924 2098 973 accidens
2136 931 2294 976 motus
2332 925 2429 973 So-

180 996 258 1056 lis,
312 998 395 1059 qui
442 997 534 1044 sub
583 995 824 1045 sideribus
875 996 1028 1044 nihilo
1076 994 1261 1044 tardior
1309 1003 1422 1044 ante
1460 995 1797 1045 Ptolemaeum
1846 992 1962 1057 fuit,
2012 997 2166 1046 nihilo
2215 997 2429 1047 velocior

175 1074 290 1132 post
327 1084 452 1131 eum,
493 1084 648 1132 parva
686 1067 950 1118 admodum
987 1069 1100 1116 hinc
1136 1064 1352 1117 nascitur
1389 1071 1595 1117 mutatio
1630 1071 1977 1132 aequationum
2018 1085 2173 1133 eaque
2210 1073 2429 1133 particu-

175 1142 289 1191 laris
327 1149 518 1191 tantum
562 1144 609 1189 in
659 1142 831 1190 diebus
881 1143 997 1191 anni
1035 1148 1084 1191 et
1122 1143 1393 1191 variatione
1443 1144 1784 1191 ascensionum
1829 1149 2092 1207 rectarum3
2140 1158 2249 1192 cum
2300 1146 2426 1193 enim

175 1217 360 1264 usitata
398 1218 480 1264 via
517 1210 743 1278 superius
781 1215 1026 1278 explicata
1063 1222 1399 1277 computemus
1436 1214 1605 1263 Solem
1641 1211 1691 1263 in
1731 1215 2073 1278 cardinalibus,
2113 1217 2197 1264 ubi
2237 1232 2425 1280 aequa-

109 1308 113 1314 s
175 1291 244 1337 tio
283 1288 420 1338 nulla
457 1303 517 1337 ex
557 1303 655 1336 asc.
695 1291 852 1348 rectis,
896 1290 1157 1337 observata
1193 1287 1466 1337 Ptolemaei
1503 1293 1726 1336 statuunt
1764 1288 2044 1338 distantiam
2083 1288 2266 1338 dierum
2307 1287 2425 1359 172,

175 1368 370 1411 etcum
413 1358 511 1427 1¹!2
549 1367 802 1410 transeunt
849 1357 965 1430 ¹7¹2
1003 1363 1162 1409 minus
1213 1367 1299 1409 aut
1334 1360 1446 1423 plns
1499 1362 1548 1408 in
1589 1364 1870 1423 aequatore.
1947 1362 2076 1412 Hinc
2114 1364 2262 1425 igitur
2299 1363 2425 1412 Pto-

172 1435 407 1484 lemaicae
446 1436 769 1497 aequationes
806 1435 1123 1483 variabuntur
1163 1433 1364 1482 dimidio
1403 1435 1604 1494 minuto,
1644 1437 1815 1482 nonin
1844 1435 2024 1496 seculo,
2063 1436 2224 1485 sedin
2252 1436 2425 1489 diebus

173 1510 304 1556 anni.
381 1510 430 1557 3.
470 1503 525 1556 Si
560 1509 894 1557 eccentricitas
933 1506 1063 1556 Solis
1101 1507 1202 1556 alia
1238 1507 1409 1555 fuisset
1446 1506 1560 1556 olim
1601 1521 1746 1569 quam
1785 1515 1860 1557 est
1893 1505 2053 1569 hodie,
2092 1515 2208 1570 tunc
2235 1524 2424 1572 aequa-

171 1583 331 1629 tiones
369 1579 521 1642 Solis,
573 1580 787 1644 majores
827 1580 970 1639 olim,
1020 1586 1246 1643 parerent
1291 1581 1438 1628 etiam
1484 1583 1716 1642 temporis
1755 1582 2323 1644 aequationesmajores
2371 1585 2423 1631 in

173 1653 344 1703 diebus
383 1654 497 1703 anni
537 1667 576 1702 c.
619 1655 685 1714 2¹,
725 1655 766 1702 si
804 1649 1019 1702 maxima
1057 1654 1388 1702 eccentricitas
1428 1657 1557 1702 esset
1596 1656 1643 1701 2.
1685 1655 1769 1715 30,
1810 1669 1933 1717 quae
1973 1655 2119 1704 hodie
2159 1661 2233 1704 est
2285 1658 2338 1703 2.
2369 1659 2417 1705 3.

172 1726 241 1775 At
278 1741 388 1775 cum
426 1727 689 1776 observata
726 1732 945 1775 veterum
984 1741 1074 1775 nos
1112 1741 1209 1775 non
1249 1732 1429 1790 cogant
1467 1733 1730 1775 extremum
1769 1726 1862 1775 hoc
1912 1728 2140 1791 amplecti
2177 1727 2422 1794 (dixerunt

171 1814 360 1864 nempe,
404 1806 588 1863 quanta
627 1801 842 1848 omnium
861 1802 1075 1848 maxima
1114 1801 1447 1848 eccentricitas
1485 1798 1688 1862 prodeat
1725 1814 1785 1849 ex
1823 1802 1922 1849 suis
1962 1802 2248 1862 observatis,
2296 1816 2422 1864 quae

169 1889 264 1922 non
305 1874 583 1923 subtiliores
621 1873 816 1922 fuerunt
854 1871 1206 1936 quadrantibus
1247 1870 1472 1933 dierum),
1526 1873 1765 1922 tutissime
1815 1879 1863 1922 et
1901 1875 2258 1924 consultissime
2298 1876 2421 1924 faci-

170 1961 278 1995 mus
315 1946 574 1996 statuendo
613 1952 899 2010 perpetuam
938 1946 1347 1996 eccentricitatem
1384 1944 1684 2007 hodiernam,
1741 1952 1971 2009 quantam
2010 1954 2058 1997 et
2096 1947 2420 2011 Albategnius

170 2020 371 2080 inVenit.
451 2021 499 2070 4.
541 2015 594 2070 Si
631 2019 732 2069 alia
769 2019 1036 2083 obliquitas
1075 2018 1330 2082 eclipticae
1369 2017 1514 2067 hodie
1555 2034 1701 2081 quam
1741 2019 1871 2080 olim,
1910 2020 2033 2072 haec
2072 2035 2221 2070 causa
2258 2023 2421 2070 minu-

175 2095 416 2143 tissimum
455 2092 642 2157 aliquid
679 2098 837 2142 mutat
874 2092 1078 2142 alteram
1115 2099 1303 2156 partem
1341 2093 1677 2156 aequationis,
1729 2106 1855 2155 quae
1895 2100 1969 2142 est
2018 2094 2080 2142 ab
2120 2095 2423 2159 ascensioni-

173 2167 265 2216 bus
304 2169 477 2229 rectis,
517 2173 572 2215 ut
612 2165 777 2216 videre
815 2171 889 2215 est
924 2161 975 2214 in
1015 2164 1220 2214 Tabulis
1258 2166 1399 2228 primi
1438 2165 1634 2214 mobilis
1681 2160 1958 2214 Reinholdi.
2032 2167 2262 2216 Variatur
2297 2167 2421 2217 haec

172 2254 325 2289 causa
376 2254 526 2303 penes
578 2254 697 2301 nos,
752 2240 944 2288 variata
992 2241 1155 2301 specie
1205 2245 1380 2287 motuS.
1456 2237 1583 2286 Nam
1632 2239 1875 2301 prioribus
1923 2239 2028 2289 axis
2078 2236 2289 2289 Telluris
2338 2241 2419 2290 vel

168 2313 336 2362 mundi
374 2314 583 2362 mutavit
620 2311 984 2361 inclinationem
1023 2311 1085 2360 ad
1123 2311 1292 2376 polum
1330 2310 1610 2374 eclipticae,
1651 2310 1799 2359 fixum
1837 2313 1927 2361 sub
1963 2312 2097 2375 fixis,
2137 2315 2302 2377 itaque
2341 2316 2419 2362 in-

167 2386 324 2436 volvit
363 2386 486 2436 haec
523 2385 845 2440 consideratio
884 2385 1032 2445 fixas,
1081 2388 1152 2434 sic
1188 2391 1243 2433 ut
1279 2383 1500 2433 nonnihil
1538 2385 1878 2448 perturbentur
1930 2385 2066 2448 leges
2105 2386 2418 2437 culminatio-

168 2474 285 2508 num
339 2473 449 2509 cum
487 2459 708 2522 partibus
747 2459 1055 2521 aequatoris,
1110 2457 1332 2521 quolibet
1367 2456 1533 2506 seculo
1585 2472 1646 2507 ex
1682 2456 1790 2520 lege
1828 2465 1959 2507 stata
2000 2461 2419 2513 convenientibus.

170 2533 238 2582 At
274 2533 416 2582 nobis
455 2534 560 2581 axis
596 2531 806 2581 Telluris
844 2530 1207 2580 inclinationem
1245 2529 1309 2579 ad
1347 2543 1546 2579 coecum
1598 2536 1648 2578 et
1685 2529 1834 2578 fixum
1879 2532 1990 2579 viae
2036 2534 2200 2596 regiae
2245 2533 2415 2596 polum

168 2608 344 2655 retinet
381 2610 684 2655 constantem
722 2619 878 2668 eoque
916 2606 1109 2654 nomine
1155 2603 1279 2652 nihil
1315 2610 1532 2652 mutatur
1583 2603 1632 2650 in
1670 2602 2097 2656 culminationibus
2143 2605 2417 2670 stellarum3

171 2685 339 2728 contra
391 2692 506 2728 vero
559 2678 786 2742 ecliptica
833 2676 976 2727 sedes
1023 2682 1180 2726 mutat
1231 2676 1458 2739 Solisque
1511 2674 1880 2725 culminationes
1929 2678 2091 2734 turbat
2141 2693 2199 2728 eo
2252 2679 2419 2745 modo,

169 2767 266 2815 quo
305 2751 437 2815 apud
473 2754 657 2815 priores
694 2751 899 2800 fixarum
937 2749 1305 2799 culminationes
1346 2749 1626 2809 turbantur,
1677 2754 1725 2798 et
1758 2763 1857 2797 una
1904 2744 2059 2799 mutat
2107 2766 2416 2815 progressum

176 2825 492 2891 cardinalium
530 2831 821 2889 punctorum
859 2819 1194 2890 aequabilem,
1232 2822 1320 2872 sed
1357 2829 1489 2882 nota,
1529 2820 1660 2884 quod
1698 2821 1970 2885 aequabilis
2008 2823 2090 2872 ille
2128 2839 2418 2887 progressus

168 2901 232 2948 sit
279 2899 577 2961 incognitus,
627 2899 743 2961 quia
786 2911 876 2946 nos
924 2903 1240 2960 apparentem
1289 2909 1377 2959 pro
1425 2893 1671 2963 aequabili
1719 2897 1980 2958 sequimur.
2057 2895 2243 2958 Quodsi
2293 2900 2417 2948 inter

169 2971 507 3035 Hipparchum
544 2978 591 3021 et
626 2969 964 3020 Ptolemaeum
1014 2969 1288 3032 seculisque
1327 2968 1684 3031 antiquioribus
1724 2969 1771 3015 in
1812 2969 1915 3016 300
1955 2971 2095 3018 annis
2135 2970 2238 3020 dies
2285 2986 2414 3021 anno

168 3043 371 3093 ,Iuliano
408 3041 578 3107 periit,
631 3046 753 3094 inter
790 3043 1128 3093 Ptolemaeum
1167 3056 1285 3092 vero
1324 3047 1373 3092 et
1410 3055 1499 3090 nos
1537 3043 1588 3088 in
1630 3036 1804 3109 133¹]2
1844 3041 1982 3089 annis
2021 3041 2123 3091 dies
2159 3046 2312 3107 perit,
2361 3047 2410 3092 in

180 3118 319 3165 1450
357 3119 503 3181 igitur
540 3119 681 3166 annis
719 3116 1203 3180 debebantperiisse
1242 3115 1343 3163 dies
1386 3115 1440 3176 53
1476 3114 1659 3177 periere
1703 3116 1796 3174 113
1843 3128 1929 3162 sex
1968 3129 2082 3177 ergo
2121 3131 2269 3180 supra
2304 3132 2414 3167 mo-

170 3189 337 3238 dulum
382 3191 582 3253 periere.
656 3190 751 3239 Per
800 3190 891 3238 hos
943 3196 1105 3239 autem
1159 3191 1188 3237 6
1226 3187 1598 3251 gradus‘crevit
1642 3185 1849 3234 latitudo
1901 3187 2169 3237 borealium
2207 3186 2412 3239 fixarum

168 3264 319 3312 borea
355 3264 406 3310 in
442 3261 721 3311 borealibus
758 3263 909 3324 signis
946 3277 1032 3326 per
1071 3260 1170 3310 20‘.
1248 3261 1467 3323 Cumque
1504 3260 1645 3309 limes
1671 3256 1922 3322 eclipticae
1951 3260 2127 3310 boreus
2166 3263 2229 3311 sit
2265 3263 2314 3311 in
2346 3264 2403 3324 Υ

168 3337 218 3383 in
257 3335 525 3384 Comment.
565 3334 750 3396 Martis,
797 3335 940 3398 polus
979 3335 1231 3398 eclipticae
1271 3335 1360 3383 erit
1396 3335 1446 3380 in
1489 3334 1575 3391 γὲ
1616 3334 1755 3396 parvi
1804 3331 2002 3393 circelli,
2058 3333 2414 3399 descendetque

168 3422 338 3458 versus
378 3406 448 3477 1η)
484 3407 616 3456 illius
652 3408 793 3471 parvi
831 3407 1026 3467 circelli,
1064 3421 1161 3456 non
1199 3413 1361 3456 tamen
1399 3407 1617 3469 praecise
1653 3405 1702 3452 in
1734 3406 1847 3467 ὲ,
1886 3406 2063 3467 poterit
2099 3409 2227 3456 enim
2264 3410 2412 3458 etiam

167 3484 218 3530 in
259 3484 325 3547 m
363 3480 443 3530 vel
492 3479 564 3540 >2¹-
640 3479 749 3543 Quo
789 3494 903 3530 vero
941 3485 1156 3543 tempore
1193 3479 1285 3529 fuit
1323 3480 1620 3530 constantior
1656 3479 1770 3528 anni
1796 3479 1967 3542 tropici
2002 3478 2271 3543 prolixitas,
2311 3496 2410 3531 non

313 3626 358 3680 ²¹⁸)
387 3626 532 3665 Potest
560 3625 684 3674 hujus
714 3626 775 3664 rei
805 3636 933 3664 causa
970 3625 1099 3663 statui
1129 3625 1254 3663 etiam
1293 3625 1487 3676 physica,
1528 3624 1588 3662 sic
1623 3625 1671 3661 ut
1707 3619 1933 3662 cardinalia
1973 3623 2139 3672 quidem
2184 3623 2411 3677 aequaliter

168 3685 324 3725 fuerint
351 3694 590 3737 progressa,
627 3684 765 3733 ipsum
804 3695 900 3722 vero
941 3684 1119 3734 primum
1156 3682 1329 3735 mobile,
1370 3684 1398 3724 i.
1431 3695 1465 3722 e.
1499 3682 1647 3721 rotatio
1680 3679 1855 3720 Telluris
1877 3681 2001 3737 *circa
2039 3693 2156 3721 axem
2202 3683 2410 3722 retardata

168 3748 263 3794 post
293 3744 584 3791 Ptolemaeum,
619 3739 839 3781 accelerata
870 3745 966 3780 ante
994 3741 1128 3780 illum.
1173 3740 1270 3780 ·Sed
1298 3745 1399 3780 tunc
1415 3740 1556 3779 Lunae
1585 3742 1734 3793 motus,
1766 3743 1813 3778 nt
1843 3739 1913 3788 qui
1946 3751 1969 3778 a
1998 3738 2208 3779 volutione
2232 3740 2408 3780 Telluris

167 3804 377 3854 incitatur,
409 3798 682 3841 calcularetur
709 3804 817 3840 recte
848 3812 898 3840 ex
928 3803 1112 3851 tempore
1141 3798 1389 3853 invariabili,
1412 3798 1676 3851 planetarum
1694 3809 1779 3836 non
1809 3799 1930 3849 item3
1963 3808 2060 3838 nam
2082 3801 2277 3851 aequatio
2299 3803 2408 3839 osset

168 3861 407 3900 adhibenda
439 3862 458 3898 1
468 3855 522 3913 ¹s2
558 3859 726 3898 dierum.
