2554 4140
192 880 1053 1207 ΒΒΙΗΒΙΡΙΟΒΗΜ
1092 987 1729 1150 DOCTRINAE
1742 930 2469 1157 ΒΡΗΑΗΒΙΟΑΗ

993 1178 1000 1186 ’
1061 1212 1268 1263 PARS
1309 1211 1631 1276 QmN'rA

778 1343 951 1445 [DE
995 1355 1190 1426 Moru
1232 1356 1509 1425 ΤΒΒΒΑΒ
1554 1356 1835 1427 musivo,

382 1621 556 1672 ..Teneo
600 1621 807 1689 fiquras'
844 1622 965 1671 coeli
1011 1628 1057 1669 et
1111 1621 1294 1679 Terrae
1348 1625 1576 1686 aerisque
1637 1621 1821 1671 Terrae
1872 1623 2166 1686 circumfusi
2215 1629 2261 1671 et
2306 1624 2472 1674 locum
2544 1615 2554 1635 ’

237 1694 418 1743 Terrae
441 1697 497 1742 in
520 1695 726 1752 mundo,
765 1702 1018 1757 quantum
1052 1695 1235 1758 sufficit
1272 1693 1347 1742 acl
1377 1697 1707 1758 coqnitionem
1732 1701 1897 1744 motus
1927 1698 2090 1757 primi
2100 1713 2123 1757 5.
2158 1703 2378 1758 superest
2413 1705 2474 1746 ut
2528 1711 2554 1766 >L

230 1782 500 1851 quaeram,
553 1767 685 1851 quid
722 1768 862 1817 nobis
904 1769 1079 1830 faeiat.
1101 1767 1268 1816 sidera
1305 1769 1523 1830 quotidie
1561 1783 1620 1817 ex
1665 1782 1776 1816 una
1816 1774 1968 1829 parte
2004 1769 2275 1818 horizontis
2311 1784 2471 1818 emer-
2532 1768 2545 1817 Γ

189 1840 197 1846 ”
227 1855 368 1902 qere,
427 1842 579 1902 inque
615 1841 722 1910 ejus
758 1843 988 1902 opposita
1037 1846 1185 1902 parte
1234 1846 1349 1902 post
1385 1841 1580 1903 aliquot
1614 1841 1860 1890 horarum
1900 1842 2226 1889 intervallum
2263 1857 2472 1891 rursum
2540 1878 2542 1881 -

205 1913 404 1974 condi,
431 1913 615 1961 coeline
652 1905 819 1983 motus
857 1928 928 1962 an
974 1913 1193 1961 Terrae?
1245 1913 1558 1961 Astronomia
1597 1912 1930 1977 Copernicana
1968 1913 2134 1974 docet,
2175 1915 2333 1962 visum
2370 1914 2473 1964 falli
2543 1911 2546 1916 ’

230 1988 356 2039 circa
382 1991 576 2034 ,motum
612 1987 841 2048 primum:
892 1999 988 2034 non
1028 1987 1153 2034 enim
1192 1985 1352 2034 sidera
1389 2000 1502 2035 vere
1540 1987 1801 2035 ascendere
1839 2000 1986 2048 supra
2023 1992 2212 2036 montes
2250 1986 2472 2037 attollive
2530 2030 2532 2034 .

229 2049 650 2122 versussnostrum
675 2060 942 2119 ‘verticem,
995 2058 1078 2107 sed
1120 2073 1145 2106 e
1183 2060 1422 2125 contrario
1460 2064 1672 2116 monteS‚
1714 2060 1795 2122 qui
1833 2064 1946 2107 sunt
1986 2058 2125 2107 nobis
2164 2061 2470 2123 circumjecti,
2534 2102 2542 2122 .·

168 2145 172 2150 ·
230 2135 414 2180 stantes
453 2132 501 2177 in
539 2128 790 2194 superficie
828 2130 965 2193 globi
1002 2129 1235 2192 Telluris,
1274 2137 1436 2194 partes
1475 2133 1652 2194 quippe
1692 2146 1800 2181 cum
1840 2137 1941 2180 toto
1980 2130 2127 2193 globo
2168 2133 2294 2180 circa
2332 2148 2472 2182 axem
2540 2124 2546 2133 ’

232 2203 373 2251 illius
403 2206 620 2252 converti
644 2195 688 2252 'a
723 2204 873 2266 plaga
913 2201 1113 2252 occasus
1152 2205 1200 2250 in
1242 2204 1443 2266 plagam
1482 2206 1700 2266 orientiS,
1755 2217 1908 2267 eaque
1948 2205 2262 2254 conversione
2300 2206 2468 2255 stellas

230 2276 425 2337 orientis
464 2276 733 2326 immobiles
773 2275 896 2324 alias
932 2282 1044 2346 post
1083 2277 1205 2324 alias
1242 2277 1383 2329 nobis
1423 2277 1597 2339 detegi,
1638 2277 1808 2326 stellas
1848 2275 2109 2325 occidentis
2147 2279 2270 2343 tegi3
2308 2279 2471 2342 itaque
2528 2322 2536 2333 .

227 2361 326 2397 non
361 2347 542 2397 st‘ellas
588 2363 676 2411 per
716 2350 941 2397 verticem
983 2351 1205 2429 transire,
1257 2348 1343 2397 sed
1391 2355 1622 2412 punctum
1676 2348 1905 2399 verticale
1944 2348 2145 2437 transire
2183 2365 2269 2412 per
2305 2351 2472 2401 stellas

227 2420 533 2508 immobileS,
555 2426 789 2483 quantum
825 2421 888 2469 ad
925 2427 1109 2469 motum
1142 2422 1366 2484 primum.
2532 2415 2538 2441 ‘

373 2492 492 2541 Ain'
497 2484 568 2554 tu,
597 2501 771 2556 ⁰-posse
763 2508 950 2544 omnes
987 2497 1318 2556 apparentias
1353 2500 1517 2543 motus
1551 2496 1709 2555 primi
1740 2510 1836 2556 per
1872 2494 2003 2552 hanc
2037 2495 2312 2544 mirabilem
2335 2499 2484 2563 posi-U

160 2609 164 2614 .
227 2569 412 2615 tionem
461 2568 762 2631 sufficienter
809 2570 1040 2615 excusari
1086 2566 1340 2631 totamque
1387 2568 1670 2617 doctrinam
1722 2568 2037 2628 sphaericam
2076 2568 2260 2620 tradi?
2315 2568 2469 2618 Plane

229 2640 547 2706 exactissime,
587 2639 808 2703 adeoque
845 2639 923 2687 hic
960 2654 1156 2702 scopus
1178 2646 1251 2688 est
1287 2641 1457 2688 unicus
1495 2639 1640 2702 hujus
1676 2638 1851 2701 libelli,
1891 2647 1965 2702 ιιι,
1998 2639 2134 2704 quod
2167 2640 2270 2703 jam
2310 2643 2469 2692 verbis
2519 2634 2531 2707 J

228 2717 301 2760 est
337 2715 640 2775 promissum,
680 2713 729 2761 id
768 2728 817 2762 re
855 2713 961 2775 ipsa
999 2714 1350 2785 comprobetur.

379 2784 506 2834 Cum
541 2795 680 2834 ·ve'ro
715 2791 772 2834 in
815 2787 1072 2853 principio
1115 2779 1303 2846 libelli,
1339 2762 1546 2847 quando
1596 2784 1654 2833 de
1701 2785 2046 2860 hypothesibus
2096 2789 2318 2847 quaestio
2352 2787 2468 2849 suit,

231 2858 382 2919 leqem
421 2859 552 2906 hanc
583 2860 963 2920 praescripseris
1001 2864 1313 2918 astronomO,
1366 2864 1424 2904 ut
1459 2873 1564 2907 non
1602 2854 1817 2920 quidvis
1830 2863 1930 2919 pro
1975 2859 2120 2907 libitu
2149 2865 2339 2919 ponat,
2389 2858 2473 2906 sed
2519 2906 2534 2924 κ

190 2951 192 2953 ’
226 2932 491 3005 positiones
526 2946 645 2980 suas
683 2934 834 2980 etiam
873 2945 1044 2994 compr
1045 2931 1151 2979 obet
1185 2937 1406 2980 naturae
1431 2931 1679 2991 consultis,
1721 2945 1909 2992 quaero
1934 2934 2104 2994 iqitur,
2143 2946 2269 2979 num
2294 2946 2467 2994 speres,

230 3009 274 3050 te
310 2992 442 3051 hanc
490 2995 766 3054 absurdam
809 3006 1104 3075 positionem
1146 3004 1360 3067 probare
1394 3017 1531 3066 posse
1578 3009 1624 3051 et
1661 3003 1843 3066 quibus
1885 3003 2235 3065 arqumentis?
2281 3003 2470 3052 Motum
2525 2999 2528 3002 ⁴

180 3104 183 3108 -
229 3077 436 3137 primum
476 3079 780 3148 contingere
782 3071 1133 3125 convolutione
1166 3077 1275 3139 jugi
1313 3075 1522 3124 Telluris
1560 3076 1686 3124 circa
1724 3090 1879 3124 suum.
1904 3091 2070 3138 axem,
2112 3077 2469 3138 quiescentibus

233 3149 529 3212 corporibus
550 3145 842 3203 coelestibus
882 3147 1145 3217 (quantum
1184 3149 1246 3197 ad
1283 3150 1486 3212 primum
1526 3146 1748 3214 motum),
1801 3147 1848 3195 id
1886 3150 2078 3211 probari
2116 3154 2278 3211 potest
2322 3163 2468 3212 argu-

230 3229 497 3295 mentorum
546 3224 804 3284 generibus
850 3224 1158 3286 potissimum
1209 3227 1416 3285 septem,
1469 3236 1672 3284 quorum
1737 3222 1770 3268 I.
1825 3227 1898 3269 est
1947 3236 1976 3270 a
2024 3222 2244 3284 subjecto
2292 3227 2466 3281 motus,

157 3320 165 3326 ι
230 3293 294 3340 II.
335 3309 363 3341 a
386 3291 631 3343 celeritate
659 3302 831 3356 motus,
871 3296 964 3345 ΙΙΙ.
1004 3297 1065 3344 ab
1086 3295 1434 3358 aequabilitate
1461 3301 1634 3355 motus,
1674 3294 1761 3342 IV.
1789 3308 1819 3341 a
1845 3308 1993 3342 causa
2018 3301 2175 3343 motus
2201 3309 2287 3343 seu
2313 3294 2467 3343 facul-

231 3364 334 3414 tate'
351 3368 580 3433 metrice,
621 3367 680 3414 V
722 3369 783 3416 ab
816 3369 1008 3431 organis
1033 3370 1267 3428 motoriis,
1305 3367 1398 3416 hoc
1424 3373 1496 3416 est
1532 3369 1593 3415 ab
1633 3381 1722 3421 axe
1762 3373 1809 3415 et
1845 3366 1995 3429 poliS,
2036 3367 2122 3415 VI.
2163 3382 2192 3415 a
2230 3366 2323 3416 fine
2362 3381 2468 3415 mo-
2540 3417 2542 3419 .

153 3482 157 3486 .
233 3444 309 3487 tus
347 3440 499 3500 primi,
539 3438 650 3498 VII.
691 3456 720 3487 a
758 3442 908 3502 signis
944 3455 1031 3489 seu
1069 3443 1264 3491 effectis.

378 3511 420 3569 Ι.
463 3512 632 3560 Proba
671 3527 704 3559 a
740 3508 1167 3577 subiectoaemotus.
1242 3514 1427 3562 Natura
1473 3527 1660 3576 semper
1711 3511 1840 3574 quod
1887 3516 2080 3575 potest
2097 3525 2183 3573 per
2233 3511 2462 3572 faciliora,

234 3599 327 3633 non
368 3585 471 3646 agit
506 3598 591 3646 per
629 3584 860 3646 ambages
900 3584 1133 3634 difficiles,
1193 3583 1377 3649 At'per
1412 3588 1698 3635 rotationem
1724 3582 1948 3653 Telluris,
1988 3586 2317 3645 angustissimi
2355 3598 2461 3633 cor-

162 3685 165 3688 ·
233 3657 439 3721 pusculi,
481 3659 605 3705 ‘circa
644 3667 784 3705 suum
804 3673 944 3706 axem
970 3659 1029 3709 ,in
1067 3657 1262 3720 plagam
1303 3660 1497 3708 orientis
1533 3659 1676 3722 plane
1714 3656 1842 3705 idem
1870 3659 2028 3720 potuit
2067 3657 2251 3707 efficere
2275 3662 2462 3718 natura,

236 3730 387 3794 quod.
413 3744 498 3793 per
547 3728 846 3778 volutionem
893 3730 1057 3777 mundi
1095 3730 1379 3793 amplissimi
1424 3734 1550 3780 circa
1598 3729 1802 3780 eundem
1839 3745 1977 3779 axem
2029 3727 2364 3796 (prorogatum
2402 3728 2464 3778 ad

235 3808 487 3869 utramque
533 3801 699 3855 mundi
746 3798 1120 3875 extremitatem)
1171 3805 1220 3852 in
1269 3804 1464 3872 plagam
1513 3804 1790 3857 occidentis,
1867 3801 2284 3869 Quemadmodum
2322 3804 2464 3871 igitur
2551 3811 2554 3841 ³
