2554 4140
764 102 1001 160 Excerpta
1030 113 1086 149 ex
1120 102 1309 149 Tabulis
1342 99 1657 159 Rudolphinis.
1800 82 1815 88 ἱ
1944 112 1947 114 ·
2265 104 2369 166 575

112 245 223 290 alios
248 245 405 303 jussit,
437 239 599 292 necsi‘
620 246 803 292 fecisset
824 248 1154 305 ‚problemaque
1186 246 1414 295 solvisset,
1446 245 1715 290 astronomis
1747 259 1802 290 ea
1831 256 1880 290 re
1918 243 2227 290 satisfecisset.
2272 244 2371 289 ἐ1119

113 310 228 355 enim
259 325 316 355 ex
345 311 498 356 multis
531 312 694 369 causis,
728 326 843 367 quae
874 314 1137 358 varietatem
1167 313 1386 358 inducunt
1418 311 1659 355 stationum
1690 310 1907 366 terminis,
1940 323 2087 367 pauca
2117 311 2370 366 supposuit,

110 374 324 434 pleraque
354 377 523 421 dimisit
542 378 729 423 intacta.
791 379 886 422 Nos
917 385 968 423 ut
988 378 1220 435 Apollonii
1251 388 1439 422 acumen
1470 388 1561 431 qua
1591 374 1698 420 licet
1719 375 2008 432 aemulemur,
2041 376 2244 432 proxime
2266 389 2370 432 geo-

107 441 315 486 metricas
339 443 564 500 ’ᾰκριβειας
593 444 853 488 incedentes
887 443 952 488 sic
983 456 1183 498 agemus,
1887 468 1893 475 ·
1988 459 1990 462 ·

285 509 426 556 Initio„
452 510 771 554 constituenda
802 511 887 554 erit
907 509 1142 565 proportio
1171 505 1513 553 intervallorum
1541 518 1621 549 seu
1645 504 1956 550 distantiarum
1977 509 2371 563 tem‘poranearum

30 599 33 601 -
109 571 225 625 Solis
256 579 302 617 et
331 587 358 618 a
386 574 571 631 planeta
602 575 790 632 (curtati
821 574 1138 631 intervalli),et
1168 587 1195 618 a
1226 574 1380 618 Terra.
1444 569 1651 615 Secundo
1675 571 1990 616 constituenda
2011 573 2147 617 etiam
2169 579 2238 618 est
2257 587 2370 630 pro-

109 639 257 694 portio
289 653 474 684 arcuum
509 641 770 685 diurnorum
804 639 1015 684 eccentri.
1075 639 1297 683 Planetae
1329 634 1511 692 quidem
1543 648 1699 679 arcum
1740 635 1949 680 diurnum
1983 637 2178 682 eccentri
2217 650 2370 683 secum

107 702 247 749 trahit
275 705 500 750 anomalia
531 705 825 762 praescripta,
860 704 978 749 Solis
1009 717 1115 748 vero
1146 701 1436 758 anomaliam,
1469 713 1585 758 quae
1617 700 1716 756 ejus
1748 714 1902 745 arcum
1934 701 2144 746 diurnum
2175 700 2372 765 eccentri

106 775 434 823 repraesentet,
474 775 657 828 oportet
699 772 871 815 eminus
913 770 1192 826 conjectare,
1235 772 1405 823 quanta
1447 772 1629 823 praeter
1660 771 1849 822 propter
1878 767 2033 811 futura
2074 767 2152 823 sit,
2193 769 2249 829 ad
2280 769 2370 814 for-

106 832 316 877 mandum
347 837 712 882 commutationis
744 836 972 892 angulum.
1033 835 1188 879 Tertio
1220 846 1390 890 ponere
1422 839 1624 890 oportet,
1664 833 1815 876 radios
1844 844 1901 876 ex
1933 832 2038 876 Sole
2068 832 2113 875 in
2143 834 2371 889 planetam

98 897 240 955 'inque
271 898 457 946 Terram
490 907 591 947 cum
623 903 851 948 subtensis
884 901 1145 946 diurnorum
1176 912 1364 944 suorum.
1391 899 1591 944 eccentri
1621 913 1807 945 arcuum
1846 897 2040 942 formare
2071 898 2262 954 angulos
2295 913 2371 944 ex-

97 958 299 1008 trorsum
336 967 531 1023 majores
567 973 692 1013 recto
761 967 1015 1023 quantitate
1046 980 1232 1011 arcuum
1263 966 1486 1022 quusque
1516 964 1890 1010 semidiurnorum
1906 979 1919 1022 3
1963 962 2049 1007 etsi
2088 962 2176 1023 hoc
2213 971 2391 1010 exacte!

706 1003 716 1024 5

34 1075 60 1087 ,ἱ
105 1042 255 1074 verum
285 1045 377 1075 non
411 1040 492 1087 est,
524 1039 846 1090 praeterquam
875 1033 921 1076 in
954 1032 1263 1089 apsidibus.*)

19 3183 24 3244 ι

26 3484 33 3614 ὶ

73 1888 163 1933 .·‘-=
193 1883 266 1929 CA
298 1902 307 1930 :
338 1886 420 1930 ΑΕ
464 1887 719 1944 (aequalem
761 1890 850 1946 ipsi
881 1890 957 1945 01)
1002 1895 1048 1934 et
1088 1890 1153 1934 sic
1192 1895 1301 1935 nota
1340 1903 1494 1934 earum

87 2075 215 2125 'OSP
259 2083 490 2138 ponuntur
546 2099 646 2132 esse
701 2089 968 2144 aequicrura
1021 2092 1067 2132 et
1107 2087 1253 2145 maj0r
1305 2086 1498 2142 angulus

80 2142 218 2190 ·OSP
254 2161 389 2204 quam
426 2150 567 2209 ASD‚
609 2152 756 2197 minor
798 2155 938 2212 igitur
977 2153 1171 2212 angulus
1211 2153 1319 2211 SOP
1364 2166 1500 2210 quam

89 2208 241 2280 '.SAD³
271 2212 416 2269 major
444 2216 583 2271 igitur
616 2218 732 2263 CAD
759 2233 893 2276 quam
924 2220 1026 2265 ΙΟΡ
1057 2221 1129 2265 vel
1153 2221 1278 2266 EAB
1303 2225 1348 2265 et
1377 2225 1498 2270 uter·
1558 2263 1562 2265 .

93 2282 193 2351 fque
221 2279 368 2335 major
395 2289 520 2327 recto
554 2287 811 2340 quantitate
843 2300 1032 2331 arcuum
1064 2286 1460 2331 semidiurnorum.
1512 2302 1514 2305 ·
1556 2293 1562 2297 ’

95 2412 190 2466 'per
218 2422 349 2466 quem
371 2414 555 2471 planeta
585 2416 667 2460 fiat
689 2419 996 2474 stationarius,
1030 2417 1128 2473 ejus
1152 2417 1362 2474 equidem
1383 2431 1502 2462 com⁴

96 2469 381 2529 {ficmentum
413 2486 483 2526 est
513 2481 570 2526 ad
603 2482 718 2528 duos
739 2490 888 2530 rectos
921 2484 1116 2540 angulus
1138 2484 1251 2529 ASO
1272 2483 1344 2528 vel
1360 2477 1500 2528 CAE.

76 2655 81 2658 ¹
105 2614 146 2679 a.
160 2606 382 2680 positione
412 2611 556 2678 ipsius
587 2615 717 2671 ACB,
756 2621 808 2660 ut
838 2616 961 2671 noti,
983 2620 1028 2660 et
1058 2629 1277 2672 processu
1307 2629 1390 2673 per
1419 2629 1499 2672 po-

66 2673 278 2745 θ-σιὴοιιιέ
309 2679 634 2726 correctionem
664 2682 890 2727 traducto.
1245 2680 1249 2686 '

277 1097 361 1142 His
410 1100 694 1157 praeparatis
743 1106 787 1144 et
837 1099 1086 1156 suppositis
1134 1103 1255 1153 (cum
1299 1098 1508 1142 stationis
1555 1095 1755 1141 definitio
1794 1095 2110 1141 astronomica
2137 1096 2195 1140 sit
2231 1094 2370 1140 haec:

21 1167 30 1202 1
105 1159 282 1218 quando
321 1163 528 1208 nimirum
560 1165 681 1210 linea
710 1165 897 1210 visionis
929 1163 1141 1222 planetae
1172 1170 1279 1221 post
1309 1164 1427 1208 diem
1469 1169 1681 1208 exactum
1701 1160 1757 1205 ‘in
1794 1160 1917 1205 ‘idem
1947 1159 2122 1205 zodiaci
2152 1167 2370 1218 punctum

103 1226 348 1271 secundum
376 1228 707 1285 longitudinem
737 1231 907 1286 incidit,
941 1231 987 1273 in
1020 1230 1141 1286 quod
1170 1229 1316 1287 pridie
1346 1229 1590 1284 inciderat,
1631 1228 1724 1272 sive
1767 1226 1813 1271 id
1852 1224 1934 1269 fiat
1971 1238 2054 1282 per
2083 1225 2368 1271 identitatem

103 1291 292 1336 visoriae
324 1293 473 1350 unius,
506 1300 556 1339 ut
587 1295 709 1352 apud
743 1295 1018 1352 Tychqnem,
1051 1296 1146 1340 sive
1176 1309 1260 1352 per
1289 1293 1640 1352 parallelitatem
1675 1293 1890 1355 duarum,
1921 1297 1973 1336 ut
2002 1291 2124 1349 apud
2158 1293 2369 1349 Coperni-
2440 1316 2442 1319 f

103 1358 218 1412 cnm)
255 1356 522 1403 formabitur
551 1361 690 1405 nobisv
715 1360 879 1419 figura,
922 1361 968 1419 in
1009 1374 1098 1417 qua
1129 1362 1158 1406 S
1194 1361 1345 1405 Solem
1376 1365 1732 1416 repraesentat,
1755 1358 1791 1404 Ο
1823 1358 2032 1416 Terram,
2073 1359 2112 1404 A
2142 1358 2369 1415 planetam

105 1436 241 1466 unum
274 1437 331 1468 ex
362 1426 698 1483 superioribus,
729 1426 800 1470 vel
835 1441 858 1471 e
892 1428 1115 1472 contrario
1146 1427 1187 1472 A
1218 1429 1424 1482 Terram,
1455 1427 1492 1473 Ο

103 1487 329 1550 planetam
358 1506 499 1535 unum
530 1506 587 1536 ex
618 1492 921 1538 inferioribus.
981 1493 1063 1537 AD
1088 1498 1158 1538 est
1178 1506 1310 1538 arcus
1332 1506 1489 1538 eccen-

103 1554 202 1599 trici
231 1555 420 1602 diurnus
452 1559 712 1615 superioris,
747 1559 821 1604 ΟΡ
852 1560 1079 1604 inferioris
1100 1560 1258 1617 major,
1292 1566 1489 1616 suntque

100 1617 339 1679 intercepti
377 1624 498 1669 inter
534 1626 723 1671 visorias
764 1626 869 1683 OA,
911 1626 986 1671 PC
1027 1624 1288 1682 parallelas.
1347 1624 1493 1682 Igitur
1572 1680 1575 1683 ,

105 1685 236 1732 datur
273 1690 508 1745 proportio
551 1691 624 1735 AS
667 1692 724 1736 ad
770 1691 867 1744 ΞΟ,
909 1692 1092 1736 inventa
1132 1705 1238 1736 vero
1278 1697 1348 1737 est
1388 1705 1492 1749 pro-

102 1753 249 1809 portio
279 1755 361 1799 AD
394 1757 462 1802 adv
485 1757 587 1814 ΟΡ,
625 1759 772 1802 minor
802 1757 965 1801 altera:
1014 1758 1154 1813 quare
1187 1758 1334 1804 ductis
1366 1770 1424 1803 ex
1445 1758 1495 1811 ,A

105 1818 352 1881 parallelis,
398 1823 482 1867 ΑΕ
514 1823 601 1880 ipsi
635 1824 725 1880 SO,
757 1825 836 1869 AB
867 1823 956 1879 ipsi
987 1823 1076 1878 ΟΡ,
1109 1829 1241 1868 erunt
1270 1822 1344 1868 AS
1377 1839 1387 1867 :
1421 1822 1492 1867 SO
1536 1868 1541 1873 ,
1579 1821 1599 1830 ”

1732 1469 1735 1473 '
1839 1469 1921 1511 Εἰς.
1942 1468 2018 1505 100.

106 1951 352 2005 proportio.
416 1953 489 1998 Sic
520 1954 655 1999 etiam
676 1957 756 1999 AB
790 1975 848 1994 =
880 1955 971 2010 ΟΡ,
1004 1955 1273 2012 notaigitur
1294 1959 1364 1999 est
1393 1968 1513 2011 pro-⁷

107 2015 253 2070 portio
290 2017 374 2061 DA
418 2018 476 2062 ad
515 2020 608 2065 AB.
685 2021 892 2078 Denique
941 2017 1048 2077 quia
1099 2019 1328 2077 triangula
1367 2020 1498 2074 ASD‚

278 2346 389 2392 Cum
427 2348 567 2404 igitur
597 2350 791 2407 angulus
834 2351 1199 2396 commutationis
1240 2355 1500 2407 quaeratur,

109 2534 256 2602 Quare
287 2555 343 2587 ex
385 2545 501 2591 datis
520 2554 778 2603 quaeratur
809 2549 1002 2606 angulus
1036 2549 1180 2606 CAE,
1219 2549 1347 2593 initio
1363 2548 1501 2592 *facto

281 2753 533 2808 Interposito
576 2759 788 2810 exemplo,
836 2759 950 2812 quod
990 2759 1169 2810 longiori
1219 2758 1380 2799 calculo
1427 2769 1500 2809 per
2256 2805 2260 2810 ⁵

104 2816 319 2866 'regulam
349 2823 629 2871 positionum«
666 2830 952 2878 computatur,
993 2826 1098 2866 haec
1128 2827 1357 2879 sequuntur
1388 2828 1628 2876 praecepta:
1679 2821 1720 2876 1)
1757 2820 1856 2879 Quo
1890 2830 2030 2882 pacto
2072 2828 2165 2875 sint
2202 2830 2367 2876 discer-

86 2877 278 2948 'flendae
305 2885 539 2939 stationes,
562 2888 719 2943 prima
750 2893 792 2934 et
821 2888 1058 2934 secunda?
1102 2883 1330 2945 Angulum
1363 2887 1725 2946 commutationis
1756 2887 2009 2949 inventum,
2052 2909 2133 2951 pro
2165 2898 2367 2954 superio-

105 2948 205 3010 ξυμ
233 2946 413 3001 quidem
443 2951 587 3007 prima
618 2954 812 2998 statione
843 2954 1111 3012 indaganda,
1145 2954 1361 2999 addemus
1393 2953 1450 2998 ad
1474 2956 1620 3010 ipsam
1653 2954 1921 3000 anomaliam
1945 2967 2239 3015 coaequatam
2270 2961 2366 3019 pla-

106 3014 261 3067 netae,
299 3027 383 3070 pro
415 3016 615 3060 secunda
647 3020 843 3063 statione
883 3019 1138 3078 auferemus
1171 3019 1228 3064 ab
1269 3018 1370 3075 illa;
1413 3031 1496 3075 pro
1538 3018 1801 3064 inferiorum
1838 3033 1945 3066 vero
1986 3025 2180 3070 statione
2220 3023 2366 3084 prima

108 3073 438 3137 mbtrahemus,
483 3094 568 3137 pro
608 3084 807 3128 secunda
842 3084 1076 3129 addemus.
1136 3083 1419 3128 Contrarium
1456 3083 1557 3141 fiet,
1607 3084 1646 3128 si
1693 3084 2067 3144 complementum
2114 3093 2365 3140 anomaliae

108 3137 313 3195 planetae
350 3146 410 3190 ad
449 3146 663 3191 circulum
703 3154 910 3194 versetur
946 3150 992 3193 in
1034 3149 1321 3206 quae⁴stione3
1365 3149 1605 3205 utrobique
1644 3146 1907 3206 adjiciemus
1950 3152 2117 3209 aphelii
2155 3156 2365 3214 planetae

110 3201 363 3255 distantiam
395 3212 451 3257 ab
483 3225 684 3270 apogaeo
718 3213 942 3263 Solis‚.ita
973 3215 1238 3260 conficietur
1269 3214 1493 3259 anomalia
1525 3214 1642 3260 Solis
1676 3221 1928 3272 coaequata
1952 3217 2101 3278 justa,
2145 3223 2364 3270 exhibens

105 3265 274 3325 lustum
300 3281 345 3320 et
375 3290 527 3323 arcum
561 3278 770 3323 diurnum
802 3286 847 3324 et
876 3280 1181 3337 intervallum;
1216 3280 1380 3337 quibus
1413 3280 1530 3325 datis
1563 3280 1802 3337 corrigitur
1831 3287 2025 3341 utraque
2054 3289 2288 3346 proportio
2320 3296 2367 3337 et

278 3421 314 3476 *)
357 3422 409 3465 In
443 3422 599 3475 „Notis
640 3429 686 3467 et
724 3423 1210 3469 animadversionibus“
1255 3424 1313 3469 ad
1353 3429 1597 3481 praecepta
1635 3425 1722 3471 hoc
1758 3436 1912 3474 monet
1940 3430 2188 3490 Keplerus:
2222 3423 2364 3491 'Quod

27 3514 29 3526 .
112 3477 217 3540 dixi,
247 3486 405 3537 „tertio
436 3501 606 3545 ponere
638 3495 891 3546 oportere“‚
923 3483 1121 3534 studens*
1142 3490 1348 3535 facilitati
1380 3491 1562 3548 calculi,
1603 3491 1662 3548 id,
1695 3502 2007 3553 praeterquam
2038 3498 2086 3543 in
2116 3501 2364 3556 apsidibus,

110 3557 208 3592 mm
238 3550 397 3598 damno
430 3554 494 3598 sic
522 3553 728 3611 ponitur3
770 3555 890 3611 quod
921 3554 1007 3599 hac
1037 3555 1212 3600 ratione
1243 3554 1493 3609 cavebitur,
1535 3556 1596 3612 si,
1643 3557 1718 3613 qui
1758 3558 1843 3606 hac
1875 3562 2090 3609 methodo
2122 3564 2363 3609 eliciuntur

29 3620 34 3682 ζ
111 3608 319 3688 tapquam
340 3614 559 3666 'commun
591 3621 755 3678 anguli,
788 3636 878 3666 non
909 3634 1013 3665 vere
1045 3622 1131 3666 hoc
1161 3634 1261 3666 esse
1293 3621 1617 3679 intelligantur,
1648 3625 1771 3679 quod
1801 3623 2030 3685 dicuntur,
2057 3642 2146 3673 non
2170 3642 2232 3682 sc.
2258 3643 2361 3674 con-

31 3696 36 3758 }
113 3681 234 3724 stitui
263 3696 343 3739 per
374 3692 668 3742 coaequatum
700 3687 910 3743 planetae
943 3685 1089 3731 locum
1121 3686 1166 3729 in
1201 3686 1472 3743 eccentricO,
1516 3687 1596 3747 sed
1627 3700 1708 3745 per
1737 3692 2116 3752 semiaequatum,
2158 3695 2201 3739 h.
2235 3708 2272 3740 e.
2305 3709 2362 3740 ex

33 3763 39 3872 ἒ

35 3876 38 3890 v

36 3910 39 3937 k

0 4021 43 4090 {A

0 4113 7 4140 l
41 4095 43 4140 ᾗ

113 3747 332 3794 anomalia
363 3751 555 3795 eccentri
586 3765 686 3795 cum
718 3752 884 3808 aphelii
915 3751 1015 3796 loco
1048 3752 1301 3805 commissa,
1332 3753 1644 3802 constitutum.
