2554 4140
858 147 997 193 Liber
1023 147 1213 194 Primus.
1269 146 1381 192 Pars
1412 145 1591 203 Quinta.
2243 149 2343 198 175

107 297 283 358 motui,
338 308 492 358 eaque
547 299 684 343 tanto
736 294 925 354 fortior,
976 301 1160 360 quanto
1207 294 1366 357 major
1418 299 1491 342 est
1529 293 1939 359 copiamateriae
1998 294 2046 341 in
2085 298 2344 356 angustum

108 374 277 418 coacta
314 383 336 416 s
374 369 540 416 atium.

256 443 306 491 2.
340 383 514 489 {artes
555 438 734 488 Terrae
773 441 863 489 etsi
900 445 1035 489 motu
1073 439 1322 490 rectilineo
1370 437 1593 488 deorsum
1629 442 1908 499 moventur,
1963 436 2013 486 id
2049 443 2210 487 tamen
2246 453 2344 487 non

105 514 159 562 fit
194 527 352 575 neque
389 518 588 577 propter
625 514 838 575 speciem
872 520 1035 563 motus
1073 512 1383 572 rectilineam,
1421 523 1582 572 neque
1618 514 1813 572 propter
1842 510 2038 574 plagam
2066 514 2222 574 ipsam
2258 527 2346 575 per

103 601 183 651 se,
232 600 391 648 neque
426 591 623 649 propter
658 592 818 634 motus
859 583 1134 635 essentiam.
1209 586 1318 635 Non
1356 585 1588 648 primum:
1635 597 1748 630 nam
1787 596 1896 630 cum
1933 590 2096 645 partes
2134 599 2186 633 se
2225 587 2344 648 ipsis

103 661 199 706 sint
235 660 429 720 inerteS,
469 672 625 720 aeque
663 664 810 721 atque
850 662 955 724 ipsa
992 666 1098 708 tota
1117 658 1288 721 Terra,
1327 671 1424 706 non
1462 657 1618 718 magis
1656 669 1710 704 se
1741 656 1862 718 ipsis
1902 655 1965 703 ad
2003 657 2342 706 rectitudinem

102 737 263 780 motus
300 731 552 796 inclinant,
590 746 736 793 quam
775 730 837 779 ad
875 732 1261 792 circularitatem,
1301 729 1388 780 sed
1423 735 1479 778 ut
1516 728 1721 792 quilibet
1745 733 1905 777 motus
1945 743 2004 778 ex
2042 731 2201 778 causis
2239 733 2342 779 suis

102 805 470 868 impressionem
507 805 557 850 in
594 804 705 853 illas
740 804 879 866 facit,
930 807 1002 854 sic
1039 819 1202 855 earum
1240 805 1463 853 inertiam
1501 803 1667 851 vincit.
1742 801 1851 850 Non
1891 802 2183 851 secundum:
2232 805 2347 867 quia

101 877 250 941 plaga
286 877 709 941 neque-absolute
748 877 935 938 dicitur,
975 892 1133 940 neque
1171 882 1395 940 respectu
1431 876 1581 925 totius
1620 874 1874 924 machinae
1912 874 2216 938 mundanae,
2259 877 2346 926 sed

100 955 320 1014 respectu
358 950 510 1000 solius
548 949 751 1010 Terrae,
803 952 1081 1013 ubicunque
1128 949 1214 998 illa
1250 951 1406 1001 fuerit.
1480 948 1651 997 Partes
1700 949 1827 997 enim
1867 948 2046 997 Terrae
2095 962 2191 997 non
2236 964 2345 998 mo-

102 1029 275 1072 ventur
312 1023 564 1084 aliorsum,
617 1038 764 1086 quam
813 1037 983 1073 versus
1020 1023 1220 1072 Terram
1258 1024 1441 1085 ipsam,
1494 1027 1642 1085 atque
1693 1019 1743 1069 id
1782 1020 1941 1070 solum
1990 1021 2216 1071 deorsum
2254 1030 2343 1072 est.

98 1095 208 1145 Non
245 1097 463 1146 tertium:
503 1111 616 1145 nam
653 1110 750 1144 non
787 1103 1044 1145 moventur
1082 1100 1244 1159 partes
1282 1095 1460 1144 Terrae
1508 1100 1643 1144 motu
1681 1093 1954 1157 rectilineo,
2012 1101 2068 1144 ut
2103 1109 2342 1145 movean-

103 1175 195 1231 tur,
230 1169 317 1219 sed
355 1175 411 1219 ut
447 1171 714 1234 quiescant,
754 1175 809 1217 ut
845 1169 1031 1218 scilicet
1068 1170 1297 1217 uniantur
1335 1183 1425 1217 suo
1464 1170 1570 1217 toti.

245 1244 293 1291 3.
333 1243 441 1292 Etsi
477 1243 650 1306 nequit
685 1255 850 1291 unum·
873 1256 1048 1306 corpus
1084 1241 1266 1291 habere
1305 1241 1428 1290 duos
1451 1246 1612 1290 motus
1647 1240 1913 1289 contrarios
1952 1255 2050 1290 uno
2089 1247 2137 1290 et
2175 1241 2346 1291 eodem

99 1321 326 1379 respectu
362 1322 411 1366 et
449 1322 622 1380 suapte
658 1314 986 1377 inclinatione,
1025 1314 1147 1363 nihil
1182 1321 1345 1364 tamen
1383 1313 1598 1377 impedit,
1637 1313 1818 1362 habere
1855 1313 2016 1376 plures
2045 1321 2205 1364 motus
2246 1315 2348 1364 dis-

103 1394 318 1451 paratOS,
357 1395 443 1439 aut
481 1390 746 1438 contrarios
784 1388 995 1452 quidem,
1035 1378 1121 1437 sed
1160 1386 1365 1438 diversis
1402 1386 1720 1450 respectibUS,
1761 1402 1790 1435 a
1829 1386 2088 1450 disparatis
2128 1388 2346 1451 ejusdem

101 1463 318 1526 corporis
359 1462 525 1512 formis
564 1461 921 1526 dependentes,
960 1467 1046 1511 aut
1081 1475 1179 1511 non
1211 1462 1409 1525 propria
1447 1456 1786 1521 inclinatione,
1827 1460 1913 1509 sed
1953 1461 2015 1510 ob
2056 1475 2229 1511 causas
2266 1463 2347 1512 vel

101 1540 355 1585 extraneas
403 1535 485 1586 vel
526 1537 826 1586 assistentes.
901 1535 1027 1585 Nam
1063 1533 1250 1598 lingula
1297 1535 1572 1597 magnetica
1607 1533 1763 1582 ferrea
1816 1538 1913 1582 tres
1950 1534 2102 1584 habet
2149 1541 2343 1585 motus:

100 1622 252 1658 unum
288 1611 546 1673 gravitatis
594 1608 843 1670 deorsum,
893 1607 1097 1658 alterum
1136 1607 1412 1657 directionis
1451 1606 1515 1656 ad
1552 1606 1718 1670 poIOS,
1771 1608 1966 1655 tertium
2006 1606 2345 1658 declinationis

101 1681 165 1729 ad
202 1697 406 1746 magnas
444 1685 744 1732 continentes
783 1688 868 1731 aut
905 1682 1181 1744 magnetica
1218 1683 1403 1742 vicina,
1452 1681 1535 1729 ubi
1584 1682 1845 1728 miscentur
1894 1680 2092 1730 effectus
2142 1684 2192 1730 in
2230 1696 2347 1745 pro-

100 1757 322 1818 portione
373 1757 718 1820 principiorum
752 1756 1100 1804 *motoriorum
1192 1754 1270 1802 Ita
1324 1754 1541 1816 signiferi
1594 1753 1848 1802 brachium
1913 1761 2121 1816 quatuor
2175 1755 2346 1804 eodem

103 1834 322 1892 tempore
358 1829 572 1878 motibus
612 1834 859 1878 movetur:
911 1829 1092 1891 primus
1131 1832 1205 1876 est
1241 1828 1510 1890 gravitatis,
1549 1828 1736 1875 ratione
1764 1829 2010 1888 materiae,
2052 1842 2148 1891 quo
2187 1827 2255 1890 fit,
2295 1833 2355 1876 ut'

103 1900 354 1950 brachium
391 1907 657 1951 surrectum
705 1902 910 1964 defluat3
951 1900 1073 1949 alter
1111 1906 1198 1961 est,
1239 1902 1324 1963 qui
1351 1899 1550 1949 medicis
1579 1899 1813 1948 naturalis
1841 1899 2028 1960 dicitur,
2066 1902 2345 1949 nutritionis

104 1988 162 2022 ex
202 1982 474 2024 commeatu
513 1989 789 2043 succorum,
845 1974 1053 2023 didentis
1091 1988 1143 2022 se
1190 1975 1238 2021 in
1278 1975 1491 2037 spatium
1530 1972 1764 2036 amplius;
1819 1975 1990 2022 tertius
2041 1980 2115 2023 est
2162 1975 2343 2035 vitalis,

104 2046 218 2095 dum
253 2049 452 2111 pulsant
491 2051 723 2111 arteriae3
772 2052 973 2112 quartus
1025 2053 1098 2096 est
1145 2046 1396 2108 animalis,
1451 2046 1563 2095 dum
1616 2048 1806 2095 animae
1845 2047 1894 2093 vi
1941 2049 2195 2110 surrigitur
2232 2048 2346 2096 bra-

103 2118 262 2168 chium
301 2123 350 2169 in
391 2121 570 2182 altum,
621 2128 790 2171 tenens
829 2128 878 2171 et
917 2120 1159 2170 ventilans
1197 2120 1445 2170 vexillum.
1526 2118 1706 2168 Omnes
1746 2125 1958 2182 quatuor
2006 2125 2214 2184 possunt
2252 2121 2348 2170 dici

99 2193 361 2255 naturales,
404 2209 462 2245 eo
503 2195 635 2258 quod
673 2184 1000 2244 causas'suas
1037 2193 1119 2242 vel
1156 2194 1203 2241 in
1243 2195 1406 2243 anima
1443 2192 1524 2242 vel
1562 2195 1610 2240 in
1640 2206 1853 2255 corpore,
1896 2193 2085 2242 duabus
2122 2195 2345 2257 partibus

101 2267 468 2329 essentialibus,
506 2269 736 2318 habeant.
811 2269 888 2317 Ita
938 2267 1080 2316 turbo
1132 2281 1230 2315 uno
1279 2272 1328 2316 et
1367 2266 1537 2315 eodem
1587 2273 1803 2329 tempore
1854 2266 1998 2315 simul
2037 2266 2216 2316 decidit
2261 2283 2348 2332 per

100 2343 262 2389 aerem
298 2341 611 2401 naturaliter,
661 2341 887 2390 evolutus
936 2355 961 2390 e
999 2340 1239 2402 funiculo,
1288 2339 1430 2388 simul
1479 2346 1667 2388 rotatur
1718 2340 1843 2388 circa
1894 2355 2034 2388 axem
2084 2346 2219 2390 motu
2259 2356 2346 2391 ex-

99 2418 285 2477 traneo,
324 2429 412 2477 per
450 2416 777 2478 quassationis
822 2416 924 2463 vim
962 2419 1214 2477 concepto,
1256 2418 1257 2421 ’
1292 2411 1486 2476 Quanto
1524 2414 1680 2476 magis
1732 2414 1909 2476 poterit
1946 2415 2105 2463 inesse
2151 2416 2200 2462 in
2238 2415 2346 2478 ipsa

101 2485 251 2536 Terra
288 2492 408 2549 tota,
450 2493 690 2552 quatenus
728 2493 853 2548 tota,
902 2492 1064 2535 motus
1105 2486 1467 2536 convolutionis
1517 2488 1644 2536 circa
1681 2501 1821 2535 suum
1861 2501 2005 2535 axem
2054 2487 2117 2536 ab
2155 2489 2347 2536 interna

101 2564 149 2608 et
184 2562 385 2623 perenni
437 2575 589 2611 causa
637 2559 952 2625 dependens?
1027 2574 1135 2609 cum
1182 2561 1324 2608 turbo
1365 2567 1476 2608 actu
1515 2562 1679 2623 gravis
1717 2561 1780 2608 sit
1830 2565 1877 2608 et
1926 2559 2143 2621 decidat,
2197 2560 2346 2610 Terra

100 2638 222 2692 tota,
265 2640 505 2697 quatenus
543 2639 662 2696 tota,
701 2633 836 2683 nullo
873 2635 1130 2696 gravitatis
1167 2638 1414 2682 momento
1452 2635 1500 2680 in
1539 2632 1687 2681 ullam
1721 2632 1924 2697 ‚plagam
1950 2635 2190 2696 rapiatur,
2229 2649 2345 2696 par-

98 2710 171 2754 tes
211 2705 390 2756 Terrae
428 2721 603 2770 graves
644 2706 838 2770 quidem
875 2709 973 2755 sint
1008 2708 1229 2770 potentia
1265 2710 1488 2770 respectu
1527 2707 1692 2767 totiuS,
1732 2711 1784 2754 at
1821 2712 1934 2754 actu
1971 2720 2068 2754 non
2107 2721 2344 2756 movean-

69 2783 177 2826 ‘tur
213 2778 276 2828 ad
315 2779 530 2843 Terram,
582 2781 762 2844 quippe
802 2795 927 2844 quae
966 2779 1109 2829 finem
1146 2785 1307 2829 motus
1346 2781 1626 2842 gravitatis,
1668 2793 1794 2842 quae
1833 2785 1905 2827 est
1943 2781 2095 2827 unitio
2134 2781 2345 2878 partium

99 2864 207 2900 cum
245 2857 373 2913 toto,
407 2853 511 2916 jam
551 2853 818 2906 obtineant

70 2929 74 2934 ’
244 2925 302 2974 Si
343 2926 502 2975 Terra
549 2929 794 2975 materiae
839 2928 1037 2976 ratione
1085 2928 1324 2974 renititur
1369 2927 1531 2975 motui
1579 2906 1847 2986 circulari,
1896 2925 2142 2974 violentus
2189 2928 2348 2989 iyitur

100 2999 195 3045 erit
230 3005 397 3048 motus
433 3001 540 3060 effus
577 2999 796 3048 diurnus
850 3006 895 3048 et
946 3001 1017 3047 sic
1047 3005 1323 3063 perpetuus
1372 3013 1467 3046 esse
1513 3012 1619 3047 non
1660 2999 1861 3059 poterit.
1935 2996 2176 3060 Equidem
2213 2999 2345 3048 haud

95 3074 395 3134 negaverim,
435 3074 656 3122 inertiam
695 3072 822 3121 hanc
859 3071 1156 3121 materialem
1196 3073 1409 3134 corporis
1448 3070 1658 3120 Telluris
1705 3069 1767 3117 ad
1805 3075 1989 3120 motum
2034 3076 2082 3120 et
2120 3071 2339 3122 densita-

97 3147 193 3191 tem
233 3143 452 3206 ejusdem
491 3161 598 3195 esse
636 3144 815 3205 sedem,
857 3147 904 3192 in
944 3160 1091 3208 quam
1130 3146 1417 3208 imprimitur
1445 3145 1656 3206 impetus
1686 3145 1942 3192 rotationis
1981 3143 2153 3194 eodem
2180 3145 2341 3207 mod0,

104 3228 202 3278 quo
243 3216 291 3266 id
329 3218 382 3266 fit
419 3219 467 3266 in
507 3219 699 3268 turbine
740 3216 976 3267 violenter
1014 3219 1321 3278 circumacto,
1363 3217 1503 3279 cujus
1543 3230 1640 3279 quo
1677 3215 1992 3280 ponderosior
2016 3224 2090 3268 est
2127 3222 2343 3281 materia,

101 3284 195 3337 hoc
232 3289 423 3340 felicius
461 3293 509 3339 in
550 3291 685 3340 illam
723 3291 957 3339 incumbit
996 3292 1070 3338 vis
1112 3295 1325 3351 externa,
1365 3289 1458 3339 hoc
1484 3288 1663 3338 diutius
1693 3289 1832 3339 durat
1871 3291 1935 3339 ab
1958 3290 2046 3340 illa
2083 3293 2345 3357 impressus

102 3367 285 3425 motus3
324 3364 519 3427 plumae
558 3379 676 3414 vero
716 3371 764 3412 et
802 3359 979 3412 similia
1019 3375 1237 3427 corpora,
1278 3377 1404 3425 quae
1443 3361 1626 3411 nullam
1654 3362 1835 3412 habent
1857 3366 2196 3427 resistentiam,
2236 3380 2344 3414 mo-

95 3437 197 3482 tum
234 3450 331 3484 non
369 3437 511 3486 facile
551 3438 852 3500 concipiunt,
910 3450 998 3485 nec
1037 3436 1372 3499 scorpionibus
1423 3441 1506 3484 aut
1545 3435 1705 3485 fundis
1757 3443 1869 3486 sunt
1920 3444 2051 3501 apta.
2130 3439 2195 3486 At
2235 3454 2343 3488 cum

98 3505 363 3557 violentum
413 3513 606 3575 proprie
647 3510 863 3559 dicamus
903 3508 1040 3557 illum
1078 3515 1292 3570 motum,
1347 3523 1455 3558 cum
1506 3508 1707 3573 aliquod
1757 3525 1929 3576 corpus
1977 3517 2203 3561 movetur
2254 3511 2344 3560 ad-

99 3582 301 3630 ventitio
354 3589 488 3631 motu
541 3591 708 3633 contra
757 3589 981 3631 naturam
1035 3597 1198 3630 suam:
1245 3587 1458 3644 motum,
1515 3597 1658 3645 quem
1713 3583 1856 3633 infert
1903 3585 2060 3634 forma
2096 3587 2344 3644 materiae,

102 3649 308 3703 facultas
347 3655 425 3704 vel
468 3658 631 3706 anima
667 3670 756 3706 suo
797 3656 1015 3719 corpori,
1066 3668 1161 3702 non
1201 3654 1412 3704 solemus
1466 3662 1632 3705 contra
1667 3662 1892 3707 naturam
1932 3663 2178 3723 reputare,
2237 3672 2343 3706 cum

101 3722 226 3772 nihil
262 3727 326 3775 sit
362 3730 520 3792 magis
557 3729 778 3778 naturale
817 3730 1047 3777 materiae
1088 3742 1234 3789 quam
1272 3743 1361 3777 sua
1386 3729 1554 3791 forma,
1595 3731 1798 3795 corpori,
1839 3746 1984 3794 quam
2024 3746 2113 3779 sua
2137 3731 2343 3779 facultas

100 3794 179 3844 vel
236 3800 413 3849 anima.
488 3801 696 3866 Magnes
746 3807 922 3851 natura
967 3802 1199 3851 materiae
1247 3800 1403 3852 tendit
1451 3801 1700 3864 deorsum,
1754 3809 1804 3851 at
1857 3809 2032 3853 natura
2085 3817 2343 3865 corporeae

106 3867 289 3920 formae
338 3874 563 3937 specialis
616 3874 835 3924 ascendit
884 3873 944 3923 ad
994 3879 1265 3937 magnetem
1321 3873 1495 3937 alium3
1551 3890 1640 3925 nec
1686 3882 1846 3925 tamen
1897 3874 1943 3924 id
1984 3876 2037 3925 fit
2087 3876 2341 3925 violenter.
