2554 4140
0 1957 6 2014 l

830 133 970 180 Liber
997 132 1206 191 Quintus.
1268 132 1382 177 Pars
1414 129 1578 175 Prima.
2231 130 2338 178 40⁷

71 290 136 342 ad
181 295 372 355 partem
421 286 724 347 librationis,
778 298 905 348 quae
943 282 1136 334 interim
1174 280 1452 342 conficitur,
1508 279 1623 328 dum
1660 278 1861 343 planeta
1897 276 2135 342 percurrit
2171 288 2338 325 areum

73 364 334 501 'iuquuo
368 432 533 483 medio
570 431 948 481 demonstratur
985 428 1110 480 hoc?
1144 425 1399 478 Mediante
1424 423 1511 478 illa
1539 425 1646 489 ipsa
1675 439 1903 475 mensura
1926 425 2333 474 incrementorum

47 509 359 568 (librationis,
393 507 499 570 jam
536 503 683 554 modo
722 516 815 552 sua
852 502 1268 552 demonstratione
1305 499 1508 548 munita.

213 592 285 638 Sit
308 588 431 634 enim
463 587 662 635 circulus
692 585 922 643 perfectus
953 585 1047 644 PD,
1080 586 1210 642 cujus
1242 586 1446 641 centrum
1478 580 1536 636 B,
1581 581 1730 637 sitque
1760 579 1798 624 A
1829 579 1929 637 Sol,
1969 580 2090 625 linea
2127 577 2338 636 apsidum

71 658 251 711 PBAR,
287 659 338 700 et
363 653 424 711 P,
468 653 512 698 R
541 664 718 697 summa
758 656 805 696 et
843 651 934 695 ima
963 651 1108 708 apsis,
1155 655 1202 696 et
1230 649 1308 694 AB
1341 644 1675 698 eccentricitas,
1721 645 1929 702 ejusque
1954 645 2141 701 duplum
2175 643 2252 687 PB
2285 642 2343 687 sit
2375 651 2380 655 '

69 724 248 769 libratio
284 726 415 767 tota·
453 717 695 765 Dividatur
726 717 823 774 jam
865 717 1064 764 circulus
1103 717 1151 762 in
1191 721 1349 774 partes
1389 710 1604 770 aequales
1642 710 1873 762 minimas,
1914 709 2042 754 initio
2082 722 2109 752 a
2139 709 2174 752 P
2207 708 2343 758 fact0,

69 789 249 845 sintque
277 787 373 843 PK,
402 786 503 843 KG,
534 785 632 839 GD,
660 784 761 837 DN,
790 783 882 839 NS,
901 784 1012 842 SR,
1043 789 1090 829 et
1119 796 1147 829 a
1179 778 1475 834 divisionibus
1507 776 1635 821 hisce
1675 775 1902 820 ducantur
1931 773 2018 831 ipsi
2046 774 2126 819 PR
2153 787 2345 831 perpen-

71 853 297 899 diculares
327 853 429 904 ΚΧ,
462 820 554 908 G'F,
585 849 682 900 DB,
712 847 811 905 NA,
845 849 930 895 SY.
1403 896 1408 900 .
2338 881 2344 886 .

210 918 357 976 Igitur
385 931 468 976 per
496 915 760 975 praemissa,
791 921 842 960 ut
872 917 998 962 sinus
1031 916 1119 961 ΚΧ
1150 915 1208 960 ad
1240 883 1852 970 GF‚1‘'58·
1884 920 1894 941 ‘

68 988 166 1044 DB,
194 985 293 1043 NA,
326 986 411 1040 SY,
442 985 527 1031 RR
556 984 790 1041 (punctum
812 981 909 1027 vice
929 981 1107 1037 lineae),
1139 982 1207 1026 sic
1227 985 1336 1025 sunt

69 1052 186 1108 inter
215 1064 265 1097 se
282 1021 538 1097 librationis
564 1050 854 1103 incrementa,
886 1047 999 1104 ipsis
1020 1031 1215 1092 arcubus
1236 1046 1331 1099 PK,

70 1114 156 1164 KG
186 1122 274 1162 etc.
302 1115 640 1174 respondentia,
670 1117 784 1170 puta
811 1112 901 1158 PM
932 1111 991 1157 ad
1011 1111 1098 1168 MI,
1130 1111 1206 1168 IF,
1235 1111 1332 1168 FQ,

70 1179 164 1242 QV,
193 1183 298 1239 VB,
338 1181 461 1239 quod
490 1192 646 1226 verum
675 1185 747 1224 est
778 1191 832 1224 eo
863 1185 1100 1237 respectu,
1145 1191 1234 1236 quo
1264 1190 1334 1222 re·

69 1254 230 1306 spectu
260 1247 531 1303 intelligitur
550 1245 650 1290 fieri
676 1244 836 1291 divisio
861 1245 908 1290 in
930 1243 1120 1298 infinita,
1153 1245 1334 1300 quando

70 1313 159 1359 ΚΧ
194 1318 243 1358 et
280 1313 366 1360 RB
403 1311 619 1370 aequales
661 1309 980 1369 intelliguntur
1027 1322 1144 1357 esse.
1222 1311 1334 1356 Cum

68 1379 207 1436 igitur
228 1379 470 1438 punctaP,
502 1379 566 1434 M,
597 1378 636 1432 Ι,
666 1378 719 1434 F,
751 1377 806 1435 Ω,
837 1378 891 1436 V,
923 1377 962 1422 Β
984 1379 1216 1433 ponantur
1247 1375 1334 1421 dis-

70 1443 306 1489 criminare
337 1445 460 1490 dicta
487 1444 745 1490 librationis
775 1446 1078 1501 incrementa,
1124 1447 1335 1499 transpo—

70 1515 236 1563 nantur
271 1523 327 1556 ea
362 1511 413 1556 in
450 1524 559 1556 suas
602 1523 810 1569 quaeque
850 1507 1090 1556 distantias
1122 1506 1334 1564 planetae

70 1590 115 1630 a
137 1568 243 1623 Sole
283 1576 338 1623 A.
409 1577 575 1622 Centro
616 1576 791 1622 scilicet
829 1577 907 1631 Α,ι
937 1573 1190 1620 intervallis
1229 1574 1334 1633 AM,

70 1639 145 1692 Al,
172 1642 269 1700 AF,
300 1642 396 1699 ΑΩ,
426 1643 508 1688 AV
539 1642 795 1688 scribantur
826 1654 959 1687 arcus
990 1640 1092 1697 ML,
1123 1641 1204 1699 IH,
1236 1641 1334 1699 FE,

74 1700 167 1765 ΩΟ,
197 1707 293 1764 VT,
324 1711 379 1752 ut
406 1706 472 1752 sic
502 1707 650 1757 orbita
679 1709 892 1766 planetae
915 1706 1118 1764 elliptica
1149 1707 1336 1753 descen-

70 1774 177 1820 dere
206 1773 492 1831 intelligatur
523 1787 579 1819 ex
610 1776 646 1820 P
677 1789 759 1833 per
789 1775 841 1830 L,
873 1773 931 1829 H,
963 1772 1019 1828 E,
1053 1772 1103 1830 O,
1138 1774 1175 1818 T
1205 1774 1250 1818 in
1280 1774 1335 1831 R,

70 1835 203 1885 erunt
239 1839 485 1884 distantiae
515 1838 727 1897 planetae
759 1855 786 1886 a
817 1838 923 1885 Sole
953 1837 1052 1895 ΑΡ,
1091 1838 1195 1893 AL,
1233 1839 1334 1897 AH,

75 1905 184 1964 ΑΕ,
214 1900 315 1963 AO,
346 1905 447 1963 AT,
479 1905 584 1964 AR,
630 1921 819 1953 arcuum
847 1917 955 1950 vero
988 1903 1211 1952 dictorum
1241 1906 1335 1960 PK,

74 1972 153 2018 PG
184 1979 268 2018 etc.
299 1973 424 2019 sinus
455 1973 573 2018 versi
604 1978 738 2018 erunt
766 1973 860 2029 PX,
891 1971 983 2027 PF,
1016 1970 1103 2021 PB,
1138 1972 1230 2029 PA,
1262 1974 1354 2031 PY,
1387 1973 1505 2023 PR.-
1542 1973 1656 2020 Dico
1688 1980 1829 2021 totam
1862 1973 2132 2019 diametrum
2164 1973 2257 2030 PR,
2300 1975 2351 2016 ut

75 2039 283 2096 sagittam
313 2053 446 2086 arcus
475 2041 619 2098 PDR,
663 2053 712 2086 se
743 2039 913 2084 habere
943 2038 1001 2083 ad
1031 2041 1176 2084 totam
1215 2007 1503 2087 librationem
1534 2042 1634 2098 PB,
1678 2042 1798 2087 sicut
1835 2040 2055 2099 sagittae
2067 2038 2350 2096 singulorum

75 2118 262 2153 arcuum
289 2117 343 2152 se
366 2106 542 2154 habent
577 2107 639 2152 ad
678 2107 957 2153 incrementa
986 2103 1240 2151 librationis
1271 2107 1475 2163 singula,
1523 2106 1696 2175 scilicet
1726 2108 1801 2151 PX
1833 2106 1891 2151 ad
1922 2106 2033 2160 PM,
2079 2106 2145 2151 sic
2185 2106 2260 2150 PF
2292 2104 2351 2150 ad

7 2168 9 2182 ἔ
79 2170 151 2227 1³1,
183 2173 250 2219 sic
279 2173 355 2217 PB
383 2173 443 2219 ad
470 2173 561 2230 PF,
595 2173 660 2220 Sic
691 2173 768 2217 PA
798 2171 855 2216 ad
885 2171 979 2227 ΡΩ,
1011 2171 1077 2216 sic
1108 2170 1186 2215 PY
1215 2171 1274 2216 ad
1303 2173 1395 2219 PV.

248 2237 365 2286 Nam
395 2239 595 2296 positum
617 2244 700 2293 est,
730 2235 982 2283 librationis
1013 2241 1168 2293 partes
1189 2237 1291 2295 PM,
1323 2239 1383 2283 ΡΙ
1404 2243 1493 2284 etc.
1524 2250 1625 2283 esse
1655 2237 1702 2282 in
1722 2236 2017 2314 proportione
2047 2235 2227 2280 sinuum
2249 2235 2350 2292 KX,

78 2287 156 2354 GF
187 2311 272 2351 etc.
298 2304 403 2350 Jam
434 2317 541 2351 vero
570 2306 707 2350 etiam
737 2304 878 2350 totius
910 2305 1104 2361 sagittae
1125 2305 1206 2352 PR
1235 2312 1390 2363 partes
1412 2308 1507 2364 PX,
1539 2307 1615 2352 PF
1647 2311 1736 2351 etc.
1767 2310 1873 2351 sunt
1901 2304 1948 2349 in
1979 2302 2136 2350 eadem
2162 2316 2350 2378 propor-

78 2368 202 2416 tione
231 2367 410 2415 sinuum
430 2369 531 2425 KX,
562 2370 640 2416 GF
672 2377 759 2417 etc.
793 2376 960 2416 etcum
993 2370 1151 2416 eadem
1173 2371 1431 2418 conditione
1454 2373 1686 2419 divisionis
1708 2371 1933 2418 infinitae:
1968 2369 2045 2415 ubi
2074 2375 2179 2423 (non
2205 2369 2353 2414 minus

78 2448 213 2494 qnam
243 2436 384 2492 prius)
415 2442 634 2493 punctum
664 2437 707 2484 R
736 2429 932 2481 sustinet
962 2435 1105 2482 vicem
1135 2436 1284 2483 lineae
1314 2438 1412 2483 RR.

253 2499 376 2558 Ergo
414 2499 703 2558 permutatim
739 2505 894 2558 partes
921 2500 1178 2547 librationis
1209 2502 1255 2548 in
1294 2503 1452 2548 eadem
1495 2503 1790 2561 proportione
1831 2498 2111 2579 respondent
2148 2498 2353 2557 partibus

81 2567 295 2624 sagittae,
338 2570 385 2611 et
423 2576 506 2623 per
536 2579 818 2627 consequens
850 2567 1081 2626 quaelibet
1110 2571 1258 2628 portio
1290 2569 1545 2634 librationis
1584 2575 1682 2616 tota
1725 2583 1752 2616 a
1781 2567 2005 2628 principio
2037 2567 2072 2612 P
2103 2567 2353 2624 respondet

81 2633 275 2691 sagittae
305 2643 415 2677 suae
444 2631 530 2676 toti
558 2631 605 2676 in
637 2632 794 2678 eadem
825 2636 1138 2691 proportione.

235 2708 375 2758 Unde
410 2710 616 2770 scimus,
659 2716 833 2772 partes
873 2710 1001 2768 PX,
1057 2711 1167 2761 XF
1200 2712 1436 2764 diametri
1478 2714 1602 2775 PR,
1642 2720 1701 2762 ut
1736 2713 1949 2776 sayittae
1988 2710 2349 2772 consideratae,

84 2797 181 2834 ase
218 2782 274 2831 in
307 2783 641 2845 proportione
676 2784 885 2832 sinuum
925 2782 1059 2847 ΚΧ,
1116 2783 1237 2848 GF,
1291 2791 1380 2850 qui
1419 2801 1502 2836 eas
1540 2785 1922 2836 determinant?
1984 2785 2351 2833 Demonstravit

85 2856 299 2921 Pappus,
339 2853 799 2905 Mathematicarum
839 2855 1183 2907 collectionum
1220 2859 1345 2909 libro
1373 2859 1435 2908 V.
1473 2875 1610 2924 prop.
1643 2862 1737 2909 362
1778 2861 1818 2907 si
1858 2858 2179 2920 sphaericum,
2222 2857 2351 2919 quod

86 2925 387 2993 intelligatur
424 2928 517 2977 sub
558 2925 704 2989 PGZ‚
745 2928 905 2992 planis
943 2929 1194 2994 parallelis
1233 2938 1572 2996 quotcunque,
1620 2939 1674 2981 ut
1712 2932 1842 2992 KW,
1887 2930 1972 2979 GZ
2013 2935 2104 2979 etc.
2145 2935 2350 2991 secetur,

86 2999 392 3067 superficiem
429 2999 670 3064 sphaerici
711 3008 759 3051 et
797 3015 938 3052 axem
978 3004 1264 3067 sectionum,
1306 3011 1360 3054 ut
1383 3005 1485 3068 PR,
1527 3007 1682 3055 secari
1723 3007 1771 3052 in
1811 3005 2123 3089 proportione
2162 3018 2354 3067 semper

16 3104 19 3124 -.
87 3074 283 3125 cadem.
324 3078 378 3123 ut
415 3075 543 3123 sicut
581 3083 655 3124 est
693 3073 974 3138 superficies
1012 3075 1268 3141 sphaerica
1293 3077 1448 3127 KPW
1493 3078 1555 3126 ad
1595 3079 1958 3141 proportionem
1998 3078 2104 3126 axis
2132 3075 2241 3139 PX,
2281 3078 2352 3126 sic

17 3149 21 3182 ἱ
90 3142 235 3218 etlam
272 3148 337 3196 sit
372 3146 651 3212 superficies
693 3145 898 3196 KWZG
936 3147 999 3198 ad
1037 3151 1309 3213 portionem
1350 3151 1461 3211 XI,
1503 3157 1551 3200 et
1589 3153 1660 3199 sic
1699 3149 1758 3199 de
1798 3152 1988 3199 ceteris.

263 3229 403 3288 Atqui
442 3230 479 3276 si
518 3230 753 3288 sphaerica
794 3229 1056 3287 superficies
1100 3231 1378 3289 intelligatur
1418 3216 1560 3278 ¹divisa
1600 3232 1643 3276 in
1675 3245 1812 3277 zonas
1842 3232 2042 3278 infinitas
2074 3232 2351 3290 aequelatas,

91 3296 176 3345 erit
202 3294 431 3355 quaelibet
460 3309 587 3349 zona,
618 3301 729 3353 puta
753 3294 854 3340 KW
887 3293 954 3340 vel
973 3295 1064 3354 GZ,
1094 3302 1146 3342 ut
1177 3297 1369 3344 circulus
1401 3298 1562 3355 aliquis
1585 3298 1823 3344 latitudine
1854 3311 2025 3343 carens.
2086 3298 2175 3345 Sed
2197 3299 2353 3345 circuli

92 3361 259 3418 KXW,
298 3359 415 3407 GFZ
445 3366 551 3407 sunt
581 3361 698 3406 inter
729 3373 802 3418 se,
845 3370 983 3406 causa
1012 3361 1333 3421 longitudinis,
1379 3367 1428 3407 ut
1460 3376 1613 3407 eorum
1656 3361 1973 3408 semidiametri
2003 3363 2110 3422 KX,
2156 3365 2234 3410 GF
2266 3371 2350 3410 etc.

23 3445 26 3453 ⁴
93 3441 232 3488 qnare
261 3424 396 3472 etiam
428 3426 659 3485 portiones
691 3427 788 3471 axis
826 3425 907 3472 PR
942 3424 1288 3483 respondentes,
1332 3429 1444 3484 puta
1478 3428 1578 3484 PX,
1611 3427 1702 3475 XF.
1736 3429 1984 3475 tuebuntur
2014 3430 2351 3488 proportionem

94 3493 272 3541 sinuum
300 3492 400 3551 ΚΧ,
431 3492 523 3551 GF,
555 3492 718 3551 quibus
750 3490 1119 3536 determinantur.

236 3568 716 3619 Demonstrationem
758 3565 977 3632 ejusdem
1016 3565 1329 3619 theorematis
1369 3583 1454 3632 per
1493 3582 1718 3620 numeros
1758 3574 1806 3619 et
1844 3571 2142 3620 anatomiam
2183 3570 2350 3620 circuli

27 3635 29 3642 ’
101 3639 215 3692 viae
250 3646 485 3692 tentatam
521 3643 570 3691 in
605 3642 876 3692 Comment.
903 3640 1092 3700 Martis,
1131 3642 1289 3704 capite
1316 3640 1606 3692 LV11.1hi
1646 3642 1738 3693 loci
1778 3642 2036 3693 videbatur
2074 3644 2196 3694 haec
2233 3658 2344 3727 pro-

29 3751 34 3780 ι
100 3713 261 3776 portio
296 3713 513 3764 nonnihil
552 3713 772 3775 deficere,
813 3715 929 3778 quia
955 3713 1180 3777 Pappum
1218 3713 1432 3765 nondum
1470 3715 1698 3781 legeram
1763 3715 1860 3766 Sed
1900 3731 2050 3767 causa
2087 3718 2192 3777 fuit,
2234 3717 2351 3778 quia

30 3816 36 3869 Ι
102 3786 303 3848 primm
349 3787 576 3850 sagittam
623 3789 777 3837 sumai
822 3802 962 3837 arcus
1012 3800 1110 3835 non
1160 3788 1280 3836 satis
1326 3789 1490 3853 parvi,
1545 3788 1675 3852 quod
1721 3789 1919 3853 perinde
1973 3796 2070 3851 est,
2125 3803 2181 3837 ac
2221 3790 2263 3836 si
2301 3790 2349 3836 in

31 3888 35 3902 .
103 3857 274 3923 Pappo
311 3855 552 3911 divideres
587 3861 892 3925 superficiem
931 3857 1234 3924 sphaericam
1272 3861 1321 3909 tn
1359 3867 1522 3928 partes
1561 3877 1657 3914 non
1693 3864 1993 3923 minutiores,
2034 3877 2179 3928 quam
2207 3861 2350 3918 unius
