2554 4140
207 115 330 166 ’502
1039 105 1278 163 Epitomes
1310 105 1631 152 Astronomiae

225 261 311 310 Sol
349 259 523 309 clarius
562 257 751 307 Lunam
788 255 1045 317 illuminat,
1085 271 1231 319 quam
1268 268 1407 319 pam,
1449 259 1497 303 et
1533 255 1658 307 haec
1692 258 1851 333 major
1887 257 2079 321 clariuS,
2119 272 2265 321 quam
2302 258 2472 307 minor

226 332 352 384 Vide
393 332 520 379 Astr.
549 330 681 378 Part.
725 328 839 392 Opt.
879 329 962 378 fol
1011 331 1132 377 239.
1194 332 1262 388 (ΙΙ.
1295 332 1413 386 280.)

372 403 513 452 Num
549 416 727 451 omnes
756 403 950 465 eclipses
986 401 1169 450 Lunae
1221 399 1486 462 quadrant
1521 399 1591 447 ad
1637 400 1728 449 has
1766 403 2026 452 rationes?
2077 403 2256 452 Crebro
2294 403 2371 463 fit,
2421 409 2476 452 ut

228 478 506 538 substantia,
538 474 700 523 lucida
737 477 863 524 circa
895 473 1059 524 Solem
1097 475 1345 520 flammata
1384 487 1444 520 ex
1483 477 1708 520 contactu
1734 473 1863 523 Solis
1901 475 2097 524 irradiet
2136 478 2342 524 extimos
2366 491 2476 524 um-

225 552 341 599 brae
379 551 635 610 terminoS,
689 562 845 610 eoque
882 547 1047 604 Luna,
1104 558 1385 608 quanquam
1434 549 1539 592 tota
1590 547 1639 591 in
1689 547 1907 595 umbram
1958 551 2204 610 immersa,
2261 551 2475 611 margine

227 619 390 672 tamen
436 627 650 671 extremo
696 620 786 669 hos
834 620 997 668 radios
1037 620 1267 682 excipiat:
1322 631 1450 679 quae
1487 615 1612 665 falsa
1649 616 1760 679 lux,
1815 633 1925 667 cum
1959 620 2024 669 ad
2060 635 2227 670 veram
2265 636 2323 670 ex
2361 621 2476 670 Sole

224 695 463 758 allapsam
510 690 778 757 comparari
817 707 912 741 non
953 692 1109 754 possit
1159 689 1364 754 (quippe
1406 689 1545 737 Luna
1583 689 1770 752 reliqua
1807 693 2001 753 penitus
2041 691 2318 759 exstincta),
2371 696 2479 757 ipsa

225 782 313 831 pro
354 782 471 816 vera
507 766 728 827 habetur,
766 767 836 815 ita
874 770 928 813 ut
964 765 1106 812 L'una
1143 777 1240 811 non
1280 768 1386 810 tota
1424 764 1484 808 in-
1512 762 1732 810 umbram
1769 765 1987 825 ingressa
2024 772 2291 816 censeatur.
2366 767 2476 815 Hac

225 841 413 890 ratione
451 839 527 900 fit,
580 844 633 887 ut
682 853 845 886 morae
883 836 1036 885 multo
1075 837 1323 884 breviores
1374 835 1691 884 aestimentur
1743 836 1996 899 eclipsium
2032 840 2271 888 totalium.
2348 839 2477 901 Quin

228 914 372 962 etiam
410 911 540 972 illae,
581 926 707 974 quae
747 910 925 959 totales
962 911 1065 957 sine
1104 923 1240 956 mora
1275 911 1391 955 sunt
1428 913 1514 955 aut
1553 921 1661 955 cum
1700 922 1836 956 mora
1874 909 2184 972 brevissima,
2225 918 2479 961 censentur

229 986 291 1034 ob
328 985 455 1034 hanc
493 998 693 1033 causam
729 998 827 1031 non
864 981 1067 1042 totales,
1120 980 1206 1030 sed
1243 979 1499 1043 partiales,
1554 982 1694 1041 quasi
1732 996 1762 1029 a
1799 984 2126 1044 septentrione
2162 984 2244 1032 vel
2280 984 2478 1033 meridie

227 1057 414 1120 aliquid
450 1058 673 1121 supersit.
750 1054 876 1105 Vide
910 1054 1038 1103 Astr.
1067 1054 1200 1105 Part.
1242 1051 1355 1116 Opt.
1395 1051 1478 1100 fol.
1521 1053 1623 1101 302
1655 1057 1740 1113 x(11.
1774 1058 1893 1112 319).
1948 1055 2010 1103 Et
2046 1057 2117 1104 sic
2140 1062 2304 1105 censet
2329 1059 2475 1105 etiam

234 1129 500 1179 GalilaeuS.

380 1202 519 1251 Unde
568 1206 790 1266 constat,
843 1200 976 1248 hanc
1021 1200 1392 1248 excusationem
1442 1211 1539 1245 esse
1588 1197 1902 1260 Ieyitimam?
1983 1199 2117 1260 Quid
2163 1202 2205 1248 si
2255 1215 2478 1264 namque

232 1290 416 1325 causae
452 1275 659 1334 subsint,
701 1271 1299 1322 astronomiae.nondum
1336 1271 1458 1318 satis
1496 1271 1761 1332 coquitae?
1805 1270 1854 1333 1)
1892 1271 1998 1320 Imo
2038 1278 2138 1320 tam
2166 1273 2367 1322 evidens
2407 1282 2480 1323 est

228 1348 308 1397 hic
347 1349 565 1407 effectuS,
607 1351 661 1394 ut
697 1347 739 1394 si
777 1345 840 1395 ad
878 1360 1052 1395 causas
1091 1344 1442 1393 astronomicas
1479 1343 1735 1403 referatur,
1789 1343 2196 1394 contradictiones
2230 1347 2482 1410 apertissi-

226 1435 330 1469 mas
382 1420 606 1469 involvat
652 1424 904 1481 totamque
954 1419 1191 1467 rationem
1244 1416 1598 1465 dimensionum
1638 1416 1836 1466 umbrae
1882 1417 2113 1480 legesque
2152 1420 2338 1483 opticas
2377 1433 2482 1469 cer-

228 1494 440 1542 tissimas
479 1497 681 1541 evertat.
759 1494 815 1554 2)
855 1491 1208 1540 Testimonium
1248 1503 1363 1538 vero
1403 1488 1517 1538 huic
1555 1502 1733 1538 causae
1768 1489 2002 1554 physicae
2039 1491 2298 1553 perhibent
2334 1493 2482 1540 etiam

230 1565 413 1615 solares
465 1564 669 1628 eclipses
708 1564 985 1626 nonnullae,
1029 1563 1087 1612 de
1127 1563 1303 1625 quibus
1343 1561 1482 1610 infra.
1561 1562 1617 1623 3)
1658 1561 1779 1610 Cum
1819 1562 2107 1612 diametrum
2145 1563 2274 1613 Solis
2313 1564 2482 1613 obser-

227 1653 403 1688 vamus
440 1637 598 1699 radi0‚
638 1652 725 1700 per
762 1639 1161 1700 angustissimum
1199 1635 1417 1684 foramen
1455 1635 1696 1695 immiss0,
1746 1634 1936 1685 fimbria
1972 1636 2094 1686 haec
2130 1636 2251 1685 fusci
2291 1637 2480 1699 coloriS,

229 1711 424 1774 quando
474 1717 667 1774 praesto
719 1716 792 1759 est
843 1712 893 1757 in
932 1709 1097 1769 coe10,
1148 1710 1306 1771 pingit
1353 1721 1405 1755 se
1444 1709 1601 1770 ipsam
1639 1707 1902 1757 clarissime
1951 1724 2096 1774 super
2133 1709 2315 1759 tabella
2355 1712 2482 1759 circa

230 1784 359 1834 Solis
397 1783 607 1845 discum,
658 1783 781 1832 adeo
832 1789 887 1831 ut
924 1785 1048 1832 inter
1087 1781 1272 1831 discum
1311 1773 1441 1829 Solis
1480 1785 1529 1829 et
1567 1779 1692 1829 hanc
1729 1781 1967 1831 fimbriam
2014 1782 2346 1832 discriminans
2382 1789 2482 1832 ter-

227 1858 385 1907 minus
422 1871 520 1906 non
558 1861 806 1921 appareat,
846 1870 1002 1919 eoque
1041 1855 1172 1905 Solis
1210 1853 1444 1904 diameter
1481 1859 1610 1903 certo
1647 1853 1804 1916 major
1836 1855 1973 1918 justo
2011 1861 2128 1905 tunc
2165 1855 2434 1919 colligatur.

374 1934 513 1993 Quae
550 1944 706 1978 causa
743 1935 825 1990 est,
865 1944 958 1978 cur
983 1927 1151 1977 Luna
1188 1913 1245 1975 in
1282 1925 1521 1976 totalibus
1557 1926 1820 1988 eclipsibus
1855 1935 2004 1978 tanta
2042 1931 2286 1977 varietate
2323 1944 2480 1993 appa-
2542 1935 2546 1939 ’

227 2010 352 2062 reat,
391 2002 648 2051 interdum
684 2004 886 2087 penitus
910 2004 1194 2062 amittatur,
1234 1999 1489 2048 interdum
1530 1998 1896 2050 evidentissimo
1933 2001 2118 2050 rubore
2154 2002 2233 2050 vel
2269 2007 2372 2051 tota
2405 2003 2482 2050 vel

228 2079 283 2125 in
315 2082 466 2138 parte
508 2074 732 2138 corporis
767 2077 979 2135 eniteat,
1028 2088 1120 2122 nec
1166 2087 1360 2134 semper
1412 2086 1472 2120 ea
1509 2072 1789 2134 aequaliter
1838 2074 1910 2122 ad
1943 2074 2157 2123 umbrae
2191 2076 2478 2136 maryinem

222 2150 522 2211 proximum
568 2162 714 2196 versa
723 2184 757 2209 ,Α
795 2146 881 2195 sed
929 2140 1225 2195 altrinsecus
1277 2145 1431 2193 latius
1481 2144 1813 2194 eaecurrente‘?
1874 2145 1978 2195 Nec
2014 2148 2260 2210 proprium
2310 2146 2478 2196 Lunae
2553 2166 2554 2169 ¹

229 2221 391 2270 lumen
427 2223 477 2268 in
517 2234 665 2273 eausa
702 2225 799 2280 est,
850 2225 978 2268 esset
1026 2221 1152 2268 enim
1200 2224 1512 2280 perpetuum,
1561 2215 1734 2266 saltem
1778 2219 1827 2265 in
1866 2218 2036 2268 eadem
2074 2225 2211 2282 parte
2251 2221 2478 2282 corporiS‚
2551 2277 2554 2283 ¹

231 2308 323 2343 nec
359 2293 445 2342 illa
481 2293 756 2342 substantia
791 2291 956 2341 lucida
994 2293 1121 2340 circa
1157 2290 1320 2339 Solem
1359 2292 1410 2338 in
1446 2291 1553 2352 ipso
1593 2289 1808 2351 aethere,
1853 2291 2147 2341 illuminaret
2183 2293 2311 2340 enim
2350 2292 2481 2340 ordi-

227 2371 341 2416 nate
379 2365 458 2415 vel
495 2370 647 2414 totam
686 2365 765 2414 vel
803 2364 935 2414 solas
962 2365 1290 2414 extremitates
1327 2363 1574 2425 marginis,
1614 2363 1814 2412 umbrae
1839 2367 2098 2426 proximas.
2162 2363 2260 2415 Sed
2286 2370 2479 2427 oportet

229 2444 284 2488 ut
319 2439 461 2489 Luna
510 2444 647 2501 parte
685 2437 771 2486 illa
808 2438 1043 2500 corporis,
1096 2450 1222 2499 quae
1259 2435 1423 2496 rubet,
1476 2433 1660 2484 incidat
1699 2437 1748 2483 in
1785 2436 1946 2486 radios
1985 2437 2479 2499 Solissecundarios,
2550 2427 2554 2439 ⁴

227 2511 322 2561 hoc
360 2518 434 2562 est
471 2512 519 2558 in
556 2514 668 2577 aere
698 2515 864 2558 nostro
904 2511 1031 2558 circa
1051 2509 1250 2558 Terram
1287 2508 1394 2557 fuso
1435 2508 1510 2556 bis
1548 2508 1794 2568 refractos,
1833 2509 1985 2559 semel
2021 2511 2072 2558 in
2107 2513 2347 2573 ingressu,
2387 2512 2481 2559 ite-

228 2600 334 2633 rum
371 2587 420 2632 in
459 2598 678 2647 egressu:
719 2583 894 2646 quibus
927 2583 1051 2649 ipsis
1090 2581 1237 2631 radiis
1276 2579 1426 2630 semel
1463 2581 1511 2627 in
1549 2581 1771 2643 ingressu
1807 2583 2026 2632 refractis
2062 2597 2153 2631 nos
2194 2581 2359 2631 Solem
2402 2585 2479 2631 vi·-

231 2657 424 2719 demus,
475 2671 584 2706 cum
631 2659 672 2705 is
712 2655 872 2704 adhuc
908 2656 1034 2705 infra
1071 2660 1302 2704 nostrum-
1325 2653 1625 2702 horizontem
1670 2660 1771 2715 est,
1823 2661 1872 2704 et
1921 2655 2145 2705 videmus
2197 2655 2393 2718 quidem
2432 2662 2480 2705 et

229 2732 401 2794 ipsum
426 2735 542 2779 tunc
579 2730 845 2778 rubentem.
924 2727 1046 2777 Cum
1085 2721 1212 2777 enim
1238 2727 1289 2774 hi
1324 2726 1447 2776 radii
1474 2726 1624 2776 semel
1661 2727 1853 2776 refracti
1892 2730 1989 2777 sint
2011 2728 2172 2778 adhuc
2207 2733 2309 2777 tarn
2348 2728 2478 2789 clari,

231 2809 285 2852 ut
323 2803 450 2853 diem
486 2817 633 2866 penes
672 2816 760 2851 nos
801 2798 1110 2874 (quanquam
1146 2814 1243 2849 non
1270 2799 1604 2865 clarissimam,
1642 2805 1696 2848 ut
1721 2815 1751 2848 a
1788 2799 1920 2850 nudo
1959 2807 2008 2850 et
2044 2799 2167 2850 sudo
2194 2798 2327 2855 Sole)
2369 2802 2478 2850 effi-

236 2878 378 2937 ciant,
419 2879 646 2939 poterunt
683 2876 829 2923 etiam
867 2873 1080 2924 secundo
1119 2875 1168 2920 in
1209 2875 1340 2922 exitu
1379 2887 1548 2921 versus
1574 2872 1762 2921 Lunam
1798 2875 1991 2923 refracti
2029 2873 2298 2923 claritatem
2332 2875 2381 2922 in
2421 2889 2480 2924 ea

234 2951 422 2998 causari
454 2963 551 2998 non
576 2947 728 2996 multo
755 2949 1000 2996 minorem.
1076 2946 1214 2995 Haec
1252 2960 1399 2995 causa
1425 2951 1499 2994 est
1536 2944 1712 2994 idonea
1749 2946 1814 2994 ad
1836 2945 2291 3010 repraesentandam
2331 2947 2478 2996 effec-

203 3022 310 3069 ·¹tus
346 3022 478 3070 illius
517 3023 814 3070 varietatem.
889 3019 1016 3068 Nam
1053 3018 1258 3068 circulus
1294 3018 1377 3067 ille
1403 3017 1612 3067 Telluris
1648 3033 1734 3068 seu
1758 3018 1893 3082 globi
1930 3018 2249 3079 elementaris,
2291 3035 2350 3069 ex
2378 3035 2475 3083 quo

235 3094 404 3142 umbra
441 3094 617 3143 Terrae
657 3094 832 3156 quovis
869 3097 1112 3142 momento
1152 3092 1383 3154 assurgit,
1424 3090 1638 3140 tenditur
1672 3106 1758 3154 per
1796 3106 1962 3141 omnes
1997 3105 2172 3152 zonaS,
2222 3106 2476 3142 excurrens

234 3166 296 3214 ab
334 3180 429 3214 uno
468 3166 621 3230 polari
660 3165 723 3215 ad
762 3167 1052 3229 oppositum,
1093 3167 1216 3214 aeris
1253 3178 1371 3213 vero
1411 3165 1693 3214 constitutio
1731 3179 1818 3227 per
1855 3163 2072 3213 diversas
2094 3178 2244 3213 zonas
2285 3171 2359 3214 est
2397 3165 2474 3214 di-

236 3251 391 3298 versa,
432 3253 579 3300 quare
618 3240 764 3288 etiam
799 3238 1111 3288 retractiones
1151 3237 1435 3301 quantitatis
1472 3250 1570 3285 non
1606 3240 1748 3286 unius
1775 3232 2069 3286 causabitur.
2146 3237 2221 3285 De
2258 3237 2333 3285 his
2360 3237 2473 3288 vide

237 3309 378 3373 plura
414 3312 463 3357 in
489 3310 615 3358 Astr.
643 3311 789 3360 Parte
817 3309 929 3374 Opt.
955 3307 1040 3367 fol.
1081 3313 1201 3358 271.
1242 3315 1290 3359 et
1314 3310 1596 3372 praesertim
1633 3308 1717 3359 fol.
1739 3310 1858 3358 279.
1897 3308 2105 3359 schema.
2141 3317 2210 3370 (ΙΙ,
2233 3319 2335 3360 300.
2358 3316 2473 3372 304)
2513 3325 2518 3335 ·

235 3382 361 3432 Item
397 3383 447 3428 in
484 3383 836 3433 Dissertatione
874 3398 983 3433 cum
1020 3383 1209 3432 Nuncio
1248 3381 1447 3432 Sidereo
1483 3381 1567 3432 fol.
1611 3383 1694 3431 20.
1755 3378 1970 3440 (11.498)

385 3454 442 3503 Si
475 3458 649 3516 nequit
673 3455 827 3504 Luna
859 3458 1062 3519 privari
1098 3457 1289 3505 lumine
1326 3455 1456 3505 Solis
1491 3461 1635 3504 extra
1669 3455 1862 3502 lineam
1891 3456 2231 3521 oppositionis,
2266 3470 2358 3518 per
2379 3456 2474 3506 So-

241 3528 351 3588 lem,
390 3528 553 3575 visum
591 3533 635 3574 et
659 3527 864 3576 Lunam
902 3529 1205 3590 traductam,
1244 3530 1333 3591 qui
1366 3529 1422 3591 fit
1456 3529 1629 3612 iyitur,
1665 3524 1800 3589 quod
1832 3517 2084 3574 interdum
2111 3528 2199 3577 Sol
2235 3534 2281 3576 et
2317 3528 2472 3578 Luna
2520 3579 2523 3586 ,

241 3601 476 3662 eclipsata
511 3599 662 3646 simul
696 3613 852 3662 supra
888 3601 1195 3650 horizontem
1233 3608 1278 3650 et
1312 3604 1381 3649 sic
1414 3614 1520 3649 non
1543 3602 1601 3648 in
1635 3613 1744 3646 una
1767 3597 1904 3646 linea
1939 3605 2074 3648 recta
2098 3602 2470 3662 compareant?

243 3672 404 3735 Hujus
439 3671 509 3720 rei
535 3670 727 3733 culpam
764 3674 967 3722 sustinet
990 3677 1086 3735 aer,
1127 3687 1223 3736 quo
1243 3673 1405 3734 Terra,
1446 3670 1738 3721 domicilium
1765 3669 2027 3731 oculorum,
2066 3676 2282 3722 vestitur.
2344 3674 2470 3723 Nam
2518 3710 2520 3714 -

243 3743 368 3794 radii
402 3744 515 3792 hinc
547 3741 674 3792 Solis
710 3741 821 3791 inde
846 3742 1028 3805 Lunae,
1067 3747 1318 3809 utriusque
1354 3745 1444 3794 sub
1481 3744 1729 3797 horizonte
1765 3744 2018 3805 versantis,
2059 3746 2143 3795 ubi
2169 3745 2471 3809 superficiem
2549 3765 2554 3775 ¹

247 3818 371 3870 aeris
408 3817 678 3882 tetigerint,
729 3819 784 3864 ut
819 3815 963 3866 medii
1001 3816 1257 3881 densioris,
1306 3818 1628 3882 refringantur
1664 3814 1885 3865 deorsum
1935 3815 1999 3866 ad
2037 3818 2228 3868 oculum
2266 3820 2314 3867 in
2351 3834 2468 3883 pro·
2511 3819 2516 3834 ¹
