2554 4140
880 144 1017 189 Liber
1047 142 1241 188 Tertius.
1302 141 1413 185 Pars
1446 142 1611 186 Tertia.
2272 146 2375 196 253

570 293 656 341 De
706 292 934 341 diebu-s
982 299 1041 340 et
1087 292 1378 341 noctibus
1429 289 1920 339 artificialibus».

264 411 460 474 Quibus
500 410 897 470 proprietatibus
935 409 1324 470 distinyuuntur
1371 409 1503 453 inter·
1539 421 1588 452 se
1625 406 1850 453 diver-sae
1885 413 2056 467 partes
2095 408 2225 455 anni
2265 421 2377 454 ver-

116 483 296 532 tentis?
347 482 553 530 Duabus
592 483 923 543 potissimum:
966 479 1270 542 longitudine
1313 483 1360 526 et
1399 479 1637 527 brevitate
1679 477 1862 525 dierum
1901 481 2215 544 noctiumque
2255 481 2375 526 arti-

115 556 360 615 ficialium,
401 560 449 602 et
487 554 662 602 caloris
701 549 989 616 frigorisque
1031 552 1382 600 vicissitudine.

267 639 409 704 Quid
441 643 649 701 proprie
687 647 756 688 est
792 639 938 702 apud
973 645 1285 687 astronomos
1322 636 1423 684 dies
1460 636 1537 683 vel
1574 649 1679 683 noa:
1731 635 2049 696 artificialis?
2098 636 2218 684 Dies
2257 639 2378 685 arti-

116 713 287 760 ficialis
329 720 402 761 est
439 715 670 774 temporis
710 715 948 776 spatium,
990 725 1085 774 quo
1125 718 1341 758 centrum
1381 708 1511 756 Solis
1551 708 1698 755 radiis
1736 707 1902 755 liberis
1944 714 1991 756 et
2028 722 2123 755 non
2164 709 2381 759 refractis
2423 771 2426 774 ἱ

115 801 261 848 supra
294 787 592 833 horizontem
634 785 920 834 rationalem
960 784 1164 846 spectari
1203 787 1393 844 potest,
1434 795 1546 840 nox,
1589 795 1736 843 quam
1776 779 1859 827 diu
1886 782 2022 839 infra,
2065 781 2178 829 licet
2203 797 2379 844 magna

117 867 165 906 et
203 859 404 906 diurnae
443 857 1057 920 propemodum-aequalis
1095 858 1157 903 sit
1192 854 1278 902 lux
1319 853 1591 917 crepusculi
1630 855 1680 900 in
1719 855 1877 901 noctis
1915 855 2157 902 extremis.

262 945 396 992 Sunt
436 947 591 1006 ἱρέων
627 945 722 992 hae
755 951 925 1006 partes
964 942 1061 990 diez·
1097 942 1355 990 naturalis
1393 944 1550 989 unius
1577 939 1678 988 dies
1714 947 1760 988 et
1797 954 1899 988 nox
1927 940 2245 1002 artificialis?
2278 940 2381 989 Ac-

117 1024 280 1066 curate
329 1017 574 1079 loquendo
629 1017 731 1066 dies
778 1031 902 1064 unus
948 1014 1235 1076 artificialis,
1288 1015 1337 1060 in
1389 1028 1486 1077 quo
1526 1012 1725 1076 quidem
1765 1012 1851 1061 Sol
1900 1013 2048 1060 oritur
2096 1019 2143 1060 et
2183 1013 2374 1073 occidit,

117 1089 349 1138 dividitur
387 1092 434 1136 in
475 1092 582 1152 ipso
620 1092 696 1138 sui
736 1090 895 1138 medio
935 1090 1058 1136 intel
1098 1087 1219 1135 duos
1260 1087 1362 1135 dies
1401 1085 1676 1146 naturaleS,
1719 1100 1925 1148 quor-um
1965 1100 2088 1133 unus
2130 1088 2291 1148 coepit
2330 1088 2378 1132 in

117 1163 319 1211 meridie
371 1162 707 1221 antecedenti,
758 1163 880 1210 alter
930 1160 1093 1208 finitui
1140 1163 1188 1207 in
1240 1159 1439 1209 meridie
1489 1160 1729 1226 sequenti.
1804 1159 1914 1207 Nox
1955 1172 2068 1207 velo
2109 1158 2377 1207 artificialis

118 1251 232 1299 pars
272 1241 346 1284 est
382 1240 526 1283 unius
565 1235 724 1283 solum
776 1250 833 1283 ex
872 1235 1005 1283 hisce
1046 1233 1236 1281 duobus
1276 1233 1447 1281 diebus
1485 1232 1811 1292 naturalibus,
1864 1231 2050 1280 scilicet
2087 1231 2378 1280 antecedens

117 1307 464 1368 antecedentiS,
502 1322 714 1370 sequens
753 1322 870 1356 velo
909 1309 1172 1368 sequentis.
1248 1306 1310 1355 Et
1349 1313 1477 1364 tunc,
1519 1305 1715 1367 quando
1755 1305 1939 1353 scilicet
1961 1304 2046 1352 Sol
2086 1305 2305 1353 occidere
2332 1311 2381 1353 et

119 1383 230 1430 oriri
280 1388 469 1445 potest,
525 1381 628 1429 dies
666 1379 934 1441 artificialis
984 1382 1140 1427 minor
1179 1394 1295 1434 sane
1324 1385 1420 1427 ‘est
1470 1378 1546 1426 die
1594 1377 1806 1426 naturali
1854 1380 2103 1440 partisque
2142 1379 2379 1435 rationem

117 1454 284 1513 habet,
322 1468 419 1502 non
459 1455 618 1501 minus
658 1469 803 1516 quam
844 1455 978 1501 socia
1017 1467 1122 1513 sua,
1160 1466 1253 1499 nox
1294 1451 1576 1500 artificialis.
1655 1451 1721 1498 At
1758 1450 1839 1499 ille
1881 1451 1982 1499 dies
2011 1449 2297 1512 artificialiS,
2332 1452 2379 1498 in

117 1541 215 1590 quo
255 1526 340 1576 Sol
381 1528 552 1589 nequit
588 1526 887 1575 horizontem
922 1527 1099 1586 subire,
1140 1527 1446 1587 componitur
1485 1539 1543 1573 ex
1583 1524 1772 1587 aliquot
1797 1526 1995 1586 integris
2037 1523 2210 1573 diebus
2237 1530 2384 1573 natu—

71 1600 75 1603 ’
118 1600 316 1648 ralibus.
394 1599 455 1646 Et
505 1614 603 1647 nox
655 1599 921 1647 artificialis
974 1599 1081 1658 illa,
1133 1599 1183 1644 in
1232 1613 1329 1659 qua
1369 1597 1454 1646 Sol
1504 1613 1588 1661 per
1624 1597 1980 1646 revolutionem
2021 1596 2242 1646 diurnam
2282 1612 2376 1646 non

116 1679 279 1735 potest
317 1673 435 1720 eniti
472 1687 619 1733 supra
655 1662 971 1733 horizontem,
1014 1673 1320 1734 componitur
1357 1671 1578 1719 similiter
1617 1684 1675 1718 ex
1715 1671 1904 1733 aliquot
1932 1670 2104 1720 diebus
2142 1671 2376 1720 naturali-

120 1748 212 1795 bus
255 1747 473 1808 integris.

188 1811 192 1814 ’
270 1817 409 1882 Quid
444 1833 561 1880 erqo
599 1821 734 1866 eirca
771 1818 858 1867 hos
894 1816 996 1865 dies
1032 1823 1292 1879 noctesque
1327 1819 1602 1879 praecipue
1641 1818 1778 1864 venit
1814 1818 1869 1863 in
1895 1815 2382 1871 considerationem?

120 1891 210 1940 llla
235 1893 447 1939 maxima
473 1890 656 1939 dierum
684 1892 994 1953 noctiumque
1021 1890 1347 1953 inaequalitas
1375 1905 1461 1953 per
1487 1889 1725 1939 diversas·
1747 1895 1848 1937 tam
1886 1890 1999 1937 anni
2036 1897 2196 1953 partes
2235 1904 2384 1953 quam

50 2027 53 2029 .
117 1964 357 2028 sphaerae
394 1965 599 2028 positus.

268 2037 385 2100 Qua
420 2051 663 2084 mensura
699 2039 940 2084 metimur
976 2036 1109 2083 hanc
1147 2036 1601 2098 inaequalitatem?
1648 2035 1880 2084 Metimur
1908 2050 2016 2094 eam
2057 2035 2247 2090 circulis
2276 2035 2384 2085 die-

118 2125 223 2158 rum
261 2109 557 2158 naturalium
598 2124 861 2172 eorumque
901 2109 1138 2170 arcubus3
1179 2109 1420 2157 efferimus
1460 2123 1574 2157 vero
1612 2107 1967 2170 longitudinem
2009 2108 2247 2170 cujusque
2286 2124 2381 2157 nu-

118 2197 251 2232 mero
289 2182 517 2231 horarum
557 2181 989 2245 aequinoctialium
1029 2197 1114 2230 seu
1155 2181 1437 2246 mediarum,
1479 2189 1565 2229 aut
1602 2184 1749 2230 etiam
1789 2181 1976 2237 dierum
2012 2182 2323 2230 naturalium.
2361 2185 2368 2193 '

268 2255 404 2319 Quos
450 2255 572 2303 dicis
622 2257 833 2304 circulos
883 2255 1083 2303 dierum
1121 2256 1444 2303 naturalium
1484 2262 1530 2303 et
1565 2254 1725 2317 quot?
1781 2254 2053 2303 Parallelos
2099 2257 2381 2317 aequatoris

125 2329 243 2390 180,
283 2343 341 2376 ex
365 2329 540 2390 quibus
568 2331 765 2377 extremi
806 2335 919 2376 sunt
947 2328 1042 2382 duo
1083 2329 1272 2390 tropici,
1312 2334 1580 2376 ceterorum
1621 2328 1828 2390 quilibet
1851 2342 1937 2389 per
1975 2329 2201 2376 binorum
2230 2328 2383 2391 eclip-

121 2403 253 2450 ticas
291 2401 528 2462 graduum
568 2403 813 2459 terminos,
853 2401 1123 2462 aequaliter
1163 2416 1192 2449 a
1230 2403 1420 2464 punctis
1462 2403 1659 2464 tropicis
1700 2400 1962 2460 distanteS,
2003 2407 2132 2450 sunt.
2156 2401 2380 2450 traducti.

270 2474 533 2537 Quomodo
570 2477 948 2522 constituuntur
973 2474 1024 2520 hi
1061 2475 1241 2523 circuli
1266 2480 1312 2521 et
1349 2489 1454 2536 qua
1479 2474 1772 2523 occasione?
1807 2473 1989 2522 Eadem
2014 2474 2380 2537 propemodum,

122 2562 219 2609 qua
266 2561 414 2608 supra
468 2554 605 2608 parte
659 2549 814 2609 prima
853 2554 900 2594 et
939 2548 1160 2609 superius
1200 2547 1322 2594 libro
1362 2547 1576 2595 secundo
1616 2546 1822 2597 circulus
1861 2546 2061 2607 stellae,
2118 2549 2210 2594 nisi
2252 2548 2382 2610 quod
2432 2593 2438 2597 .

121 2619 200 2667 1110
240 2613 291 2667 fit
330 2619 521 2667 duobus
556 2619 765 2667 Telluris
805 2615 1017 2667 motibus
1056 2621 1180 2667 inter
1217 2635 1269 2667 se
1309 2623 1605 2684 compositis,
1646 2635 1743 2670 uno
1783 2619 2065 2680 volutionis,
2108 2620 2260 2668 altero
2288 2622 2382 2668 cir-

121 2692 427 2741 cumlationis
467 2694 539 2752 (in
580 2686 702 2754 qua,
731 2698 785 2740 ut
824 2699 960 2756 parte
1000 2692 1215 2740 secunda
1254 2693 1457 2752 dictum,
1515 2695 1619 2741 axis
1664 2693 1926 2741 volutionis
1965 2691 2227 2742 translatus
2275 2707 2384 2742 ma-

267 2838 422 2901 Finge
463 2853 674 2900 namque
713 2839 891 2900 primo,
944 2853 1084 2887 axem
1132 2845 1179 2886 et
1227 2846 1442 2886 centrum
1482 2839 1691 2887 Telluris
1741 2853 1936 2886 manere
1984 2838 2092 2886 loco
2131 2852 2221 2888 suo
2261 2853 2381 2888 con-

123 2925 400 2974 nexumque
451 2926 556 2960 esse
610 2926 719 2958 eum
770 2919 934 2960 centro
972 2910 1101 2959 Solis
1149 2925 1232 2973 per
1279 2911 1460 2960 lineam
1508 2919 1712 2971 rectam,
1770 2925 1895 2974 quae
1944 2925 2027 2975 per
2076 2911 2381 2974 superficiem

125 2982 305 3033 Terrae
345 2984 549 3046 trajecta
588 2986 701 3044 erit3
753 2998 925 3047 corpus
979 2979 1123 3045 igitur
1163 2983 1398 3045 Telluris,
1450 2987 1498 3032 111
1549 2985 1641 3033 hac
1689 2984 2005 3046 dispositione
2059 2984 2384 3034 circumvolu-

121 3062 247 3117 tum,
287 3059 531 3106 secabitur
573 3058 617 3103 in
659 3055 912 3118 superficie
952 3058 1259 3105 circumcirca
1299 3058 1361 3106 ab
1400 3057 1493 3106 hac
1530 3056 1659 3106 linea
1699 3056 1877 3105 circulo
1917 3057 2156 3119 perfecto,
2205 3059 2275 3107 sic
2326 3064 2380 3106 ut

122 3131 273 3178 sectio
301 3130 472 3178 eodem
499 3130 663 3178 redeat
692 3129 818 3177 unde
859 3131 1034 3191 coepit.
1113 3128 1328 3178 Admitte
1355 3129 1569 3178 secundo
1610 3129 2043 3178 considerationem
2069 3130 2209 3192 hanc,
2251 3131 2383 3194 quod

123 3203 227 3250 axis
265 3202 474 3252 Telluris
524 3204 711 3250 interim
762 3216 1019 3264 parumper
1071 3203 1134 3250 sit
1187 3204 1532 3264 transpositus,
1582 3216 1737 3264 eoque
1779 3201 1883 3265 jam
1930 3202 2078 3266 paulo
2129 3204 2269 3254 aliter
2317 3204 2381 3252 ad

122 3273 284 3324 Solem
337 3275 614 3335 inclinetur,
668 3290 814 3338 quam
854 3276 901 3321 in
940 3276 1179 3337 principio
1228 3274 1496 3323 volutionis
1550 3277 1718 3336 unius;
1772 3290 1868 3337 quo
1908 3275 2098 3337 medio,
2148 3286 2200 3325 ut
2246 3284 2381 3340 parte

123 3346 335 3402 secunda
374 3347 654 3408 didicimus,
708 3347 793 3395 Sol
844 3346 983 3394 alteri
1034 3347 1255 3408 polorum
1302 3346 1520 3396 redditus
1574 3350 1636 3395 sit
1675 3348 1821 3410 paulo
1875 3350 2087 3413 propior.
2163 3350 2291 3413 Ergo
2331 3351 2379 3397 in

124 3418 218 3468 fine
266 3427 522 3484 susceptae
571 3421 891 3469 revolutionis
942 3418 1099 3479 linea,
1156 3428 1446 3468 connectens
1486 3427 1651 3469 centra
1686 3419 1816 3471 Solis
1855 3428 1903 3472 ct
1941 3421 2145 3484 Terrae,
2193 3423 2380 3471 secabit

120 3491 319 3554 globum
357 3494 535 3543 Terrae
583 3492 783 3557 propius
828 3491 994 3555 polum
1042 3499 1090 3540 et
1127 3493 1198 3541 sic
1236 3492 1483 3541 aberrabit
1521 3509 1550 3541 a
1587 3495 1823 3557 principio
1875 3497 2107 3544 sectionis
2146 3494 2378 3559 dabitque

121 3577 250 3615 novo
290 3567 469 3615 circulo
506 3568 823 3631 principium,
876 3571 1073 3614 nectens
1115 3564 1344 3613 circulum
1384 3580 1533 3614 unum
1573 3567 1798 3628 exsali0,
1854 3573 1906 3616 ut
1951 3567 2005 3616 fit
2045 3570 2093 3616 in
2131 3568 2377 3632 cylindris,

122 3637 174 3684 in
217 3652 340 3701 quos
387 3639 783 3704 agglomerantur
836 3638 930 3686 fila.
1006 3636 1153 3686 Tales
1204 3639 1349 3699 igitur
1396 3641 1552 3703 spiras
1601 3638 1747 3690 efficit
1799 3643 1846 3690 in
1898 3641 2151 3704 superficie
2200 3641 2378 3690 Terrae

123 3712 269 3760 series
306 3712 546 3773 locorum,
600 3727 804 3776 quorum
852 3712 1056 3760 vertices
1096 3709 1182 3759 Sol
1233 3713 1438 3761 transire
1472 3711 1663 3762 videtur
1700 3728 1786 3777 per
1837 3713 1934 3763 diei
1972 3716 2183 3776 annique
2225 3715 2378 3762 curri-

126 3780 262 3843 cula,
313 3783 434 3834 haec
470 3785 581 3835 loca
619 3785 869 3845 deserens,
928 3783 1021 3831 illis
1072 3785 1436 3846 superveniens.
1512 3779 1663 3834 Verbi
1702 3800 1851 3836 causa
1889 3786 2146 3836 Moluccae
2184 3785 2376 3835 insulae

125 3853 218 3904 hac
251 3858 376 3907 serie
415 3873 445 3907 a
482 3860 807 3922 septentrione
850 3872 1017 3907 versus
1059 3855 1307 3906 meridiem
1346 3857 1613 3922 dispositae
1652 3865 1766 3908 sunt
1804 3861 1927 3910 inter
1964 3874 2167 3923 magnas
2194 3857 2376 3909 insulas
