2554 4140
966 125 1312 183 Regiomontani
1342 130 1388 171 et
1415 124 1654 173 Waltheri.
2329 133 2430 181 733

179 274 456 324 Ptolemaei
495 279 544 322 et
582 279 798 337 tempore
836 273 1085 337 Tyehonis
1124 273 1260 343 nulla
1296 275 1439 324 fuerit
1477 277 1707 338 aequatio
1746 275 1991 337 secularis,
2032 273 2163 338 quod
2198 275 2431 322 incertum

179 354 267 409 est,
306 347 590 410 praesertim
630 343 696 395 de‘
727 345 1031 396 Ptolemaico
1069 347 1254 397 seculo.
1331 348 1456 397 Nam
1496 349 1626 411 quod
1665 348 1999 413 Tychonicum
2037 350 2223 408 attinet,
2265 347 2435 395 videor

169 435 238 470 ex
277 413 668 485 oppositionibi‘is
713 420 1017 484 acronychiis
1066 434 1154 483 per
1203 426 1357 470 totam
1396 421 1833 471 triacontaeteridis
1871 421 2122 485 periodum
2167 421 2272 484 jam
2317 434 2432 469 sen-

175 495 351 542 tiscere
391 492 612 542 effectum
652 495 964 555 aequ-ationis
1004 492 1252 544 secularis.
1329 494 1387 542 Id
1426 500 1589 542 autem
1626 495 1731 544 fieri
1757 494 1881 544 solet
1917 509 2013 543 non
2052 496 2099 542 in
2141 495 2432 556 aequatione

174 567 412 624 maxima,
464 572 579 614 tunc
619 567 748 614 enim
786 569 1034 629 quantitas
1072 567 1318 627 consistit,
1371 567 1644 616 insensibili
1683 569 1917 617 existente
1958 570 2208 627 varietate,
2259 566 2344 616 sed
2383 570 2431 615 in

174 641 467 701 aequatione
505 652 657 702 prope
696 640 848 700 nulla,
889 646 1004 688 tunc
1042 640 1171 688 enim
1210 639 1462 689 desinente
1489 640 1772 702 adjectoria,
1811 641 2069 703 incipiente
2094 642 2431 702 subtractoris,

176 712 254 761 vel
292 726 319 760 e
358 714 614 773 contrario,
657 719 891 775 quantum
929 717 1093 776 potest
1129 715 1342 762 maxima
1380 714 1598 763 sentitur.
1676 713 1804 776 Ergo
1832 714 2048 763 videmur
2075 721 2238 763 nostro
2264 712 2430 762 seculo

172 784 359 833 nullam
395 784 577 834 habere
613 780 651 850 ῒ)
695 785 963 835 secularem
1002 787 1358 848 aequationem.
1434 785 1510 834 Id.
1538 788 1579 834 si
1633 788 1703 835 sic
1740 787 1885 835 etiam
1923 786 2071 836 habet
2118 801 2226 836 cum
2264 786 2430 835 seculo

169 856 458 918 Ptolemaei,
498 865 627 907 recte
666 857 852 908 diducti
890 866 1029 908 erunt
1065 864 1225 909 motus
1262 855 1299 924 ῒ)
1342 859 1506 921 medii,
1543 874 1602 909 ac
1628 859 1829 922 proinde
1858 858 2175 909 Chaldaicum
2212 860 2429 910 seculum

169 930 410 993 indigebit
456 932 747 994 aequatione
792 933 1118 981 subtractoria
1156 947 1196 982 c.
1239 931 1346 995 27‘,
1401 935 1516 995 quia
1565 948 1624 982 ex
1673 934 1901 981 correctis
1950 933 2149 996 epochis
2202 940 2430 997 computo
2488 976 2491 987 ,

173 1001 230 1052 90
276 1004 324 1053 6‘
364 1001 434 1072 1η)
472 1019 541 1065 c.‚
583 1004 823 1054 debebam
865 1016 924 1054 ex
959 1005 1139 1054 indicio
1177 1005 1303 1055 fixae
1343 1013 1625 1070 computare
1667 1004 1724 1054 8⁰
1763 1003 1849 1056 39!
1890 1002 1972 1074 1η)

313 1076 558 1139 Quantum
610 1077 674 1127 ad
713 1083 898 1126 motum
936 1078 1173 1127 nodorum
1223 1081 1418 1141 attinet,
1475 1079 1789 1130 Ptolemaeus
1837 1079 1969 1128 nuda
2008 1078 2266 1129 traditione
2306 1094 2427 1129 con-

166 1154 345 1209 tentus,
386 1149 509 1197 illud
546 1149 705 1199 solum
745 1150 875 1212 dicit,
913 1151 1095 1200 nodum
1133 1153 1182 1199 in
1224 1149 1283 1201 30
1311 1150 1377 1220 {Ea
1419 1167 1541 1214 esse,
1580 1152 1627 1201 h.
1658 1168 1699 1203 e.
1740 1152 1940 1202 limitem
1983 1153 2030 1199 in
2070 1150 2128 1201 30
2158 1154 2269 1210 Q:
2309 1161 2427 1218 puto

165 1237 262 1271 non
301 1222 401 1270 ullo
440 1223 577 1271 illum
615 1223 713 1272 alio
751 1226 919 1272 nixum
957 1232 1241 1288 argumento
1279 1231 1619 1289 praeterquam
1657 1240 1730 1287 ec,
1773 1225 1906 1289 quod
1931 1221 1968 1290 ῒ)
2008 1224 2111 1274 Soli
2151 1229 2427 1289 oppositum

166 1296 448 1346 observavit
488 1298 537 1343 in
577 1293 634 1343 20
677 1298 791 1358 ss,
833 1307 881 1346 et
918 1297 1226 1346 latitudinem
1265 1299 1369 1361 ejus
1409 1300 1607 1348 boream
1659 1313 1909 1362 nunquam
1951 1300 2074 1348 alias
2115 1298 2429 1363 deprehendit

164 1370 413 1432 majorem,
455 1383 521 1419 sc.
564 1368 622 1418 3⁰
658 1377 1063 1434 praeterpropter,
1105 1378 1338 1434 quantam
1377 1372 1544 1421 definit
1582 1372 1779 1421 Saturni
1817 1375 2079 1421 maximam
2118 1374 2166 1419 iu
2204 1373 2327 1421 libro
2369 1374 2426 1422 de

163 1441 518 1504 latitudinibus,
562 1456 688 1504 quae
727 1458 846 1492 sane
885 1444 1031 1493 hodie
1070 1459 1265 1509 quoque
1305 1452 1466 1510 potest
1503 1445 1606 1494 fieri
1634 1442 1692 1494 20
1719 1444 1805 1494 48‘
1843 1448 1892 1494 in
1934 1447 2132 1495 boream
2173 1452 2220 1495 et
2260 1443 2318 1494 20
2345 1446 2427 1495 50¹

162 1518 211 1564 in
250 1520 484 1567 austrum.
570 1516 638 1564 At
675 1519 792 1580 quia
829 1517 1037 1566 latitudo
1075 1519 1202 1568 circa
1238 1518 1418 1568 limites
1469 1519 1518 1566 in
1556 1533 1736 1582 magno
1776 1533 1918 1568 arcus
1969 1518 2228 1569 intervallo
2267 1522 2428 1569 sensi-

162 1589 324 1638 biliter
371 1603 470 1637 non
522 1595 759 1651 mutatur,
811 1592 995 1639 incerta
1043 1592 1186 1640 nobis
1238 1594 1333 1642 ista
1381 1592 1670 1656 relinquitur
1714 1592 1896 1642 locatio
1940 1592 2057 1642 nodi
2106 1590 2168 1642 ad
2207 1598 2427 1657 tempora

161 1663 434 1712 Ptolemaei
480 1663 606 1711 intra
642 1663 824 1725 gradus
863 1663 1240 1727 complusculos.

307 1733 576 1785 Chaldaica
615 1736 811 1798 quidem
851 1738 1131 1787 observatio
1169 1733 1205 1803 ῒ)
1247 1739 1297 1787 in
1327 1737 1384 1788 90
1411 1734 1479 1807 1η)
1516 1738 1712 1788 exhibet
1745 1737 1794 1786 5¹
1829 1735 2036 1806 (tantum
2075 1741 2201 1789 euim
2239 1740 2425 1790 faciunt

161 1808 301 1871 digiti
341 1805 391 1873 2)
441 1809 566 1859 infra
617 1809 872 1859 humerum
919 1812 1167 1860 sinistrum
1206 1809 1298 1881 1η),
1350 1812 1489 1875 cujus
1537 1806 1807 1861 est'hodie
1857 1813 2065 1862 latitudo
2105 1812 2162 1860 2⁰
2203 1812 2285 1862 50¹
2324 1815 2424 1864 bor.

158 1897 248 1931 nec
297 1881 412 1930 olim
467 1881 567 1931 alia
614 1883 766 1932 multo
818 1885 981 1949 potuit
1017 1899 1153 1946 esse,
1210 1888 1435 1948 quamvis
1472 1884 1771 1934 luxationem
1811 1886 2063 1949 eclipticae
2111 1890 2420 1939 concesseris

158 1954 322 2004 Locus
361 1956 490 2002 enim
527 1955 654 2005 fixae
693 1958 741 2004 in
770 1953 841 2024 m)
879 1964 952 2006 est
989 1959 1038 2004 in
1079 1958 1316 2020 quadrato
1356 1973 1521 2008 earum
1550 1958 1770 2019 fixarum,
1810 1961 1860 2006 in
1888 1961 2065 2024 quibus
2103 1959 2292 2009 luxatio
2331 1963 2426 2010 ista

158 2030 364 2077 sentitur
402 2027 573 2089 hodie,
623 2030 664 2076 si
711 2029 1050 2092 obliquitatem
1089 2030 1376 2081 Ptolemaeo
1415 2046 1556 2080 suam
1606 2032 1873 2096 reliqueris,
1950 2034 2077 2096 Ergo
2114 2028 2150 2097 T)
2192 2035 2425 2083 minorem

156 2101 332 2151 habuit
370 2100 679 2150 latitudinem
719 2103 966 2152 borealem
1005 2119 1151 2168 quam
1193 2103 1251 2153 20
1291 2105 1399 2166 50¹,
1440 2105 1676 2167 majorem
1715 2120 1863 2169 quam
1902 2106 1961 2154 20
2001 2106 2109 2168 45¹,
2151 2108 2266 2170 quia
2301 2107 2425 2156 haec

156 2173 385 2238 scrupula
425 2177 454 2222 5
496 2174 755 2225 distantiae
806 2190 903 2224 non
941 2182 1075 2226 recta
1112 2178 1161 2224 in
1200 2177 1448 2228 meridiem
1495 2183 1717 2242 porrecta
1761 2186 1923 2241 erant,
1977 2180 2062 2229 sed
2115 2180 2319 2228 multum
2374 2183 2423 2228 in

157 2262 400 2308 oceasum,
441 2249 492 2295 vi
528 2250 665 2298 vocis
705 2243 960 2311 ὑποκατω,
1003 2265 1111 2299 cum
1148 2251 1247 2300 situ
1281 2245 1318 2315 ῒ)
1363 2252 1569 2302 occiduo
1610 2259 1934 2316 comparatae.
2000 2252 2053 2302 Si
2094 2267 2207 2316 ergo
2249 2253 2422 2303 habuit

153 2320 463 2370 latitudinem
506 2318 564 2368 20
589 2320 690 2383 48¹,
730 2324 772 2371 is
810 2325 916 2386 ipse
955 2323 1184 2373 modulus
1222 2331 1296 2375 est
1332 2324 1598 2375 hodiernae
1636 2325 1911 2375 latitudinis
1938 2327 2177 2376 maximae
2219 2327 2422 2389 boreae3

156 2392 298 2443 limes
351 2395 501 2458 igitur
551 2395 713 2458 potius
752 2397 801 2443 in
843 2394 900 2445 90
939 2393 1010 2465 up
1049 2403 1203 2459 esset,
1252 2397 1300 2447 h.
1342 2413 1383 2448 e.
1423 2398 1696 2449 Ptolemaei
1734 2398 1899 2448 seculo
1949 2400 1996 2446 in
2042 2398 2132 2449 13⁰
2171 2396 2253 2469 m)
2330 2401 2425 2450 Sed

155 2469 198 2515 si
235 2467 573 2516 Ptolemaeum
614 2466 673 2517 de
708 2468 965 2518 latitudine
1003 2471 1217 2520 maxima
1252 2465 1290 2535 ῒ)
1333 2472 1702 2537 interpretemur
1741 2487 1800 2521 ex
1838 2472 2071 2522 hodierna
2111 2475 2423 2537 experientia,

156 2546 211 2589 ut
246 2540 330 2590 ille
371 2537 429 2589 30
467 2539 642 2590 dixerit
677 2556 766 2605 pro
807 2539 866 2590 20
904 2541 1014 2604 48‘,
1067 2549 1217 2606 atque
1255 2547 1326 2594 ita
1363 2547 1510 2595 etiam
1559 2545 1665 2608 ejus
1716 2545 1993 2595 observatio
2034 2547 2333 2610 acrouyehos
2375 2549 2423 2594 in

155 2610 214 2662 20
255 2615 343 2671 ss
386 2627 484 2662 non
521 2614 756 2676 majorem
793 2615 1018 2665 habuerit
1059 2616 1376 2666 latitudinem·
1409 2616 1655 2682 quam·2⁰
1695 2617 1795 2687 4¹8ss
1838 2619 2145 2668 conficiemus
2187 2619 2329 2682 inde,
2371 2627 2423 2668 ut

155 2688 348 2749 utrique
388 2687 758 2736 observantium
794 2683 832 2753 ῒ)
875 2689 1019 2738 fuerit
1055 2689 1199 2738 limiti
1235 2692 1454 2754 vicinus;
1495 2706 1645 2754 quare
1683 2691 1848 2740 ar'cum
1887 2707 1918 2740 a
1958 2689 2112 2761 901η)
2149 2692 2197 2740 in
2227 2689 2286 2741 3⁰
2316 2694 2422 2754 ὲ,

153 2774 222 2809 sc.
264 2757 375 2824 24⁰,
413 2774 500 2823 per
535 2760 751 2810 medium
790 2762 976 2824 divis0,
1017 2769 1066 2812 et
1110 2761 1201 2811 120
1237 2763 1446 2827 adjectis
1484 2764 1547 2814 ad
1589 2762 1648 2813 90
1687 2762 1782 2832 m),
1825 2766 1986 2814 veniet
2026 2766 2164 2814 limes
2204 2772 2422 2829 tempore

152 2832 316 2882 medio
355 2835 404 2880 in
445 2830 540 2880 210
578 2831 682 2902 1η),-
723 2840 939 2898 tempore
978 2837 1126 2899 igitur
1162 2836 1435 2887 Ptolemaei
1486 2840 1535 2885 in
1576 2833 1671 2887 230
1711 2834 1804 2905 ΠῙ),
1848 2832 1940 2886 ’100
1977 2840 2219 2901 anteriuS,
2274 2854 2422 2903 quam

153 2908 258 2970 ipse
306 2905 518 2955 tradidit.
608 2905 763 2957 Omne
814 2908 1009 2972 quidem
1060 2909 1165 2973 ejus
1214 2911 1611 2960 observationum
1664 2919 1854 2974 tempus
1902 2906 1939 2974 ῒ)
1998 2914 2045 2959 in
2099 2911 2422 2962 descendente

154 2978 459 3029 semicirculo
513 2979 677 3041 habet,
743 2995 832 3040 nec
882 2989 1075 3046 poterat
1112 2984 1153 3032 is
1203 2986 1428 3033 contrarii
1480 2983 1786 3033 ascendentis
1838 2987 2142 3043 testimonio.
2169 2985 2419 3035 suffulciri.

149 3051 300 3102 Nulla
338 3054 485 3115 igitur
520 3052 756 3115 religione
795 3054 964 3118 ducor,
1016 3058 1132 3119 quin
1183 3056 1385 3107 limitem
1423 3057 1693 3106 Ptolemaei
1748 3057 1912 3107 seculo
1965 3064 2036 3107 tot
2086 3059 2318 3121 gradibus
2369 3061 2417 3108 in

150 3125 492 3175 antecedentia
528 3125 776 3188 reducam,
830 3131 1117 3192 praesertim
1156 3144 1264 3180 cum
1303 3131 1417 3180 hinc
1455 3133 1667 3181 varietas
1706 3129 1979 3180 latitudinis
2017 3133 2278 3195 proveniat
2317 3147 2414 3182 non

150 3199 308 3263 major
348 3198 412 3248 2¹.
1630 3207 1637 3210 “

297 3270 439 3322 Haec
488 3271 671 3322 locatio
709 3272 875 3323 limitis
925 3274 1172 3325 liberrima
1218 3276 1482 3340 plurimum
1520 3275 1726 3339 acquirit
1769 3276 2204 3328 verisimilitudinis
2244 3293 2303 3329 ex
2343 3294 2415 3343 ec,

154 3343 286 3408 quod
320 3345 422 3409 jam
459 3351 595 3394 motu
635 3345 794 3396 medio
835 3361 892 3396 ex
929 3347 1202 3399 Ptolemaei
1241 3355 1289 3399 et
1326 3348 1575 3414 Tychonis
1614 3348 1836 3411 epochis,
1885 3353 1956 3399 sic
1996 3350 2257 3414 ordinatis,
2299 3366 2418 3402 con-

152 3420 347 3480 stitute,
388 3426 436 3470 et
473 3417 536 3467 ad
575 3420 714 3468 initia
751 3433 910 3469 rerum
949 3419 1191 3482 derivato,
1238 3421 1395 3470 nodus
1436 3437 1581 3484 quam
1620 3423 1837 3484 proxime
1876 3431 2110 3487 punctum
2149 3426 2418 3488 aequinoc-

154 3491 273 3540 tiale
318 3493 375 3552 Υ
423 3494 582 3553 venit,
637 3492 1047 3556 quemadmodum
1087 3496 1234 3544 etiam
1274 3494 1493 3558 plerique
1532 3495 1616 3543 alii
1651 3500 1810 3544 motus
1849 3498 1898 3543 in
1937 3497 2200 3548 cardinalia
2237 3505 2419 3562 puncta

153 3562 374 3614 incidunt
412 3571 461 3615 et
483 3564 678 3614 Saturni
718 3568 870 3630 ipsius
909 3572 1070 3615 motus
1109 3567 1298 3617 medius
1335 3568 1451 3617 solis
1481 3564 1537 3616 5⁰
1564 3566 1648 3616 30¹
1678 3567 1804 3617 ultra
1829 3572 2190 3633 aequinoctium
2217 3578 2413 3621 autum-

156 3636 284 3687 nale.
363 3636 506 3701 Quod
548 3653 656 3688 cum
698 3654 789 3703 ego
829 3638 1295 3702 animadvertissem,
1336 3655 1426 3690 nee
1450 3640 1707 3704 impedirer
1744 3641 1806 3691 ab
1837 3644 2280 3706 observationibus,
2321 3643 2416 3692 ali-

154 3725 254 3773 qua
290 3710 514 3761 libertate
542 3715 626 3775 uti,
666 3714 792 3762 sicut
819 3712 999 3761 dictum
1028 3719 1116 3771 est,
1156 3715 1350 3763 omnino
1379 3712 1557 3763 indulsi
1582 3713 1696 3763 huic
1730 3716 2053 3779 speculationi
2080 3719 2205 3767 circa
2230 3716 2411 3765 nodum

154 3777 192 3847 ΐ)
236 3798 442 3847 eumque
488 3785 536 3833 in
577 3787 819 3835 communi
869 3799 1027 3835 rerum
1074 3787 1212 3836 initio
1262 3788 1311 3835 in
1351 3784 1410 3836 00
1451 3786 1507 3848 Υ
1554 3786 1711 3838 retuli.
1792 3789 1857 3839 At
1904 3792 1951 3838 in
2002 3796 2136 3839 motu
2174 3789 2333 3840 medio
2371 3786 2407 3855 ἲ)

157 3869 258 3907 non
308 3858 506 3921 permisi
554 3858 673 3908 mibi
722 3859 995 3911 libertatem
1045 3858 1194 3923 hauc,
1251 3859 1459 3911 addendi
1507 3875 1572 3914 sc.
1620 3856 1677 3910 5⁰
1718 3850 1804 3912 30¹
1852 3863 1914 3914 ad
1970 3867 2153 3913 motum
2201 3862 2413 3915 medium
