2554 4140
216 146 322 195 358
1054 138 1291 195 Epitomes
1322 138 1638 182 Astronomiae
1698 140 1702 142 ’

359 286 720 336 Duodecimum
766 302 797 335 a
843 288 979 336 toute
1012 293 1191 336 motuS.
1266 288 1394 336 Nam
1432 287 1812 336 demonstratum
1863 293 1940 337 est
1974 287 2121 336 modo
2160 286 2477 352 pluribusque

216 361 576 412 confirmabitur
614 361 764 422 infra,
820 374 1012 410 omnem
1050 368 1236 409 motum
1275 363 1491 422 quinque
1528 354 1861 423 primariorum
1914 359 2246 423 planetarum,
2298 363 2477 424 partim

216 437 362 485 etiam
399 433 810 494 secundariorum,
851 449 912 483 ex
950 434 1066 483 Sole
1104 435 1229 483 oriri.
1304 433 1516 481 Primam
1557 447 1673 481 vero
1697 440 1858 480 motus
1898 447 2096 482 causam
2123 448 2211 496 par
2248 440 2324 482 est
2349 435 2478 483 credi

213 505 513 561 immobilem
559 520 680 556 esse.
755 505 842 555 Sol
887 508 1036 569 igitur
1081 521 1169 553 suo
1218 506 1328 554 loeo
1380 506 1547 555 haeret
1599 505 1887 566 immobilis,
1945 511 1994 555 et
2042 519 2128 568 per
2174 520 2478 569 consequens

204 575 366 629 'Terra
404 583 628 627 movetur
666 594 828 628 annuo
868 586 1018 637 motu,
1060 581 1165 627 vice
1205 578 1350 626 Solis.

361 651 696 700 Tredecimum
737 653 800 701 ab
840 653 1169 700 instrumentis
1207 653 1441 700 motoriis.
1516 650 1643 698 Nam
1679 652 1721 699 si
1759 650 1924 699 Solem
1964 657 2012 699 et
2034 650 2235 699 Terram
2274 654 2480 714 patimur

216 727 343 773 circa
380 738 498 774 suos
548 740 666 774 axes
705 727 892 789 gyrari,
947 730 1061 772 tunc
1098 724 1271 772 horum
1310 737 1566 787 corporum
1602 725 1791 786 species
1827 723 1949 770 fiunt
1987 723 2211 784 subjecta
2249 726 2482 774 virtutum

214 799 530 858 moventium,
571 798 747 860 quibus
783 797 1012 860 planetae
1049 811 1135 845 sex
1173 812 1204 844 a
1241 796 1381 857 Sole,
1429 795 1572 844 Luna
1607 811 1638 844 a
1675 796 1827 844 Terra
1864 803 2133 844 moveatur.
2210 797 2276 845 At
2315 799 2357 847 si
2394 798 2480 848 Sol

217 872 438 920 circumit
475 884 637 921 annuo
675 877 811 918 motu
849 871 1130 933 quiescente
1167 870 1342 929 Terra,
1395 875 1510 917 tunc
1548 868 1652 918 Soli
1689 869 1935 917 movendo
1973 871 2162 931 species
2197 870 2335 919 nulla
2374 885 2482 920 cor-

218 945 364 1008 poris,
406 957 531 1005 quae
569 950 755 992 motum
793 943 981 1002 inserat,
1020 948 1217 1005 praesto
1237 949 1338 1003 est3
1377 957 1468 991 nec
1492 942 1657 1001 Tetra,
1694 944 1737 990 si
1768 956 1866 989 non
1906 940 2077 990 diurno
2103 949 2319 1005 tempore
2359 946 2484 993 circa

218 1031 360 1065 suum
399 1030 540 1064 axem
579 1021 852 1078 torquetur,
905 1014 1172 1077 quidquam
1210 1016 1375 1075 habet,
1414 1029 1512 1077 quo
1553 1015 1743 1063 Lunam
1779 1020 1992 1063 moveat.
2067 1015 2167 1064 Sed
2204 1016 2297 1065 hoc
2332 1030 2483 1080 argu·-

218 1086 434 1138 mentum
473 1090 628 1149 magis
667 1094 807 1149 urget
843 1093 1029 1136 motum
1068 1087 1308 1136 diurnum.
1368 1132 1370 1134 ,
2392 1121 2402 1127 c

364 1160 599 1222 Quartum
638 1160 877 1209 decimum
916 1176 948 1209 a
984 1167 1117 1209 motu
1146 1161 1465 1224 longitudinis
1505 1160 1603 1209 tale
1631 1167 1721 1209 est.
1797 1159 1850 1208 Si
1877 1159 1961 1207 Sol
2001 1166 2238 1221 movetur,
2278 1162 2483 1209 circum—

217 1241 417 1298 gestans
469 1234 658 1281 orbium
708 1235 926 1282 omnium
975 1241 1217 1297 systema,
1267 1237 1384 1282 novi
1435 1233 1555 1296 quid
1592 1233 1646 1280 fit
1690 1236 1821 1281 circa
1868 1234 2052 1295 ipsum:
2103 1233 2305 1294 aliquod
2355 1235 2483 1282 enim
2532 1256 2537 1267 ι

218 1321 392 1369 corpus
431 1307 652 1355 movebit
688 1321 740 1354 se
767 1308 941 1368 ipsum,
982 1313 1068 1356 aut
1106 1313 1233 1356 certe
1272 1308 1334 1355 ab
1375 1307 1645 1355 extrinseco
1670 1305 1907 1368 peculiari
1933 1313 2137 1366 motore,
2176 1319 2284 1354 cum
2324 1313 2484 1357 cetera

216 1380 446 1464 primaria
486 1393 688 1463 corpora
726 1384 1016 1428 moveantur
1054 1381 1116 1429 ab
1156 1394 1254 1428 uno
1293 1380 1537 1428 communi
1574 1377 1690 1427 Sole
1728 1385 1779 1427 et
1811 1380 1885 1427 sic
1920 1379 1984 1427 ab
2022 1378 2137 1438 alio,
2178 1393 2326 1449 quam
2363 1395 2396 1429 a
2420 1393 2483 1430 2⁸0
2518 1415 2534 1424 v.

216 1453 354 1516 ipsis.
431 1452 498 1500 At
545 1453 585 1499 si
635 1450 801 1500 Tellus
839 1459 1085 1501 movetur
1101 1455 1148 1500 in
1187 1453 1449 1511 circulum,
1500 1467 1531 1500 a
1569 1450 1685 1500 Sole
1733 1457 1784 1500 et
1828 1453 1939 1514 ipsa
1975 1457 2200 1500 movetur
2249 1459 2303 1500 ut
2341 1456 2484 1503 ceteri

218 1525 453 1588 primarii,
493 1526 635 1572 novi·
649 1524 772 1572 nihil
810 1524 1003 1574 accidit.
1077 1525 1254 1588 Itaque
1290 1525 1419 1574 hanc
1457 1523 1719 1573 verisimile
1756 1531 1831 1574 est
1867 1526 2070 1586 moveri,
2108 1526 2294 1588 quippe
2329 1539 2483 1590 appa·
2536 1529 2548 1543 '

219 1604 353 1646 rente
394 1596 645 1646 verisimili
685 1611 834 1646 causa
872 1599 979 1660 ejus
1017 1605 1194 1659 motuS‚
1236 1598 1401 1648 Solem
1441 1611 1556 1646 vero
1595 1598 1745 1646 fixum
1782 1604 1926 1646 stare.
2472 1629 2473 1633 =

365 1668 737 1731 Quindecimum
774 1678 1113 1734 argumentum
1153 1686 1185 1720 a
1223 1676 1357 1721 motu
1395 1670 1682 1720 altitudinis.
1758 1670 1942 1719 Partim
1982 1669 2165 1718 dictum
2202 1676 2277 1719 est
2307 1670 2413 1734 jam
2439 1677 2487 1720 et

220 1724 629 1792 demonstrabitur
675 1743 800 1793 infra
835 1742 1055 1807 plenius,
1107 1744 1331 1807 planetas
1381 1758 1549 1793 omnes
1587 1745 1637 1792 in
1675 1750 1810 1792 recta
1845 1743 1976 1792 linea
2025 1743 2215 1804 librari,
2270 1758 2398 1807 quae
2435 1746 2499 1792 in·

220 1816 385 1866 Solem
424 1818 596 1878 vergit,
637 1827 795 1879 exque
833 1816 928 1866 bac
963 1817 1221 1866 libratione
1260 1817 1394 1880 leges
1433 1823 1597 1880 petere
1636 1816 1899 1866 celeritatis
1938 1822 1987 1865 et
2013 1815 2265 1865 tarditatis
2292 1819 2484 1866 suasim
2530 1827 2533 1830 ’

221 1888 440 1953 quolibet
495 1887 759 1939 eccentrici'
789 1888 928 1949 loco,
982 1898 1036 1939 ut
1074 1893 1144 1940 ita
1181 1897 1364 1940 certum
1403 1892 1488 1950 sit,
1546 1889 1711 1941 Solem
1765 1891 1991 1939 omnibus
2029 1891 2498 1953 quinque:eausam.

218 1963 322 2012 fieri
360 1963 643 2010 variationis
682 1962 857 2024 hujus3
906 1962 1288 2014 demonstratum
1337 1977 1456 2012 vero
1495 1963 1652 2025 juxta,
1677 1968 1751 2012 est
1789 1965 1839 2010 in
1876 1963 2013 2012 Com.
2052 1962 2227 2012 Martis
2276 1968 2326 2012 et
2361 1964 2487 2012 iufra

218 2035 304 2084 lib.
343 2034 432 2092 VI,
472 2033 600 2082 idem
639 2034 799 2083 locum
837 2036 1018 2087 habere
1056 2038 1106 2084 in
1143 2036 1318 2095 Terra,
1371 2038 1412 2085 si
1451 2035 1536 2086 illa
1573 2041 1853 2095 moveatur,
1906 2034 2046 2098 quod>
2077 2042 2127 2085 et
2164 2035 2248 2084 illa
2283 2035 2487 2086 libretur

212 2110 269 2156 ,in
320 2106 555 2156 diametro
608 2122 776 2158 versus
813 2107 979 2158 Solem
1027 2116 1256 2171 extensa,
1305 2111 1596 2158 sinautem
1634 2108 1721 2158 Sol
1759 2107 2012 2157 statuitur*
2042 2110 2253 2170 moveri,
2305 2115 2434 2157 tunc*
2459 2124 2485 2159 e

222 2181 460 2230 contrario
500 2180 700 2230 Terram
736 2179 840 2230 Soli
876 2181 991 2230 fieri.
1018 2195 1217 2232 causam
1257 2181 1500 2230 tarditatis
1545 2189 1595 2230 et
1633 2180 1892 2230 celeritatis
1930 2187 1979 2230 et
2015 2183 2087 2229 sic
2125 2182 2272 2230 etiam
2310 2182 2494 2246 circuni,

223 2255 368 2302 tionis
406 2253 575 2315 ipsius.
654 2253 807 2316 Atqui
844 2268 1049 2317 corpora
1084 2257 1193 2317 ipsa
1231 2256 1548 2318 inspiciantur
1580 2254 1716 2304 ‚Solis
1753 2261 1803 2303 et
1840 2253 2079 2315 Telluris,
2133 2254 2316 2316 fiatque
2349 2254 2487 2317 judi·-

222 2328 364 2385 cium,
402 2331 562 2374 utrum
601 2328 665 2374 sit
702 2327 1043 2388 verisimilius,
1091 2328 1270 2388 Solem,
1310 2329 1493 2376 fontem
1532 2334 1691 2375 motus
1723 2329 1939 2389 quinque
1976 2327 2296 2389 planetarum,
2337 2326 2487 2377 Terra
2546 2362 2552 2365 -

224 2398 391 2448 multis
433 2399 623 2447 vicibus
661 2399 911 2462 majorem,
951 2416 1049 2450 una
1087 2415 1198 2452 cum
1226 2401 1309 2450 illo
1347 2400 1476 2449 nodo
1507 2402 1722 2462 quinque
1761 2406 2081 2464 systematum
2106 2399 2486 2464 planetariorum

221 2472 410 2521 moveri
463 2486 493 2519 a
547 2471 720 2532 Terra,
775 2487 837 2522 an
876 2488 903 2522 e
942 2477 1183 2524 contrario
1222 2473 1495 2534 Tellurem,
1551 2487 1699 2522 unam
1747 2474 1869 2522 inter
1906 2474 2188 2536 primarios,
2237 2474 2429 2523 moveri·
2456 2486 2488 2523 a

225 2545 468 2593 communi
508 2544 650 2592 fonte·
680 2551 840 2593 motus
880 2546 1191 2596 ceterorum?
1233 2546 1360 2596 Vide
1399 2548 1536 2595 Com.
1576 2545 1764 2595 Martis.
2424 2546 2479 2588 -l

369 2615 629 2666 Sedecima
667 2618 1039 2670 verisimilitudo
1079 2623 1144 2668 sit
1181 2622 1290 2679 ista,
1333 2619 1479 2682 quod,
1520 2633 1631 2668 cum
1669 2619 1794 2668 libro
1824 2619 1981 2682 primo
2002 2618 2167 2668 multis
2193 2587 2495 2693 argumeulin

223 2695 272 2739 et
297 2691 648 2740 contrariorum
684 2691 1016 2742 solutionibus
1041 2700 1230 2742 asserta
1265 2695 1331 2743 sit
1350 2693 1530 2742 Terrae
1566 2694 1747 2742 rotatio
1787 2691 1961 2740 diurna
1998 2693 2127 2741 circa
2164 2706 2305 2740 suum
2331 2702 2486 2753 επακ

221 2765 345 2814 inter
385 2777 511 2826 quae
549 2777 646 2812 non
683 2764 1010 2816 infirmissima
1046 2772 1183 2815 erant
1221 2767 1332 2827 ista,
1371 2765 1518 2828 quod,
1557 2766 1718 2828 posito
1746 2764 1925 2814 Ter-rae
1951 2764 2124 2814 diurno
2149 2771 2301 2826 motu,
2342 2777 2487 2815 cam
2551 2778 2554 2809 1

223 2842 271 2885 et
305 2835 464 2885 finalis
515 2841 564 2885 et
611 2838 992 2888 instrumentalis
1043 2854 1103 2888 ex
1154 2838 1323 2888 eadem
1379 2841 1486 2902 ipsa
1524 2838 1721 2888 Tellure
1759 2837 1950 2887 desumi
1986 2839 2145 2901 possit
2184 2837 2485 2900 obliquitatis
2551 2832 2554 2879 l

225 2908 505 2971 ecliptieae,
561 2923 765 2971 quorum
805 2917 1055 2972 neutrum,
1108 2914 1388 2974 quiescente
1427 2911 1602 2972 Terra,
1651 2910 1886 2974 explicari
1932 2916 2019 2960 aut
2067 2926 2099 2960 a
2132 2911 2345 2974 sphaera
2380 2913 2487 2974 ipe·

223 2982 450 3042 fixarum,
491 2983 538 3028 in
579 2997 678 3044 qua
715 2983 981 3043 zodiacus,
1009 2987 1110 3047 peti
1147 2986 1303 3047 possit
1341 2984 1460 3033 citra
1497 2991 1771 3046 respectum
1811 2984 1958 3046 hujus
1995 2985 2156 3046 exigui
2197 2981 2482 3047 corpusculss

227 3054 355 3115 quod
394 3054 544 3104 Terra
596 3054 792 3103 dicitur:
839 3057 943 3118 jam
995 3059 1141 3120 igitur
1176 3072 1334 3119 neque
1373 3057 1627 3106 translatio
1677 3058 1827 3106 centri
1868 3056 2078 3106 Telluris
2116 3057 2327 3120 amplius
2363 3055 2483 3105 adeo

179 3170 182 3173 .
226 3126 437 3175 absurda
486 3141 592 3176 esse
639 3130 811 3190 possit.
888 3129 1078 3179 Sufficit
1128 3137 1290 3179 autem
1342 3130 1738 3190 verisimilitudo,
1789 3132 1830 3179 si
1880 3144 1982 3178 rem
2033 3131 2188 3192 ipsam
2240 3126 2484 3196 requiram

227 3205 510 3260 argumenta
564 3201 768 3264 reliqua.
858 3202 983 3251 Nam
1032 3217 1119 3266 pro
1172 3205 1451 3252 necessario
1505 3208 1791 3266 argumento
1845 3216 1943 3252 non
1997 3202 2366 3252 venditandum
2369 3202 2491 3256 hc

229 3276 324 3330 est,
380 3273 494 3332 quia
546 3275 691 3322 etiam
736 3273 823 3324 Sol
867 3280 1118 3338 torquetur
1155 3276 1284 3326 circa
1319 3291 1464 3344 suum
1513 3291 1686 3338 axem,
1740 3282 1816 3326 est
1863 3282 2025 3325 tamen
2066 3274 2178 3324 loco
2226 3273 2480 3338 immobilb
2533 3333 2543 3355 .

227 3349 283 3392 ut
321 3349 466 3391 totus.
2299 3366 2304 3371 ·
2375 3349 2477 3397 ub

373 3414 760 3489 Septemdecima
798 3422 951 3468 ratio:
1007 3423 1048 3470 si
1087 3421 1238 3470 Terra
1288 3427 1424 3471 motu
1463 3436 1626 3471 annuo
1666 3422 1915 3480 circumit,
1968 3434 2065 3468 non
2104 3426 2296 3469 tantum
2332 3420 2481 3483 5ροί-
2531 3399 2542 3425 ’

227 3487 558 3541 translationis
596 3490 847 3552 eclipticae
886 3509 916 3541 a
954 3494 1062 3542 fixis
1101 3494 1166 3542 ad
1203 3494 1326 3547 alias
1364 3509 1562 3543 causam
1599 3496 1863 3558 reperimus
1900 3493 2299 3554 verisimiliorem,
2340 3497 2480 3559 quan
2532 3543 2535 3546 ,

229 3563 272 3611 si
316 3561 443 3610 hanc
492 3562 812 3611 variationem
850 3564 952 3613 Soli
1003 3569 1297 3626 tribuamus,
1349 3569 1536 3630 corpori
1575 3569 1758 3630 primo,
1808 3565 1892 3614 sed
1933 3568 2078 3615 etiam
2127 3566 2297 3616 eadem
2335 3567 2479 3631 opem
2527 3578 2543 3625 ,ῖ-

230 3635 466 3684 rationem
504 3632 747 3681 reddimus
784 3637 1056 3698 inaequalis
1094 3641 1444 3702 progressionis
1481 3640 1716 3690 nodorum
1755 3638 2160 3701 planetariorum,
2213 3645 2262 3687 et
2297 3637 2479 3693 adscito
2527 3631 2535 3679 ἲ

230 3722 322 3757 axe
361 3711 520 3755 motus
546 3704 724 3754 Terrae
763 3705 921 3755 diurni
960 3724 1131 3759 causas
1170 3713 1472 3774 explicamus
1509 3719 1723 3760 mutatae
1764 3711 2070 3774 obliquitatis
2106 3710 2533 3788 ecliptieae,-11ut

234 3786 283 3839 et
319 3777 526 3853 aliquus
562 3777 927 3852 inaequalitatis
965 3783 1011 3827 in
1051 3786 1389 3844 praecessione
1428 3786 1846 3850 aequinoctiorum
1886 3783 2053 3854 (quam
2091 3784 2286 3848 quidem
2325 3749 2531 3848 ipsam
2523 3828 2529 3835 .

2391 3873 2474 3919 nn
