2554 4140
176 100 279 151 696
299 139 304 145 .
517 136 521 138 ,
848 91 1128 138 Tabularum
1155 89 1549 149 Rudolphinarum

158 241 551 298 logarithmorum‚
602 235 895 281 subtrahatur
935 233 1129 291 angulus
1175 234 1349 290 primae
1388 241 1520 291 (quae
1561 241 1633 282 est
1667 239 1938 296 prosthaph.
1979 239 2119 297 orbis)
2157 239 2216 284 ab
2246 239 2411 296 angulo

157 306 405 360 secundae,
436 301 669 347 residuum
699 300 785 346 erit
814 299 1049 364 complem.
1079 299 1234 357 anguli
1259 299 1621 346 commutationis
1651 305 1913 360 requisitae.

302 368 574 425 Exemplum
604 381 706 412 cum
736 380 825 411 uno
858 367 1161 423 superiorum.
1770 408 1779 418 s

304 435 372 479 Sit
401 434 683 490 indagandus
707 432 898 488 angulus
921 432 1285 478 commutationis
1332 439 1373 490 (ς
1416 431 1732 477 stationarium
1753 434 1984 493 exhibens,
2014 434 2195 492 quando
2215 434 2254 478 is
2279 433 2418 478 habet

167 500 330 558 compl.
363 514 434 546 an.
469 500 666 546 eccentri
701 501 806 545 1690
837 500 922 544 32’.
982 500 1308 543 Praesumatur
1338 502 1504 554 autem,
1540 499 1806 544 anomaliam
1834 502 1892 559 Q
1921 507 2094 546 tantam
2124 501 2338 558 futuram,
2368 506 2420 547 ut

158 579 291 613 arcus
325 565 514 612 diurnus
547 566 589 610 ei
618 564 899 622 respondens
931 578 1033 608 cum
1063 577 1170 608 arcu
1192 565 1352 623 diurno
1389 570 1430 622 (ς
1477 564 1723 609 001181111181
1741 567 2081 622 proportionem
2107 566 2264 612 10405.
2317 566 2419 611 Erit

156 638 307 680 autem
337 637 446 677 tunc
476 631 701 677 anomalia
729 631 785 689 Q
816 630 894 676 53⁰
927 630 996 675 12‘
1027 630 1216 686 ejusque
1246 629 1480 686 proportio
1518 628 1758 673 distantiae
1788 643 1815 674 a
1846 631 1987 677 Terra
2018 633 2145 678 1092.
2220 636 2262 687 (ς
2306 644 2416 676 vero

156 713 184 744 a
197 699 254 757 Q
272 697 513 743 distantiae
530 702 735 743 curtatae
752 697 911 742 32520.
954 695 1116 752 Itaque
1135 696 1366 752 proportio
1383 694 1722 740 intervallorum
1738 699 2131 752 temporaneorum
2150 698 2235 743 erit
2256 697 2416 749 31428,

304 762 420 818 Quia
444 763 587 819 igitur
630 771 672 822 (ς
717 767 931 817 respectu
964 760 1082 805 Solis
1129 761 1187 804 sit
1225 761 1454 818 superior,
1499 759 1557 804 ad
1594 760 1744 816 ipsum
1784 756 2056 818 spectabunt
2082 763 2231 808 lineae
2263 763 2339 807 oA
2371 768 2416 807 et

156 830 240 875 AD
271 841 515 884 earumque
547 828 741 885 angulus
773 827 924 883 (CAD)
957 826 1042 871 erit
1071 827 1219 883 major
1257 832 1382 872 recto
1424 825 1680 883 quantitate
1711 839 1845 871 arcus
1878 829 2120 874 eccentrici
2155 826 2418 873 semidiurni

157 896 222 951 d,
268 893 346 951 qui
374 893 462 939 hoc
491 894 593 939 loco
627 892 867 940 eccentrici
910 898 982 937 est
1011 892 1082 938 34¹
1115 906 1179 948 c.‚
1223 905 1330 948 ergo
1371 904 1546 937 summa
1586 890 1776 948 duorum
1805 892 2082 949 reliquorum
2121 893 2180 938 ad
2209 893 2418 938 visoriam

158 959 242 1004 erit
272 959 348 1004 890
376 959 465 1005 43’.
524 958 596 1002 Ad
629 959 780 1004 Solem
820 972 948 1012 vero,
993 959 1072 1015 qui
1100 965 1315 1016 respectu
1346 961 1384 1011 d
1418 963 1487 1002 est
1514 955 1724 1013 inferior,
1771 958 2042 1013 spectabunt
2078 958 2276 1003 secunda
2305 958 2416 1014 (ΑΕ)

157 1031 203 1072 81
231 1030 395 1083 quarta
427 1025 550 1083 (AB),
583 1031 628 1070 et
659 1039 760 1072 cum
793 1038 926 1071 arcus
959 1025 1204 1071 eccentrici
1234 1026 1352 1071 Solis
1386 1024 1572 1070 diurnus
1605 1023 1665 1067 sit
1701 1035 1784 1079 per
1812 1022 1932 1068 hanc
1962 1023 2232 1069 anomaliam
2262 1024 2334 1070 58¹
2364 1038 2416 1078 c.‚

157 1094 243 1139 erit
274 1105 380 1150 ergo
409 1092 570 1136 harum
599 1090 820 1136 linearum
849 1091 1043 1148 angulus
1075 1092 1240 1148 (ΕΑΒ)
1271 1092 1349 1138 900
1372 1091 1455 1144 29’,
1486 1096 1531 1134 81
1561 1101 1735 1134 8111111118
1754 1087 2033 1145 reliquorum
2061 1090 2143 1136 890
2165 1090 2250 1134 31’.
2303 1088 2415 1133 Cum

156 1161 295 1218 igitur
325 1158 636 1204 distantiarum
665 1159 898 1215 proportio
930 1158 1157 1215 pertineat
1187 1158 1246 1203 ad
1276 1157 1466 1214 primam
1496 1155 1607 1211 (CA)
1639 1160 1686 1199 et
1715 1153 1960 1199 secundam
1982 1153 2112 1210 (ΑΕ),
2144 1155 2296 1211 sitque
2323 1152 2420 1208 jam

162 1226 330 1282 31428,
362 1224 575 1281 eJusque‚
621 1229 673 1268 ut
701 1224 982 1280 logarithmi,
1014 1237 1148 1269 arcus
1179 1223 1238 1268 sit
1266 1223 1347 1269 46⁰
1379 1224 1473 1281 55¹,
1514 1220 1680 1278 positio
1710 1220 1857 1276 prima
1886 1221 2040 1277 anguli
2070 1219 2317 1279 (intervalli
2364 1221 2402 1278 ὁ

162 1305 264 1336 011111
297 1289 482 1343 visoria)
524 1287 706 1333 debebit
752 1301 852 1334 esse
892 1289 1052 1334 minor.
1116 1292 1250 1342 (Haec
1289 1293 1519 1343 sequuntur
1562 1289 1705 1327 variae
1741 1289 1974 1339 positiones
2012 1288 2156 1340 anguli
2186 1290 2242 1344 G,
2288 1291 2421 1333 donec

157 1353 483 1403 manuscriptum
513 1351 620 1390 redit
650 1350 703 1389 ad
733 1354 894 1390 textum
927 1355 969 1390 et
1000 1351 1169 1391 exhibet
1200 1348 1232 1388 G
1264 1352 1493 1389 correctum
1523 1344 1603 1389 240
1632 1345 1738 1396 31’.)

310 1410 474 1449 Deinde
504 1410 639 1459 pergit
670 1410 1023 1460 manuscriptum:
1063 1406 1168 1451 Alia
1197 1404 1391 1450 faciliori
1420 1404 1493 1448 via
1522 1401 1885 1448 commutationis
1917 1402 2108 1462 angulos
2138 1404 2243 1451 illos
2273 1404 2422 1451 addis·
2487 1401 2492 1406 ⁸

161 1485 264 1519 cere
288 1473 364 1531 ,in
395 1471 583 1528 quibus,
627 1475 778 1515 stante
807 1470 1106 1527 unaqualibet
1134 1469 1434 1528 proportione
1464 1467 1825 1525 intervallorum,
1863 1467 1982 1515 fiunt
2011 1472 2255 1529 stationes,
2285 1470 2422 1529 idque

158 1543 339 1595 praeter
367 1541 568 1594 propter.
2036 1536 2041 1549 '

302 1604 599 1659 Praeceptum
620 1603 711 1652 105.
742 1602 961 1650 Methodo
988 1603 1085 1659 ,iam
1114 1602 1282 1648 tradita
1312 1601 1547 1664 construxi
1576 1599 1791 1646 tabellam
1819 1600 1866 1645 in
1896 1599 2085 1657 singulis
2115 1600 2310 1658 planetis
2339 1617 2422 1660 pro

137 1716 139 1718 .
160 1669 324 1728 angulo
346 1668 448 1726 isto,
479 1668 526 1712 111
547 1671 677 1727 quus
698 1670 899 1728 margine
921 1669 1104 1715 sinistro
1136 1672 1243 1713 sunt
1265 1667 1454 1723 numeri,
1475 1665 1726 1711 indicantes
1747 1666 2065 1724 proportiones
2086 1666 2424 1714 intervallorum

157 1740 426 1793 temporum.
459 1734 620 1791 Itaque
639 1749 723 1794 per
743 1736 890 1793 praec.
918 1734 1000 1780 104
1023 1734 1270 1779 constituta
1292 1733 1483 1787 sithaec
1502 1745 1607 1778 vera
1618 1729 2207 1789 'proportio-intervallorum
2230 1733 2287 1778 ad
2307 1740 2423 1780 tem-

156 1815 243 1859 pus
265 1800 431 1850 datum,
455 1806 745 1861 curtatorum,
768 1801 844 1847 ubi
867 1801 953 1846 erit
967 1811 1176 1846 necesse.
1207 1799 1332 1844 Haec
1350 1797 1559 1856 quaesita
1587 1798 1706 1843 inter
1723 1797 1948 1854 margines
1971 1811 1995 1843 e
2015 1798 2199 1855 regione
2221 1799 2423 1859 adscrip-

158 1866 256 1910 tum
276 1863 508 1911 exhibebit
537 1867 751 1923 angulum
783 1864 1145 1912 commutationis
1178 1864 1446 1921 quaesitum.
1499 1863 1560 1909 Ut
1589 1861 1697 1920 quia
1726 1863 1960 1920 proportio
1981 1863 2316 1910 intervallorum
2338 1865 2426 1912 fuit

159 1931 319 1987 31428,
350 1931 557 1988 quaesita
587 1931 714 1991 haec,
747 1933 894 1979 31000
923 1930 1104 1988 quidem
1134 1935 1185 1976 ut
1214 1930 1360 1976 minor
1391 1929 1576 1975 exhibet
1609 1930 1716 1975 170⁰
1737 1930 1792 1983 δ’,
1825 1929 1971 1975 32000
2001 1941 2120 1983 vero,
2151 1934 2202 1974 ut
2218 1930 2423 1990 proxime

163 1996 326 2054 maJ’or,
369 1995 447 2040 dat
478 1996 585 2042 1690
614 1999 700 2045 30¹.
760 1997 883 2053 Ergo
922 1996 1023 2053 ipsa
1052 1997 1288 2054 proposita
1319 1994 1444 2041 dabit
1478 1996 1584 2042 170⁰
1612 1996 1654 2041 0¹
1686 2008 1725 2040 c.
1785 1994 1889 2040 Non
1927 1999 1997 2040 est
2027 1995 2144 2040 enim
2186 2000 2424 2042 accuratus

164 2065 252 2110 iste
281 2063 465 2119 modus;
504 2061 672 2120 quippe
704 2077 805 2109 cum
837 2062 982 2108 eidem
1014 2063 1296 2121 proportioni
1326 2061 1666 2107 intervallorum
1695 2074 1788 2106 non
1818 2065 1978 2106 exacte
2008 2064 2237 2117 competat
2266 2059 2424 2106 eadem

160 2129 396 2187 proportio
428 2137 615 2173 arcuum
645 2142 702 2174 ex
734 2135 927 2185 utroque
956 2129 1112 2182 latere,
1145 2129 1267 2186 quod
1294 2133 1447 2174 tamen
1477 2128 1525 2173 in
1547 2126 1884 2174 constructione
1904 2124 2163 2171 tabularum
2192 2126 2423 2173 brevitatis

164 2206 302 2238 causa
328 2192 817 2251 fuitsssupponendum,
861 2207 923 2240 sc.
951 2194 1171 2239 distantia
1201 2198 1248 2239 et
1277 2207 1410 2240 arcus
1441 2194 1629 2240 diurnus
1661 2192 1857 2253 eccentri
1885 2192 1942 2251 Q
1972 2191 2140 2249 ubique
2169 2193 2425 2241 mediocris.

309 2255 487 2294 Lunae
527 2258 666 2295 motus
707 2260 748 2295 et
787 2257 1059 2308 aequationes
1100 2260 1354 2296 concernunt
1382 2260 1604 2307 praecepta
1646 2254 1870 2307 sequentia
1906 2265 2038 2307 usque
2076 2254 2130 2294 ad
2164 2256 2270 2305 133,
2315 2268 2422 2309 quae

163 2314 348 2353 maxima
393 2324 444 2351 ex
482 2317 599 2362 parte
641 2315 984 2354 annotationibus
1028 2315 1084 2354 ad
1121 2315 1345 2366 Epitomen
1386 2316 1615 2366 praemissa
1653 2316 1750 2355 sunt
1787 2311 1909 2366 (Gap,
1941 2311 2078 2352 XXV.
2122 2311 2195 2354 fol.
2229 2314 2314 2356 580
2353 2327 2424 2370 ss.,

168 2371 268 2422 Gap.
292 2369 454 2412 XXVI.
483 2370 559 2414 fol.
593 2373 679 2413 584
710 2385 777 2426 ss.,
810 2371 907 2423 Gap.
939 2372 1118 2413 XXVII.
1151 2371 1223 2415 fol.
1256 2374 1342 2415 588
1372 2370 1442 2427 s.)‚
1481 2374 1619 2424 iisque
1649 2372 1880 2412 inserviunt
1909 2370 2079 2410 tabulae
2110 2369 2425 2426 scrupulorum

167 2431 502 2471 menstruorum
553 2439 798 2483 eorumque
842 2428 1233 2486 logarithmorum,
1281 2427 1531 2486 particulae
1578 2427 1774 2474 exsortia
1806 2431 1852 2472 et
1881 2424 2141 2472 variationis
2171 2431 2258 2478 (fol.
2281 2431 2338 2472 82
2357 2430 2424 2486 8.),

162 2492 317 2537 tabula
347 2492 630 2549 aequationis
661 2492 857 2551 luminis,
901 2494 1180 2551 compositae
1212 2507 1268 2539 ex
1302 2493 1585 2550 aequationis
1622 2499 1880 2540 menstruae
1901 2492 2110 2549 portione
2139 2492 2422 2554 competente

161 2555 373 2610 reducta,
418 2557 642 2613 particula
687 2563 870 2603 exsorte
911 2563 956 2602 et
1001 2558 1249 2604 variatione
1289 2558 1550 2618 Tychonica
1589 2560 1671 2616 (fol
1701 2562 1775 2605 84.
1806 2558 1925 2615 85),
1973 2558 2131 2609 tabula
2169 2560 2420 2608 latitudinis

161 2622 319 2667 Lunae
358 2621 574 2679 simplicis
622 2637 714 2670 una
755 2639 856 2669 eum
898 2625 1161 2671 reductione
1207 2626 1295 2671 loci
1339 2626 1511 2676 orbitae
1551 2631 1591 2683 3)
1645 2625 1702 2671 ad
1741 2625 1993 2684 eclipticam
2027 2631 2118 2678 (sol.
2148 2633 2218 2674 86.
2250 2634 2344 2684 87.)
2376 2635 2422 2675 81

165 2686 318 2732 Canon
349 2688 670 2743 sexagenarius
701 2695 904 2735 motuum
934 2689 1183 2736 mediorum
1212 2691 1371 2738 Lunae
1402 2693 1491 2748 (fol.
1520 2695 1621 2742 88.).
1687 2703 1690 2706 ·

307 2747 359 2787 In
389 2751 682 2801 manuscriptis
704 2752 824 2792 Pulk.
847 2751 1053 2802 Keplerus
1084 2755 1302 2806 sequentia
1333 2753 1389 2794 ad
1410 2765 1500 2805 cap.
1522 2753 1658 2795 XXV.
1690 2755 1919 2807 praefatur,
1951 2766 2055 2807 quae
2085 2759 2231 2807 postea
2262 2761 2420 2798 mutato

168 2807 343 2847 consilio
378 2819 429 2846 ex
460 2813 579 2857 parte
610 2810 666 2849 ad
695 2820 787 2861 cap.
820 2809 921 2851 XX.
950 2811 1105 2853 retulit.

310 2876 678 2924 Introductio
724 2879 777 2924 in
822 2884 1192 2937 praeceptum
1236 2893 1478 2938 sequens
1524 2881 1598 2926 de·
1631 2881 2013 2940 computando
2059 2883 2183 2929 loco
2213 2885 2420 2941 Lunae,

165 2955 267 2987 seu
314 2942 638 2999 explicatio
679 2945 942 2990 theoriae
972 2945 1175 2992 Lunae.
1239 2947 1341 2992 Etsi
1378 2960 1469 2991 11011
1513 2947 1727 3004 cogitavi,
1772 2953 1949 3005 partem
1986 2948 2244 2997 tabularum
2271 2949 2421 2997 facere

167 3008 516 3067 explicationem
536 3009 870 3067 hypothesium,
903 3010 1010 3066 quia
1024 3010 1121 3067 jam
1143 3010 1312 3056 dudum
1345 3013 1400 3057 de
1422 3013 1510 3057 hac
1539 3025 1588 3056 re
1620 3012 1690 3069 egi
1718 3013 1765 3058 111
1784 3013 1907 3070 Epit.
1927 3013 2051 3059 Astr.
2084 3014 2194 3071 Cop.
2223 3020 2269 3059 81
2300 3016 2418 3074 quia,

169 3073 290 3128 quod
323 3074 515 3131 amplius
548 3074 636 3119 dici
665 3074 737 3120 vel
768 3081 922 3132 potest
950 3075 1022 3120 vel
1053 3075 1190 3121 debet
1220 3076 1277 3121 ad
1306 3077 1650 3123 instructionem
1671 3079 1991 3136 studiosorum,
2021 3079 2067 3124 id
2096 3079 2142 3124 in
2162 3079 2285 3124 aliud
2307 3095 2421 3139 opus

167 3141 486 3185 reservandum
516 3141 718 3186 videtur:
751 3143 926 3199 magnis
957 3147 1109 3188 tamen
1141 3143 1290 3190 causis
1319 3145 1502 3190 tandem
1530 3145 1693 3203 victus,
1723 3146 1810 3192 hoc
1830 3146 2085 3192 institutum
2105 3146 2225 3192 circa
2244 3146 2421 3194 Lunam

172 3207 327 3249 tenere
357 3219 447 3250 non
478 3209 620 3264 potui.

316 3270 515 3320 Primum
559 3273 675 3318 enim
712 3285 876 3330 magua
921 3277 991 3318 est
1032 3273 1311 3331 perplexitas
1357 3274 1405 3318 in
1444 3276 1714 3332 aequatione
1743 3277 1910 3335 triplici
1950 3281 2098 3323 motus
2127 3276 2419 3336 longitudinis

173 3334 310 3391 huJus
342 3336 512 3391 sideris,
545 3353 734 3395 quarum
766 3339 881 3384 duae
912 3339 1037 3385 solae
1066 3341 1326 3386 Ptolemaeo
1358 3346 1404 3387 et
1435 3342 1684 3399 Copernico
1717 3349 1846 3389 erant
1873 3348 2021 3398 notae,
2056 3344 2234 3390 tertiam
2265 3346 2419 3405 Tycho

171 3400 394 3455 Braheus‚
443 3405 699 3451 tabularum
741 3407 903 3450 harum
947 3408 1120 3462 primus
1160 3411 1319 3453 auctor
1359 3413 1406 3454 et
1445 3415 1755 3467 nuncupator,
1801 3409 1970 3455 invenit
2013 3413 2059 3455 et
2095 3413 2420 3468 superaddidit.

175 3468 346 3525 Quodsi
374 3469 460 3514 hae
490 3475 582 3516 tres
614 3473 907 3530 aequationes
939 3486 1022 3530 per
1051 3486 1211 3519 causas
1245 3487 1350 3519 suas
1383 3474 1680 3531 explicentur,
1713 3488 1769 3520 ex
1788 3477 1814 3521 5
1844 3474 2024 3518 omnino
2046 3474 2279 3523 elementis
2310 3493 2419 3526 con-

181 3540 303 3580 stare
345 3535 769 3595 deprehenduntur,
819 3554 934 3597 quae
966 3542 1115 3587 omnia
1155 3542 1212 3587 ad
1250 3541 1571 3586 moderandum
1603 3541 1829 3587 calculum
1853 3539 2122 3596 applicanda
2153 3555 2299 3600 exque
2329 3537 2423 3593 sui's

174 3601 504 3660 hypothesibus
537 3601 837 3659 depromenda
868 3611 986 3661 sunt,
1018 3620 1074 3652 ne
1106 3608 1206 3666 quis
1238 3607 1375 3664 hujus
1396 3608 1627 3653 varietatis
1648 3612 1741 3653 tam
1762 3618 1976 3663 operosae
2007 3607 2183 3664 culpam
2213 3610 2260 3655 in
2289 3624 2418 3668 prae-

178 3666 408 3778 celpltiones
437 3678 559 3711 meas
591 3668 807 3725 conferat,
839 3671 1024 3728 perinde
1055 3687 1109 3718 ac
1139 3675 1179 3719 si
1208 3673 1333 3719 nulla
1363 3674 1423 3719 sit
1452 3675 1499 3718 in
1520 3680 1855 3721 antecessorum
1877 3673 2130 3730 praeceptis
2163 3675 2416 3727 difficultas,

179 3746 207 3776 11
274 3745 302 3778 8
329 3745 379 3777 re
408 3733 507 3791 ipsa
535 3732 742 3778 varietas,

322 3797 528 3845 Secunda
567 3811 704 3847 causa
740 3798 919 3860 longius
959 3816 987 3848 a
1026 3817 1108 3851 sua
1146 3806 1393 3863 repetenda
1436 3810 1506 3852 est
1541 3786 1726 3862 origine.
1787 3805 1908 3853 Nota
1950 3811 2021 3854 est
2062 3819 2120 3854 ex
2157 3807 2417 3857 Ptolemaeo
2503 3794 2515 3803 ’
