2560 4100
197 149 226 196 6
797 139 848 182 In
886 137 1127 194 Epitomen
1158 137 1469 184 Astronomiae
1501 137 1833 194 Copernicanae

197 304 345 352 quem
384 289 526 337 finem
555 287 762 334 nomina
799 293 1055 335 ventorum
1093 287 1261 335 tabula
1299 292 1566 347 comparat,
1621 288 1669 332 in
1722 301 1820 348 qua
1864 286 2233 336 denominantur
2273 289 2440 350 lingua

195 363 494 418 Germanica,
536 359 724 419 Italica,
766 359 941 409 Latina
980 362 1197 422 (vetusta
1237 366 1284 407 et
1320 359 1571 422 moderna)
1611 365 1659 406 et
1686 357 1889 408 Graeca.
1967 360 2147 422 Quinto
2187 361 2441 409 traduntur

191 437 390 483 nomina
429 439 477 481 et
514 446 630 479 usus
669 431 875 480 aliorum
915 434 1214 491 circulorum,
1257 447 1403 493 quam
1440 439 1552 479 sunt
1589 431 1661 477 illi
1699 446 1896 480 numero
1923 434 1966 480 l.
1996 433 2193 493 definiti,
2224 441 2308 481 ut:
2352 451 2442 497 pa-

191 508 360 566 ralleli,
402 505 566 553 circuli
607 503 1306 564 declinationum,‚verticaleffi
1347 503 1512 552 circuli
1548 505 1845 567 positionum
1882 502 2105 570 (astrol).
2185 506 2443 555 Concludit

190 581 317 628 hunc
353 578 528 626 librum
566 578 812 639 elsplicans
853 577 1071 638 circulos,
1111 578 1286 638 quibus
1325 583 1525 623 utuntur
1565 578 1923 638 „gnomonici“.

334 650 486 698 Liber
522 653 711 705 tertius,
785 651 861 698 De
890 649 1107 698 doctrina
1125 651 1265 711 primi
1293 657 1489 706 motuss
1511 663 1658 710 quam
1686 649 1864 710 dicunt,
1892 649 2159 714 sphaerica.
2237 650 2440 712 Causae,

192 740 274 774 cur
312 726 494 787 primus
532 720 768 789 (diurnus)
808 729 965 772 motus
1003 724 1335 784 praemittatur
1359 722 1571 769 motibus
1598 723 1822 769 secundis
1848 720 2167 787 (planetarum
2193 725 2438 788 propr-iis),

190 799 283 847 hae
323 801 690 845 enumerantur:
746 796 829 844 ille
877 802 1037 843 motus
1085 797 1247 843 sensui
1294 795 1544 841 hominum
1584 795 1759 842 obvius
1800 802 1874 842 est
1914 801 1960 843 et
1997 797 2130 844 vitae
2167 798 2438 845 rationibus

190 871 348 932 magis
385 868 702 931 respondens,
756 869 805 915 hi
846 882 959 917 vero
998 873 1110 915 sunt
1151 865 1467 926 occultiores,
1509 867 1742 915 tardiores
1782 873 1830 915 et
1867 883 1897 915 a
1935 882 2080 915 sensu
2116 870 2434 931 remotiores3

192 943 375 992 deinde
416 944 596 1004 primus
653 947 811 998 motus
859 941 1065 1003 sphaera
1101 939 1436 988 tantummodo
1473 941 1714 988 materiali
1750 941 1936 1002 indiget
1972 946 2235 1004 possetque
2273 942 2354 990 vel
2394 945 2441 989 in

193 1019 299 1079 ipso
341 1015 477 1063 coelo
516 1016 770 1070 monstrari
809 1015 912 1061 sine
951 1015 1300 1073 instrumento,
1353 1013 1552 1061 secundi
1606 1020 1764 1061 motus
1817 1012 1986 1061 tabula
2025 1013 2170 1076 plana
2208 1014 2438 1077 indigent,

196 1095 243 1138 et
283 1104 354 1149 ea,
393 1102 518 1150 quae
546 1089 595 1133 in
624 1087 715 1134 hac
738 1086 887 1148 plana
908 1086 1076 1134 tabula
1104 1085 1505 1146 demonstrantur,
1548 1085 1804 1135 difficulter
1830 1086 2137 1149 applicantur
2170 1086 2306 1135 coelo
2333 1090 2440 1150 ipsi,

193 1163 286 1209 nisi
324 1163 456 1223 prius
494 1165 750 1223 perceptus
788 1162 850 1207 sit
887 1161 1068 1220 primus
1110 1165 1284 1206 motus.
1359 1158 1450 1206 His
1488 1161 1765 1221 praemissis
1805 1166 2145 1207 enumerantur
2170 1166 2349 1223 partes,
2390 1164 2439 1208 in

192 1250 312 1298 quas
354 1228 743 1281 dividitur-‘liber
782 1233 962 1292 tertius,
1004 1246 1188 1293 eaeque
1229 1237 1341 1279 sunt
1379 1233 1616 1296 quinque..
1689 1232 1821 1280 Pars
1849 1232 1899 1280 1.,
1950 1232 2024 1280 De
2053 1240 2160 1281 ortu
2188 1240 2236 1282 et
2262 1247 2436 1282 occasu

167 1307 419 1357 siderum.
483 1306 550 1353 Hi
579 1305 803 1354 differunt
828 1305 1093 1353 secundum
1118 1306 1332 1366 positum
1360 1305 1642 1369 horizontis,
1668 1318 1816 1367 quare
1844 1304 2205 1368 distinguuntur
2231 1307 2439 1368 sphaera

190 1387 337 1440 recta,
379 1378 579 1441 obliqua
618 1384 665 1426 et
701 1378 950 1440 parallela,
992 1384 1038 1427 et
1076 1381 1122 1424 in
1163 1377 1367 1440 singulis
1406 1378 1481 1426 his
1509 1384 1641 1426 ortus
1669 1391 1968 1440 occasusque
1997 1379 2206 1428 siderum
2237 1380 2440 1428 demon-

191 1459 402 1502 strantur
442 1464 703 1513 earumque
743 1453 1006 1500 varietates
1044 1457 1408 1515 proponuntur,
1464 1465 1610 1499 voces
1658 1450 1864 1498 altitudo
1901 1452 2031 1513 poli,
2073 1455 2350 1514 aequatoris
2390 1460 2437 1501 ct

190 1525 362 1574 stellae
400 1524 669 1572 meridiana
707 1523 1025 1586 explicantur.
1100 1523 1196 1572 Hic
1234 1526 1407 1571 iterum
1444 1523 1582 1572 locus
1622 1523 1761 1571 datur
1800 1523 2199 1573 demonstrationi
2226 1541 2440 1588 quarun-

191 1599 303 1647 dam
341 1599 687 1660 operationum
716 1599 765 1643 in
804 1599 1106 1658 gnomonicis
1143 1596 1771 1659 numerisque‘explicatur.
1849 1596 2168 1646 Altitudinem
2206 1599 2307 1661 poli
2363 1599 2441 1647 af·-

186 1672 346 1720 firmat
383 1670 623 1732 Keplerus
670 1684 859 1732 semper
907 1669 1112 1718 eandem
1167 1684 1394 1727 manere,
1450 1676 1617 1718 contra
1655 1670 1859 1718 aliorum
1898 1672 2204 1732 opinionem,
2260 1671 2438 1720 deinde

189 1745 343 1805 docet,
385 1743 628 1806 quomodo
668 1742 911 1791 metienda
949 1745 1011 1791 sit
1049 1742 1255 1790 altitudo
1295 1742 1467 1790 stellae
1505 1757 1592 1792 seu
1631 1743 1864 1791 distantia
1903 1744 2008 1806 ejus
2035 1759 2065 1792 a
2091 1747 2285 1804 vertice,
2328 1746 2439 1806 qui-

187 1819 291 1867 bus¹
318 1817 490 1866 mediis
529 1818 805 1865 inveniatur
841 1815 971 1864 linea
1008 1816 1297 1870 meridiana,
1350 1815 1609 1864 declinatio
1659 1816 1852 1877 stellae,
1905 1817 2112 1878 angulus
2151 1817 2212 1866 ad
2252 1816 2436 1880 polum,

186 1892 234 1939 h.
275 1906 316 1940 e.
358 1890 566 1953 angulus
605 1892 728 1939 inter
763 1889 1082 1938 meridianum
1121 1895 1170 1938 et
1208 1889 1440 1938 circulum
1479 1889 1816 1938 declinationis
1854 1889 2040 1951 stellae,
2082 1890 2289 1953 angulus
2317 1892 2439 1940 inter

180 1963 468 2013 ‘verticalem
507 1968 555 2011 et
588 1962 816 2011 circulum
856 1961 1217 2023 declinationis,
1258 1961 1526 2024 amplitudo
1567 1964 1749 2022 ortiva,
1798 1962 2207 2013 demonstratione
2247 1978 2438 2026 semper

190 2039 403 2087 numeris
444 2035 702 2099 explicata.
788 2037 920 2083 Pars
959 2033 1034 2083 H.
1111 2036 1188 2084 De
1227 2035 1594 2084 ascensionibus
1633 2042 1681 2084 et
1719 2035 2113 2086 descensionibus
2152 2043 2438 2100 punctorum

188 2110 457 2173 eclipticae.
535 2109 666 2158 Data
703 2111 916 2157 maxima
954 2108 1276 2158 declinatione
1315 2108 1568 2170 eclipticae
1606 2109 1669 2157 ab
1709 2115 1973 2170 aequatore
2012 2108 2158 2176 (quac
2198 2117 2271 2159 est
2297 2125 2438 2159 men-

187 2198 300 2232 sura
338 2182 536 2245 anguli,
578 2197 673 2245 quo
713 2197 764 2231 se
804 2188 973 2231 secant
1010 2188 1246 2244 aequator
1283 2188 1331 2230 et
1370 2181 1612 2246 ecliptica)
1652 2183 1935 2243 investigari
1972 2189 2136 2245 potest
2178 2183 2436 2232 declinatio

190 2257 426 2319 cujusque
471 2257 639 2318 puncti
692 2255 944 2318 eclipticae
998 2252 1269 2320 (calculus).
1359 2253 1577 2303 Maxima
1628 2253 1887 2304 declinatio
1938 2258 2086 2304 variis
2138 2258 2438 2320 temporibus

189 2331 348 2378 variat
387 2331 441 2387 (a
481 2325 574 2376 23⁰
615 2325 773 2396 3072‘
812 2328 874 2376 ad
916 2324 1009 2375 23⁰
1049 2327 1185 2389 35‘);
1234 2341 1382 2376 causa
1419 2327 1572 2376 altera
1609 2327 1755 2390 hujus
1794 2330 2079 2378 variationis
2118 2336 2192 2379 est
2229 2331 2435 2378 variatio

188 2402 513 2451 inclinationis
552 2402 656 2449 axis
696 2401 888 2461 Terrae,
929 2401 1082 2449 altera
1118 2401 1354 2450 retractio.
1430 2400 1661 2449 Definitio
1700 2403 2037 2450 ascensionum
2077 2410 2126 2451 et
2155 2402 2437 2453 descensio-

188 2490 336 2539 num3
376 2481 536 2524 rectae
575 2475 885 2523 ascensiones
926 2474 1120 2536 quidem
1159 2475 1389 2522 eveniunt
1427 2474 1476 2519 in
1515 2473 1722 2536 sphaera
1758 2481 1912 2535 recta,
1961 2475 2190 2537 obliquae
2227 2478 2277 2523 in
2317 2475 2437 2525 obli=

191 2563 313 2610 qua3
353 2548 438 2597 sed
477 2548 560 2596 ille
598 2562 737 2595 arcus
777 2547 1027 2609 eclipticae
1068 2547 1240 2596 dicitur
1264 2553 1392 2595 recte
1418 2547 1543 2607 oriri,
1583 2561 1690 2595 cum
1718 2561 1813 2608 quo
1842 2549 2058 2596 ascendit
2084 2563 2223 2598 arcus
2250 2553 2437 2612 aequa-‘-

186 2623 303 2669 toris
342 2621 497 2684 major
534 2635 586 2669 se
627 2623 751 2683 ipso,
790 2620 873 2668 ille
914 2621 1126 2682 oblique,
1168 2635 1277 2668 cum
1316 2634 1412 2682 quo
1453 2620 1622 2668 minor.
1695 2619 1876 2669 Modus
1916 2622 2228 2684 computandi
2262 2637 2435 2671 ascen-

191 2696 376 2743 sionem
414 2699 597 2743 rectam
635 2708 774 2742 arcus
815 2693 1080 2770 eclipticae,
1122 2693 1246 2741 datis
1286 2691 1467 2754 angulo
1503 2695 1628 2741 inter
1665 2700 1981 2755 aequatorem
2019 2701 2067 2743 et
2093 2695 2322 2744 circulum
2348 2695 2435 2745 de-

190 2766 465 2815 clinationis
504 2765 578 2833 (.—=
601 2766 702 2827 R),
741 2751 952 2814 maxima
992 2765 1316 2815 declinatione
1355 2771 1403 2814 et
1439 2780 1553 2814 arcu
1591 2765 1842 2828 eclipticae
1879 2769 2144 2829 proposito.
2222 2768 2436 2832 Compa-

190 2842 315 2888 ratio
354 2855 451 2888 asc.
492 2845 730 2888 rectarum
770 2854 879 2887 cum
918 2839 1315 2888 descensionibus
1354 2844 1442 2887 etc
1518 2838 1748 2887 Definitio
1789 2839 2084 2889 differentiae
2122 2844 2436 2891 ascensiona-

187 2912 272 2973 lis3
332 2912 390 2961 de
438 2927 533 2961 asc.
587 2912 822 2975 obliquis3
879 2912 936 2961 de
975 2911 1177 2975 angulo,
1231 2926 1328 2974 quo
1367 2917 1502 2960 secat
1539 2911 1764 2974 ecliptica
1800 2913 2115 2964 horizontem.
2191 2914 2431 2964 Tabulae.

191 2986 315 3033 Pars
351 2988 514 3033 tertia.
589 2986 664 3034 De
702 3000 847 3036 anno,
924 2984 1033 3047 Quo
1075 2984 1294 3033 differant
1332 2999 1487 3032 annus
1524 2985 1776 3047 politicuS,
1827 2989 2178 3035 astronomicus
2217 2987 2434 3037 sidereus

188 3062 237 3106 et
280 3059 521 3120 tropicus3
580 3058 639 3106 de
688 3058 858 3107 diebus
907 3057 1233 3106 naturalibus:
1294 3057 1397 3106 dies
1447 3057 1682 3106 naturalis
1719 3059 1868 3120 paulo
1906 3059 2097 3122 longior
2134 3066 2207 3108 est
2245 3062 2435 3124 integra

187 3129 492 3195 revolutione
531 3130 725 3192 Terrae,
764 3132 1034 3180 differentia
1070 3131 1192 3180 haec
1230 3130 1565 3180 denominatur
1605 3131 2079 3193 „additamentum,“
2122 3136 2204 3195 qui
2244 3141 2317 3183 est
2354 3150 2434 3182 ar-

189 3217 274 3252 cus
313 3204 604 3265 aequatoris,
646 3218 789 3265 quem
828 3203 912 3252 Sol
951 3206 999 3250 in
1038 3219 1135 3252 uno
1176 3204 1251 3253 die
1288 3204 1500 3252 naturali
1539 3204 1732 3253 conficit
1767 3207 1816 3251 in
1854 3204 2091 3267 ecliptica.
2167 3206 2304 3256 Haec
2342 3208 2434 3256 ad-

162 3276 457 3324 -ditamenta
495 3281 607 3323 sunt
644 3276 922 3338 inaequalia
961 3276 1147 3325 duabus
1189 3277 1247 3325 de
1287 3278 1461 3338 causis,
1501 3276 1667 3337 altera,
1707 3276 1836 3339 quod
1860 3284 2020 3326 motus
2050 3277 2177 3326 Solis
2206 3281 2252 3326 in
2279 3280 2434 3344 eclip-

188 3351 286 3397 tica
322 3348 593 3410 inaequalis
633 3354 719 3407 est,
761 3349 927 3408 altera,
969 3349 1099 3411 quod
1138 3352 1445 3398 ascensiones
1483 3356 1643 3399 rectae
1671 3351 1945 3411 aequalium
1976 3365 2174 3399 arcuum
2199 3354 2249 3399 in
2281 3352 2434 3415 eclip-

188 3424 285 3470 tica
328 3422 378 3468 in
428 3421 631 3470 diversis
679 3420 799 3469 locis
847 3427 959 3470 sunt
1005 3423 1302 3484 inaequales.
1381 3423 1456 3471 De
1495 3423 2068 3487 aequatione.temporis.
2145 3425 2347 3473 Dierum
2385 3433 2434 3474 et

186 3496 403 3543 noctium
451 3494 772 3543 artificialium
826 3496 1036 3542 varietas
1084 3509 1170 3556 per
1208 3497 1369 3543 varios
1409 3495 1643 3559 sphaerae
1683 3498 1817 3543 situs.
1894 3497 2040 3545 Initia
2078 3495 2262 3545 dierum
2302 3499 2432 3560 apud

187 3569 352 3615 varias
392 3573 577 3629 gentes,
653 3567 728 3615 De
768 3566 1061 3628 crepusculis
1099 3573 1148 3615 et
1186 3567 1475 3617 climatibus,
1553 3569 1686 3616 Pars
1736 3576 1936 3630 quarta.
2014 3569 2091 3618 De
2131 3573 2430 3632 temporibus

190 3642 303 3709 anni
343 3646 391 3688 et
429 3638 487 3688 de
526 3641 676 3686 zonis.
754 3639 1035 3688 Differentia
1074 3640 1377 3703 umbrarum3
1419 3656 1567 3690 causa
1603 3643 1788 3689 numeri
1815 3647 1862 3690 et
1886 3641 2157 3690 latitudinis
2184 3658 2430 3692 zonar.um

191 3714 341 3761 Pars
361 3714 555 3774 quinta.
624 3712 708 3760 De
756 3715 1053 3774 apparitione
1093 3718 1141 3760 et
1179 3713 1503 3763 occultatione
1540 3713 1749 3764 siderum
1786 3729 1871 3776 per
1908 3714 2124 3763 diversas
2164 3719 2278 3763 anni
2315 3733 2430 3779 par-

190 3795 277 3834 tes.
353 3785 517 3833 Motus
557 3787 985 3847 aequinoctiorum
1061 3785 1137 3834 De
1175 3800 1302 3834 anno
1341 3787 1529 3837 sidereo
1561 3788 1616 3834 in
1667 3789 1853 3850 specie:
1912 3786 2158 3850 quodnam
2212 3791 2275 3837 sit
2325 3791 2430 3853 ejus

190 3857 421 3908 initium?
476 3857 614 3907 Haec
661 3859 909 3922 inquisitio
962 3858 1095 3908 ducit
1130 3858 1395 3922 Keplerum
1433 3860 1498 3911 ad
1536 3860 1887 3925 Aegyptiorum
1924 3875 2078 3911 annos
2116 3863 2427 3924 caniculares,
