2554 4140
779 132 919 181 Liber
945 132 1136 178 Primus.
1195 133 1309 179 Pars
1341 131 1524 189 Quinta.
2185 138 2282 188 181

178 286 286 338 ow·
309 289 478 335 andem
514 282 737 332 duorum
773 281 832 330 id
860 284 1030 347 potius
1067 282 1280 344 videtur,
1321 281 1458 345 quod
1482 281 1674 346 falsum
1713 289 1795 343 est,
1836 297 1992 347 quam
2031 283 2169 347 quod
2202 297 2289 332 ve-

32 359 192 410 rum?
238 357 399 407 Causa
436 355 499 405 ab
537 370 637 404 una
685 354 849 405 radice
899 358 1264 421 progerminans
1317 357 1368 404 iu
1406 353 1531 403 duos
1567 356 1829 418 porrigitur
1865 370 2041 406 ramos.
2117 356 2284 406 Motus

36 436 162 483 enim
206 444 303 479 non
356 434 429 479 est
466 430 711 494 proprium
753 431 888 478 visus
928 430 1202 492 objectum,
1256 441 1347 477 nec
1398 427 1548 477 habet
1585 427 1880 492 peculiarem
1917 444 2141 491 sensum,
2191 443 2287 493 qno

32 506 349 570 percipiatur,
399 501 487 551 sed
541 516 687 551 sensu
735 503 978 551 communi
1034 501 1340 565 dijudicatur.
1417 500 1673 565 Decipitur
1725 506 1889 550 autem
1936 517 2107 552 sensus
2153 516 2289 552 com-

33 578 192 627 munis
229 576 305 624 his
342 576 649 638 potissimum
687 574 879 624 duobus
918 575 1090 637 modis,
1133 576 1216 639 qui
1255 573 1319 622 ad
1357 580 1543 623 motum
1581 572 1761 622 Terrae
1800 576 1988 640 possint
2010 590 2290 625 accommo-

35 650 161 700 dari:
198 650 405 713 primum
442 647 588 697 homo
627 649 885 709 existimat,
925 650 1178 712 quiescere
1217 646 1402 708 oculoS‚
1444 648 1638 711 quoties
1675 648 1778 711 ipse
1816 653 2030 714 motum,
2074 662 2170 712 quo
2208 664 2290 699 ra·-

34 725 232 791 piuntur
267 721 412 782 oculi,
450 723 544 771 scit
580 735 676 770 nou
718 723 882 771 venire
922 722 986 771 ab
1024 723 1216 772 interna
1254 734 1345 769 sua
1382 719 1617 770 facultate
1655 721 1871 782 metrice,
1912 727 1997 770 aut
2036 735 2143 770 cum
2180 736 2290 772 mo·

33 804 136 846 tum
172 793 310 842 illum
346 807 444 843 nou
483 796 631 844 sentit
668 796 715 842 in
755 808 846 843 suo
886 809 1111 858 corpore,
1166 795 1498 843 succussionis
1536 798 1852 856 argument03
1905 799 1959 843 ut
1996 808 2105 842 cum
2145 794 2290 844 homo

33 869 267 934 abripitur
304 882 334 915 a
372 869 501 929 navi,
542 874 628 917 aut
666 869 713 915 in
752 870 996 932 praesenti
1034 869 1233 932 negotio
1273 866 1336 915 ab
1372 869 1480 930 ipsa
1518 867 1772 916 volutione
1807 866 1901 915 loci
1940 869 2015 915 sui
2057 867 2104 914 in
2128 866 2295 917 Terra.

35 940 239 999 Deinde,
278 954 406 1004 quae
443 941 631 1003 majora
668 947 906 1006 apparent
944 940 1238 1005 oculumque
1278 938 1358 988 vel
1398 939 1639 990 excedunt
1675 939 1753 988 vel
1793 939 1892 990 late
1932 946 2196 1005 occupant,
2236 955 2295 990 ea

34 1016 281 1080 quiescere
333 1013 594 1063 verisimile
639 1020 809 1079 putat,
858 1020 912 1062 ut
960 1014 1164 1076 nubem,
1222 1019 1277 1062 ut
1314 1011 1514 1077 planum
1566 1019 1723 1063 terrae
1762 1015 2072 1062 terminatum
2111 1013 2292 1063 ultimis

33 1087 302 1147 montibus3
353 1101 478 1151 quae
507 1101 621 1136 vero
658 1091 881 1152 respectu
921 1085 1111 1136 illorum
1150 1092 1389 1152 apparent
1424 1088 1626 1146 minuta,
1667 1091 1721 1134 ut
1756 1084 1923 1136 stellas
1961 1088 2086 1136 inter
2115 1088 2294 1151 magna

33 1157 234 1211 nubium
274 1159 553 1226 volumina,
592 1159 758 1210 Solem
799 1165 848 1209 et
887 1158 1075 1209 Lunam
1114 1174 1260 1225 super
1296 1157 1396 1208 late
1436 1159 1659 1208 diffusam
1697 1158 1876 1209 Terrae
1914 1159 2194 1223 planitiem,
2235 1161 2294 1209 iis

34 1235 340 1300 potissimum
379 1234 549 1282 tribuit
585 1239 769 1283 motum
808 1231 969 1294 illum,
1010 1234 1094 1298 qui
1133 1234 1414 1295 contingere
1454 1234 1689 1292 cernitur,
1738 1232 1960 1298 exempla
1995 1248 2082 1296 per
2120 1248 2294 1283 assue-

35 1308 295 1357 factionem
343 1306 540 1356 trahens
594 1321 625 1355 a
667 1306 830 1355 fundis
878 1313 926 1355 et
963 1306 1297 1371 projectilibus
1348 1310 1396 1355 et
1435 1305 1642 1355 aviculis
1680 1306 1729 1352 in
1771 1309 1908 1367 acre,
1963 1320 2090 1370 quae
2126 1303 2295 1373 *omnia

34 1386 148 1431 sunt
181 1380 383 1430 minuta.
458 1379 683 1443 Inprimis
720 1386 884 1429 autem
922 1379 972 1428 id
1008 1379 1081 1428 illi
1119 1386 1235 1429 tunc
1275 1379 1453 1440 evenit,
1496 1393 1607 1429 cum
1641 1393 1822 1442 magna
1858 1379 1943 1427 illa
1969 1378 2167 1444 lateque
2206 1395 2294 1430 ex-

33 1454 216 1520 plicata
254 1451 471 1501 visibilia
507 1454 715 1502 retinent
753 1454 899 1502 situm
928 1452 1135 1503 eundem
1174 1465 1345 1503 versus
1381 1451 1592 1514 oculum,
1633 1459 1829 1518 propter
1855 1466 2159 1503 communem
2198 1452 2295 1502 illis

36 1533 219 1576 motum
253 1540 361 1574 cum
400 1526 507 1590 ipso
546 1527 791 1575 visuzsic
828 1528 956 1575 enim
993 1526 1061 1589 fit,
1103 1532 1170 1598 ut,
1212 1526 1444 1591 quicquid
1471 1525 1662 1576 accidat
1702 1541 1829 1588 vere,
1870 1541 2048 1590 magna
2075 1525 2161 1576 illa
2201 1541 2294 1592 pu-

34 1605 195 1652 tentur
231 1601 427 1648 omnino
465 1601 727 1663 quiescere,
768 1600 885 1663 quia
923 1601 1068 1648 situm
1107 1599 1236 1650 hunc
1275 1599 1404 1650 oculi
1443 1605 1667 1665 respectu
1703 1613 1802 1649 non
1840 1606 2044 1650 mutant.

183 1672 396 1736 Corpori
401 1709 419 1734 ,
473 1673 610 1736 quod
642 1675 697 1720 in
736 1679 905 1722 centro
941 1679 1036 1733 est,
1073 1688 1181 1724 non
1217 1674 1448 1737 competit
1485 1679 1676 1737 motu-33
1731 1679 1785 1722 at
1829 1673 1987 1723 Terra
2032 1676 2089 1723 in
2127 1668 2296 1723 centro

0 1771 3 1780 =
34 1746 218 1797 mundi
253 1751 334 1794 est.
409 1744 803 1810 Propositionum
841 1748 1080 1811 posterior
1117 1746 1332 1796 nondum
1372 1745 1585 1804 est.ulla
1622 1747 1810 1796 ratione
1837 1747 2058 1810 probata,
2099 1751 2153 1795 ut
2191 1745 2296 1796 dic·
2327 1742 2331 1754 ‘

34 1826 139 1871 tum
177 1825 312 1884 parte
350 1817 440 1876 IV,¹
481 1824 651 1882 estque
688 1819 857 1883 procul
896 1817 1046 1868 dubio
1083 1819 1222 1882 salsa,
1262 1826 1318 1870 ut
1354 1822 1419 1868 in‘
1443 1819 1664 1870 doctrina
1695 1819 1949 1884 sphaerica
1985 1820 2292 1885 probabitur3

3 1892 190 1943 Altera
241 1896 290 1941 et
337 1892 467 1955 prior
517 1891 782 1942 secundum
830 1891 949 1956 quid
994 1907 1112 1942 vera
1159 1898 1233 1942 est
1280 1899 1328 1943 et
1367 1892 1649 1942 conceditur
1687 1893 1747 1942 de
1785 1893 1963 1953 Terra,
2018 1892 2149 1956 quod
2190 1893 2295 1956 ejus

0 1935 268 2033 *punctum
303 1965 528 2013 intimum
564 1965 613 2012 in
652 1970 815 2014 centro
854 1966 919 2014 sit
955 1967 1097 2030 primi
1143 1972 1305 2016 motus
1345 1980 1500 2030 eoque
1552 1980 1652 2036 non
1693 1966 1872 2016 feratur
1909 1966 1972 2015 ab
2010 1965 2104 2016 hoc
2140 1968 2295 2032 primo

37 2044 170 2090 motu
205 2052 296 2089 nec
332 2038 492 2103 ipsum
530 2052 620 2088 nec
657 2038 763 2088 axis
801 2044 850 2088 et
884 2038 987 2103 poli
1014 2038 1074 2089 de
1112 2039 1222 2090 loco
1261 2042 1309 2089 in
1333 2040 1523 2103 locum3
1564 2046 1615 2089 at
1653 2044 1815 2105 partes
1855 2054 2023 2089 omnes
2062 2041 2293 2104 corporis,

7 2156 9 2162 Α
40 2126 178 2164 axem
217 2113 610 2172 circumstantes,
664 2113 781 2176 quia
820 2117 957 2162 extra
995 2117 1212 2163 centrum
1249 2120 1386 2170 sunt,
1425 2127 1523 2162 non
1559 2113 1876 2177 prohibentur
1914 2114 1978 2162 ab
2017 2112 2111 2162 hoc
2149 2128 2297 2177 argu-

8 2190 215 2244 ’Μία
254 2186 371 2248 quin
409 2189 701 2234 moveantur
737 2190 874 2234 motu
911 2186 1271 2236 convolutionis
1311 2190 1439 2238 circa
1477 2201 1635 2236 axem.

50 2270 66 2278 ·
180 2257 240 2308 Si
270 2258 429 2307 Terra
453 2258 738 2309 volveretur
761 2260 895 2308 circa
921 2274 1083 2322 amena,
1123 2265 1246 2310 tune
1269 2276 1344 2323 ea,
1386 2275 1518 2325 quae
1547 2266 1684 2309 reeta
1708 2273 1911 2308 sursum
1933 2261 2294 2323 projiciuntur,

34 2335 141 2382 §bon
175 2330 450 2380 reciderent
485 2333 543 2381 in
580 2332 745 2381 locum
779 2333 1057 2396 pristinum
1071 2369 1084 2395 ,
1123 2334 1261 2383 unde
1297 2341 1418 2384 sunt
1449 2335 1705 2397 projecta,
1753 2335 1938 2397 quippe
1974 2340 2142 2382 centro
2180 2335 2297 2396 qui-

37 2404 146 2455 den
179 2406 493 2469 persistente,
531 2405 637 2455 loeo
676 2419 795 2454 vero
830 2406 1122 2470 superficiei,
1162 2409 1220 2456 in
1257 2422 1357 2471 quo
1393 2413 1492 2458 stae
1524 2408 1807 2471 projiciens,
1848 2408 2050 2455 interim
2089 2420 2138 2455 se
2174 2406 2294 2456 sub-

37 2476 244 2530 ducente
267 2491 327 2527 ese
350 2477 488 2526 linea
511 2477 663 2527 dueta
689 2492 749 2528 ex
774 2484 939 2528 centro
973 2478 1185 2529 Telluris
1214 2481 1286 2530 ad
1312 2481 1582 2544 proiectile.
1658 2479 1711 2529 Si
1748 2480 1920 2542 gravia
1959 2486 2173 2528 centrum
2213 2482 2298 2545 per

14 2561 91 2602 ,ιο
125 2556 343 2617 peterent
378 2549 597 2615 nihilque
634 2556 910 2615 praeterea,
964 2559 1252 2616 sequeretur
1287 2559 1644 2618 argumentum.
1721 2552 1788 2601 At
1827 2551 2009 2602 dictum
2062 2555 2110 2600 in
2147 2554 2295 2618 priori

39 2621 264 2685 themate,
304 2629 466 2672 motus
503 2625 727 2686 gravium
765 2638 968 2690 scopum
1005 2640 1103 2675 non
1142 2641 1250 2676 esse
1289 2633 1506 2677 centrum
1544 2641 1630 2692 per
1667 2639 1719 2674 se
1756 2627 1928 2690 primo,
1968 2624 2054 2675 sed
2079 2639 2164 2690 per
2204 2640 2290 2675 ac·

40 2695 201 2749 adens
250 2702 298 2747 et
349 2696 660 2758 secundario,
712 2699 830 2761 quia
866 2698 1052 2748 scilicet
1090 2706 1307 2749 centrum
1346 2706 1421 2750 est
1459 2699 1671 2749 medium
1712 2704 1759 2748 et
1797 2699 2019 2765 intimum
2059 2699 2291 2765 corporis,

41 2769 168 2835 quod
204 2771 376 2834 gravia
412 2784 499 2834 per
535 2784 589 2820 se
629 2774 678 2819 et
713 2772 868 2835 primo
905 2777 1078 2837 petunt
1115 2778 1163 2823 et
1201 2787 1232 2822 a
1269 2787 1367 2837 quo
1405 2775 1582 2837 gravia
1619 2771 1945 2821 attrahuntur.

179 2842 301 2893 Cum
340 2849 502 2892 autem
541 2844 713 2907 gravia
748 2849 917 2909 petant
943 2844 1123 2896 Terrae
1161 2859 1337 2911 corpus
1374 2861 1460 2911 per
1496 2861 1549 2897 se
1587 2850 1909 2910 petanturque
1948 2845 2010 2893 ab
2050 2843 2151 2907 illo,
2190 2844 2292 2894 sor·

39 2915 134 2967 ssus
168 2917 335 2981 itaque
372 2916 698 2965 movebuntur
722 2931 892 2967 versus
916 2923 1079 2983 partes
1104 2919 1363 2968 viciniores
1383 2919 1578 2978 Terrae,
1620 2932 1768 2982 quam
1794 2931 1965 2967 versus
1990 2919 2292 2968 remotiores.

42 2986 203 3052 Quare
245 2989 612 3039 transeuntibus
664 2988 761 3038 illis
812 2990 1030 3054 partibus
1078 2991 1252 3041 vicinis
1300 2990 2067 3056 perpendicularitersubjectis,
2122 2993 2312 3055 gravia*

42 3062 161 3114 mter
197 3061 515 3113 decidendum
554 3077 725 3112 versus
771 3062 1073 3127 superficiem
1111 3070 1439 3115 transeuntem
1477 3065 1610 3114 illam
1651 3063 1848 3128 insuper
1886 3065 2036 3114 etiam
2083 3065 2292 3115 circula·

15 3134 152 3197 ,mer
185 3142 462 3200 sequentur,
501 3135 698 3201 perinde
723 3149 782 3185 ac
806 3136 847 3185 si
886 3141 1048 3186 essent
1071 3136 1274 3199 alligata
1296 3137 1422 3198 loco,
1463 3139 1539 3188 cui
1567 3137 1834 3197 imminent,
1874 3151 1960 3202 per
1997 3139 2154 3202 ipsam
2178 3154 2293 3204 per-

12 3199 420 3274 ipndicularem,
458 3208 681 3273 adeoque
719 3222 806 3273 per
843 3206 1054 3258 infinitas
1094 3211 1271 3259 circum
1308 3209 1488 3270 lineas,
1541 3223 1628 3260 ceu
1666 3223 1842 3259 nervos
1883 3210 2122 3275 quosdam
2161 3211 2292 3262 obli-

15 3285 176 3347 iquos,
213 3282 373 3332 minus
410 3279 497 3331 illa
531 3282 697 3342 fortes,
735 3282 818 3344 qui
857 3293 1023 3330 omnes
1061 3283 1110 3329 in
1148 3295 1258 3331 sese
1295 3282 1534 3346 paulatim
1573 3281 1788 3332 contrahi
1829 3283 2032 3335 soleant.

17 3350 27 3433 l
67 3359 90 3381 '¹'
187 3355 346 3419 Atqui
382 3355 570 3416 dixisti,
609 3369 826 3417 corpora
862 3356 1137 3403 materiata
1173 3355 1409 3404 naturali
1445 3370 1541 3406 sua
1578 3357 1765 3405 inertia
1810 3360 1962 3406 reniti
2004 3362 2167 3408 motui
2202 3359 2297 3409 sibi

19 3426 108 3482 {ab
145 3434 289 3487 extra
325 3429 493 3492 illat03
539 3428 595 3476 id
628 3430 671 3477 ei
714 3441 892 3475 verum
931 3432 1012 3488 est,
1052 3429 1235 3489 mavia
1271 3430 1432 3490 iyitur
1469 3429 1789 3480 extricabunt
1823 3445 1921 3480 sese
1963 3433 2199 3481 nonnihil
2235 3447 2297 3482 ex

20 3493 132 3550 *hoe
175 3506 334 3563 raptu
382 3515 539 3564 exque
588 3515 679 3550 suo
719 3500 806 3550 illo
849 3499 1214 3563 perpendiculo
1251 3503 1518 3566 ceterisque
1556 3503 1784 3553 vinculis.
1843 3504 2146 3555 Extricarent
2182 3520 2290 3556 sese

21 3546 285 3638 imminu,
337 3568 380 3622 si
432 3573 750 3632 abscederent
800 3587 831 3622 a
867 3572 1019 3622 Terra
1068 3572 1326 3623 intervallo
1364 3580 1530 3639 tanto,
1587 3575 1718 3640 quod
1760 3576 1822 3626 ad
1878 3577 2288 3629 semidiametrum

22 3642 218 3710 {Terrae
253 3644 333 3696 vel
370 3645 546 3697 saltem
583 3647 847 3697 horizontis
886 3645 1092 3695 visibilis
1129 3648 1489 3710 proportionem
1526 3648 1733 3700 haberet
1765 3651 2068 3714 sensibilem3
2109 3657 2194 3701 aut
2231 3653 2287 3712 si,

24 3717 103 3773 lut
131 3717 280 3783 paulo
326 3719 460 3783 prius
511 3721 682 3785 ingens
723 3733 963 3781 oceanus,
1003 3718 1064 3768 ad
1105 3718 1305 3770 Terram
1341 3721 1390 3770 in
1430 3720 1596 3787 aliqua
1633 3722 1979 3788 magnitudinis
2017 3725 2289 3788 viriumque

26 3790 349 3857 'proportione
387 3799 563 3844 essent.

13 3862 35 3900 -ῑ
189 3862 331 3928 Quae
366 3870 435 3914 eet
466 3880 583 3931 erqo
618 3868 842 3931 qemeina
866 3866 1035 3931 fiqura
1070 3871 1235 3916 motus
1257 3869 1512 3932 pravium,
1550 3874 1775 3935 respectu
1810 3871 1965 3935 spatii
1998 3868 2290 3924 mundani?
