2554 4140
215 91 319 156 260
1036 101 1271 158 Epitomes
1301 102 1620 150 Astronomiae

214 257 356 300 zonte
397 248 493 310 OS,
533 263 562 296 a
602 263 699 311 qua
737 249 907 312 incipit
947 251 1299 314 crepusculum.
1378 248 1451 296 Ea
1488 248 1715 295 statuitur
1757 247 1835 306 16,
1883 247 1944 294 18
1986 245 2063 295 vel
2111 247 2171 293 19
2213 242 2465 306 graduum,

1259 327 1314 370 ut
1349 321 1475 369 libro
1514 321 1669 382 primo
1711 317 1892 367 dictum
1931 325 1978 367 et
2015 324 2152 380 parte
2180 318 2349 379 quinta
2387 316 2463 363 di-

1267 399 1399 442 cetur
1437 391 1659 455 amplius.
1737 380 1967 439 Assumto
2008 386 2152 453 igitur
2178 390 2221 439 N
2259 387 2397 436 nadir
2423 395 2470 436 ct
2531 391 2534 395 '

1267 467 1308 514 L
1343 465 1457 528 polo
1496 463 1716 524 australi,
1757 465 1798 511 si
1829 464 2086 512 declinatio
2128 469 2200 511 est
2237 462 2468 520 austrina,

1267 545 1316 587 et
1353 537 1610 587 altitudine
1647 535 1777 584 Solis
1827 538 1875 583 in
1921 535 2276 598 hemisphaerio
2319 533 2468 580 infero

650 346 731 417 ivig.
755 375 812 408 43.

1266 683 1418 743 Solis,
1475 682 1556 732 vel
1593 685 1635 730 si
1672 681 2087 745 septentrionalis,
2140 685 2357 728 assumto
2396 677 2471 726 la-

1265 762 1366 804 tere
1429 757 1479 802 in
1544 754 1762 803 verticali
1827 753 2091 804 excedente
2155 751 2472 815 quadrantem

1267 836 1314 876 et
1375 827 1733 891 hemisphaerio
1798 841 2004 890 super0,
2081 826 2331 888 quaeritur
2389 837 2474 886 per

1267 901 1535 949 doctrinam
1573 900 1724 963 partis
1771 901 1957 963 primae
1995 898 2065 947 ΤΙ
2117 897 2191 946 vel
2235 897 2347 957 AT,
2397 895 2472 943 di-

1266 1047 1506 1107 inferiore,
1529 1045 1610 1106 ΡΙ,
1635 1047 1716 1108 qui
1739 1046 1880 1093 nobis
1903 1043 2102 1093 denotat
2119 1042 2335 1092 medium
2354 1056 2474 1089 noc-

1267 1121 1346 1181 tis,
1387 1119 1466 1167 hic
1505 1121 1784 1182 superiore,
1824 1118 1930 1182 PA,
1972 1117 2055 1180 qui
2093 1111 2238 1165 nobis
2275 1115 2475 1164 denotat

1262 1192 1540 1250 meridiem,
1588 1198 1636 1240 et
1674 1198 1982 1254 comparatur
2021 1203 2132 1238 cum
2176 1189 2296 1237 hora
2342 1193 2474 1236 ortus
2540 1219 2542 1224 ⁷

1264 1265 1419 1325 Solis,
1474 1264 1537 1312 ab
1567 1263 1735 1312 eadem
1773 1263 1935 1313 media
1975 1269 2119 1311 nocte
2159 1261 2238 1311 vel
2277 1260 2476 1310 meridie

667 1385 678 1403 „
1263 1343 1533 1387 numerata.
1597 1336 1837 1400 Exempla
1874 1341 1986 1385 sunt
2023 1341 2161 1399 parte
2200 1335 2385 1397 quinta.

367 1409 511 1472 Quae
548 1416 617 1458 est
653 1412 1067 1472 crepusculorum
1095 1414 1314 1460 varietas
1342 1425 1438 1473 per
1474 1411 1584 1459 loca
1621 1415 1668 1458 et
1703 1416 1956 1471 tempora,
1996 1422 2272 1457 causarum
2311 1412 2476 1455 astro·
2543 1465 2550 1468 ,

216 1484 539 1530 nomicarum
576 1484 839 1545 respectu?
894 1487 937 1532 1.
979 1484 1035 1531 In
1073 1485 1451 1548 sphaera-recta
1490 1482 1773 1546 crepuscula
1811 1489 1923 1530 sunt
1962 1482 2248 1530 brevissima
2287 1486 2336 1528 et
2373 1484 2475 1527 toto

118 1560 123 1561 ⁷
218 1568 362 1615 anno,
404 1554 568 1617 quoad
591 1565 781 1604 'causas
820 1556 1015 1618 quidem
1055 1557 1306 1617 coelesteS,
1344 1557 1441 1605 fere
1481 1554 1722 1618 aequalia.
1797 1554 1922 1604 Nam
1951 1553 2036 1603 Sol
2073 1555 2124 1601 in
2155 1553 2476 1616 aequinoctiis
2528 1591 2530 1593 ,

217 1625 485 1682 secundum
533 1628 869 1677 rectitudinem
922 1629 1165 1678 verticalis
1204 1628 1367 1679 circuli
1408 1628 1651 1689 ascendit,
1696 1626 2011 1676 coincidentis
2051 1641 2159 1675 cum
2199 1632 2476 1689 aequatore,

216 1705 272 1747 ut
309 1701 529 1749 ascensio
569 1711 709 1750 arcus
748 1700 1002 1765 eclipticae
1039 1703 1162 1751 inter
1186 1703 1484 1751 horizontem
1524 1707 1572 1750 et
1594 1699 1762 1766 ,Solem
1801 1700 2019 1764 aequalis
2046 1701 2109 1748 sit
2146 1700 2251 1762 eJus
2276 1698 2477 1762 profun-
2530 1735 2542 1742 .

220 1771 375 1821 ditati.
453 1775 500 1820 2.
543 1773 599 1820 In
641 1773 852 1837 obliquis
892 1774 1178 1838 longissima
1217 1781 1329 1824 sunt
1366 1777 1569 1835 aestiva,
1610 1774 1899 1823 brevissima
1936 1772 2140 1822 hiberna
2178 1771 2476 1835 crepuscula,
2519 1793 2521 1797 ·

219 1851 522 1909 augeturque
562 1847 887 1910 inaequalitas
929 1854 977 1898 et
1002 1854 1315 1912 utrorumque
1352 1846 1607 1911 longitudo
1648 1860 1757 1895 cum
1795 1848 1902 1910 ipsa
1928 1846 2030 1909 poli
2068 1844 2338 1894 altitudine.
2398 1844 2478 1892 Fit
2512 1842 2533 1890 ³.-

219 1919 346 1967 enim
382 1920 718 1982 rectangulum
758 1934 818 1969 ex
855 1921 1034 1970 circulo
1075 1920 1172 1970 diei
1209 1920 1460 1982 naturalis,
1499 1920 1764 1980 horizonte,
1806 1918 2041 1980 verticali,
2080 1919 2182 1978 ubi,
2205 1932 2344 1966 arcus
2383 1918 2477 1965 cir-

220 1990 331 2052 culi,
372 1996 504 2040 recto
531 1990 659 2054 QOS
690 1993 969 2060 subtensus,
1006 1994 1163 2056 major
1203 2000 1276 2044 est
1314 2009 1428 2043 arcu
1467 1992 1712 2042 verticalis
1753 1990 1833 2042 OS
1872 2006 1958 2041 seu
1996 1991 2343 2054 profunditate.
2417 1988 2478 2037 Et
2510 2006 2529 2050 32

221 2062 628 2127 quemadmodum
680 2080 830 2128 penes
883 2080 974 2115 nos
1019 2066 1104 2116 Sol
1154 2068 1199 2114 in
1254 2068 1453 2115 aestivis
1501 2067 1654 2129 signis
1707 2065 1945 2124 celeriter,
1997 2066 2046 2111 in
2091 2064 2304 2112 hibernis
2343 2061 2477 2111 tarde
2516 2052 2537 2118 ἶ

222 2138 425 2200 acquirit
462 2136 779 2186 altitudinem>
812 2139 892 2196 16,
935 2139 998 2187 18
1039 2139 1117 2189 vel
1159 2141 1222 2190 19
1262 2137 1514 2203 graduum,
1553 2140 1623 2187 ita
1662 2141 1806 2187 etiam
1847 2139 1894 2185 in
1928 2136 2285 2200 hemisphaerio
2325 2134 2476 2184 altero

221 2208 274 2256 fit
322 2208 415 2257 hoc
465 2211 515 2256 in
551 2211 770 2273 partibus
817 2209 989 2260 iisdem
1040 2213 1153 2260 anni
1191 2214 1291 2274 sui,
1347 2226 1472 2275 quae
1520 2217 1682 2261 tamen
1722 2226 1830 2260 cum
1871 2211 2122 2259 contrariis
2175 2209 2287 2258 anni
2326 2208 2479 2258 nostri
2513 2199 2522 2266 J

220 2282 442 2343 partibus
480 2282 772 2332 coincidunt.
846 2283 903 2331 In
942 2287 1142 2334 aestivis
1181 2287 1327 2348 igitur
1364 2286 1515 2346 signis
1554 2284 1640 2333 Sol
1677 2284 1813 2333 tarde
1851 2283 1905 2331 fit
1942 2289 2041 2332 tam
2077 2282 2372 2346 profundus,
2425 2285 2478 2329 ut
2513 2275 2517 2283 ’

222 2354 493 2419 crepusculi
531 2354 690 2405 lucem
731 2358 1023 2420 exstinguat,
1064 2360 1111 2406 in
1149 2357 1363 2407 hibernis
1404 2356 1639 2406 celeriter.
1718 2358 1765 2405 3.
1806 2356 1907 2406 Sub
1935 2355 2192 2405 altitudine
2228 2354 2331 2420 poli
2370 2350 2500 2413 47⁰,·

223 2423 319 2474 48ο
356 2426 436 2477 vel
479 2426 571 2476 50⁰
610 2428 894 2492 crepuscula
931 2431 1212 2480 solstitialia
1247 2433 1500 2495 pernoctia
1537 2435 1663 2478 sunt.
1740 2429 1933 2478 Ablatis
1974 2431 2101 2479 enirn
2146 2430 2236 2490 19,
2297 2428 2360 2476 18
2399 2425 2476 2475 vel

228 2500 292 2546 16
333 2499 567 2562 gradibus
606 2516 665 2550 ex
703 2503 943 2554 maximae
983 2503 1317 2553 declinationis
1356 2503 1486 2553 Solis
1527 2498 1668 2571 23¹]2
1709 2502 2062 2566 complemento
2105 2496 2260 2570 6672,
2299 2503 2480 2549 restant

222 2570 291 2619 illi
329 2586 470 2622 arcus
507 2573 817 2623 altitudinum
858 2575 976 2639 poli.
1055 2576 1110 2625 Id
1147 2577 1301 2626 multo
1328 2576 1602 2627 evidentius
1641 2580 1690 2624 et
1715 2574 1921 2638 longiori
1960 2580 2176 2638 tempore
2214 2574 2266 2622 fit
2291 2575 2338 2621 in
2365 2572 2477 2622 alti·
2522 2630 2529 2636 .

209 2643 388 2694 vtudine
426 2646 526 2722 poli
566 2646 727 2696 adhuc
763 2648 952 2711 majori.
1028 2649 1106 2699 lta
1142 2651 1482 2699 brevissimum
1521 2650 1569 2696 in
1607 2653 1711 2697 toto
1750 2647 1928 2702 mundo
1983 2646 2342 2711 crepusculum,
2393 2658 2479 2708 per
2548 2668 2550 2673 ·

154 2744 156 2746 ν
222 2717 312 2766 has
351 2718 546 2781 quidem
585 2722 856 2783 positiones
894 2724 1271 2786 astronomicaS,
1312 2723 1462 2773 habet
1499 2722 1668 2771 horam
1713 2723 1755 2770 1.
1799 2723 1865 2783 4‘,
1911 2723 1994 2768 12‘
2034 2720 2112 2770 vel
2159 2719 2253 2780 16⁴,
2292 2719 2477 2781 longis-

222 2792 396 2839 simum
436 2806 551 2842 vero
587 2795 844 2844 terminum
881 2788 1068 2844 nullum
1107 2796 1268 2847 habet.
1421 2800 1428 2804 “

1047 2911 1141 2960 De
1181 2905 1643 2960 Climati‘bus

375 3009 498 3073 Quis
536 3016 606 3059 est
634 3014 953 3075 praecipuus
990 3027 1111 3060 usus
1149 3011 1409 3061 doctrinae
1444 3011 1506 3062 de
1544 3011 1714 3060 diebus
1762 3010 2147 3074 artificialibus?
2202 3009 2478 3059 Astronomi

228 3094 411 3143 eosque
448 3086 602 3132 secuti
642 3085 911 3148 geographi
951 3084 1254 3149 superficiem
1292 3084 1470 3134 Terrae
1519 3083 1823 3146 distinguunt
1867 3085 1917 3131 in
1971 3083 2167 3132 climata
2215 3082 2497 3132 secundum¹

227 3155 521 3204 incrementa
546 3156 657 3214 diei,
698 3157 858 3221 adque
891 3158 978 3207 illa
1003 3159 1216 3208 referunt
1241 3158 1550 3221 apparentias
1577 3157 1827 3216 coelestes,
1868 3163 2314 3218 commemorantes,
2355 3168 2479 3219 quae

228 3220 326 3274 illis
366 3226 559 3277 diversa
607 3231 876 3280 secundum
915 3231 1050 3281 aliud
1091 3237 1138 3281 et
1175 3230 1308 3280 aliud
1349 3230 1492 3281 clima
1531 3234 1822 3294 competant.
1896 3229 1993 3277 Pro
2045 3243 2102 3277 eo
2142 3231 2295 3291 enim,
2350 3225 2478 3292 quod

228 3299 276 3345 in
314 3299 625 3349 reconditiori
663 3305 962 3353 astronomia
999 3306 1070 3353 sic
1106 3303 1364 3367 loquimur,
1404 3305 1495 3354 sub
1532 3304 1627 3353 hac
1651 3301 1732 3352 vel
1769 3300 1854 3350 illa
1878 3300 1981 3364 poli
2007 3301 2281 3365 altitudine,
2319 3307 2481 3351 astro·
2553 3343 2554 3367 3

229 3373 361 3419 nomi
401 3377 448 3420 et
484 3376 778 3438 geographi,
825 3380 982 3440 magis
1031 3377 1332 3441 populariter
1370 3384 1418 3427 et
1457 3392 1567 3427 cum
1607 3375 1754 3439 vulgo
1792 3373 2029 3436 locuturi,
2083 3374 2264 3424 dicunt
2298 3375 2348 3423 in
2386 3373 2477 3423 hoc
2553 3374 2554 3381 ’

230 3442 434 3508 vel-illo
474 3444 681 3495 climate.
2413 3452 2419 3459 ’
2552 3492 2554 3501 .

214 3580 217 3583 ἢ
377 3516 612 3583 ῼααεφεε
634 3522 768 3566 ratio
806 3524 1030 3570 nominis
1054 3522 1248 3581 hujus?
1284 3524 1512 3583 Κλιματα
1538 3537 1568 3571 a
1606 3523 1777 3572 κλινειν
1816 3521 1955 3582 quasi
1982 3520 2328 3569 inclinamenta
2353 3517 2477 3566 dicta
2517 3517 2520 3521 “
2550 3553 2554 3574 ;

230 3594 343 3638 sunt
379 3603 467 3666 pro
506 3589 603 3638 illis
638 3591 800 3653 plagis
828 3593 1096 3655 Terrarum,
1138 3610 1264 3657 quae
1301 3611 1333 3643 a
1370 3596 1492 3644 locis
1527 3596 1619 3644 sub
1660 3598 1922 3656 aequatore
1961 3593 2116 3643 veluti
2141 3593 2258 3641 solis
2297 3596 2475 3640 rectam
2550 3617 2554 3649 :

230 3668 279 3710 et
315 3661 539 3711 libratam
559 3662 811 3725 planitiem
849 3664 1160 3728 habentibus,
1201 3674 1255 3716 ut
1293 3669 1470 3730 quibus
1501 3659 1712 3730 ‘uterque
1748 3665 1892 3728 polus
1927 3667 1975 3712 in
2013 3666 2264 3714 horizonte
2291 3669 2376 3725 est,
2414 3660 2475 3711 ad
2551 3681 2554 3690 ⁴

230 3740 485 3798 utrumque
521 3734 696 3858 tpolum
744 3735 959 3787 declives
1009 3753 1115 3788 esse
1168 3740 1425 3807 videntur,
1468 3743 1539 3791 sic
1576 3746 1630 3790 ut
1678 3738 1920 3803 polorum,
1949 3737 2073 3788 alter
2120 3738 2218 3787 illis
2257 3738 2473 3809 elevatus

232 3822 338 3857 esse
376 3822 519 3858 cerna
543 3822 612 3857 ur.
2552 3807 2554 3810 ⁴

1267 609 1347 659 OS
1401 617 1564 671 tanta,
1619 616 1801 672 quanta
1853 614 1927 657 est
1977 608 2120 656 nobis
2171 605 2470 670 profunditas
2546 654 2550 662 ,

1265 975 1446 1022 stantia
1485 972 1612 1022 Solis
1661 987 1690 1021 a
1727 972 1982 1021 meridiani
2030 969 2334 1020 semicirculo
2373 969 2472 1016 illic
2536 1025 2538 1027 ‚
