2554 4140
838 138 975 184 Liber
1005 139 1217 194 Quartus.
1278 136 1391 180 Pars
1421 133 1584 180 Prima.
1834 126 1846 136 ⁸
2230 131 2333 180 313

92 292 170 350 sit,
210 303 376 338 auram
412 285 706 348 aetheream,
743 258 871 349 ’quae
909 288 1126 349 proxime
1162 285 1364 349 globum
1389 281 1621 333 mobilem
1647 282 1940 341 circumstat,
1981 278 2199 329 comitari
2228 276 2340 340 glo-

93 364 207 413 bum
246 363 310 411 ob
349 375 588 410 summam
626 359 983 423 limpiditatem.

594 476 660 524 ΙΙ.
718 476 804 525 De
842 475 987 527 loco
1026 451 1202 526 Solis
1239 477 1297 524 in
1338 478 1557 523 centro
1597 471 1820 521 mundi.

241 580 435 644 Quibus
469 593 589 627 vero
625 584 941 641 aryumentis
978 583 1179 641 astruis,
1223 579 1388 629 Solem
1425 582 1479 627 in
1512 579 1759 640 ipsissimo
1783 576 1966 624 mundi
1992 582 2161 624 cent-ro
2185 576 2341 622 situm

92 653 227 701 esse?
276 652 465 700 Horum
502 651 669 715 aliqua
705 654 1022 716 suppeditant
1061 655 1202 703 nobis
1241 651 1563 702 vetustissimi
1601 649 1933 714 Pythagoraei
1972 655 2021 698 et
2056 646 2338 711 philosophi

14 752 17 754 Δ
92 726 252 774 Italici
290 723 422 787 apud
459 724 773 775 Aristotelem
810 726 893 775 lib.
935 727 1000 774 ΙΙ.
1043 727 1102 776 de
1142 727 1292 775 Coelo
1333 740 1438 788 cap.
1479 726 1559 784 13,
1598 729 1647 772 et
1687 721 2002 771 desumuntur
2041 735 2071 769 a
2108 720 2341 782 dignitate

93 804 191 847 tam
228 797 360 847 Solis
396 809 542 860 quam
580 798 691 858 loci,
732 805 780 847 et
817 814 847 847 a
885 799 1013 848 Solis
1051 799 1212 848 officio
1251 801 1299 846 in
1338 797 1518 846 mundo
1558 795 1840 845 vivificandi
1878 800 1927 843 et
1965 793 2287 842 illuminandi.
2338 819 2342 824 -

235 871 337 930 Dic
381 873 616 932 primum
659 879 1024 934 aryumentum
1069 889 1103 921 a
1150 873 1408 934 diqnitate.
1487 870 1568 919 Sic
1615 869 1767 917 habet
1804 868 2113 916 ratiocinatio
2153 865 2342 928 Pytha·
2387 878 2389 885 ‘

93 958 381 1007 goraeorum
419 943 481 991 ad
510 944 712 992 verbum
752 959 810 993 ex
839 944 1125 994 Aristotele:
1166 946 1355 1008 corpori
1381 943 1666 1007 dignissimo
1694 946 1742 990 et
1769 941 2121 1003 pretiosissimo
2150 937 2345 1001 dignio-

92 1032 191 1065 rem
223 1019 377 1066 ·etiam
414 1016 575 1065 locum
615 1017 794 1066 deberi.
823 1020 826 1025 ’
859 1017 973 1067 Jam
1013 1032 1130 1066 vero
1170 1017 1335 1067 Solem
1375 1015 1572 1080 quidem
1611 1017 1722 1078 (pro
1763 1029 1859 1077 quo
1900 1015 1992 1077 ipsi
2032 1014 2157 1076 ignis
2190 1025 2343 1059 voca-

93 1090 209 1138 bulo
256 1096 371 1138 sunt
417 1091 518 1150 usi„
570 1105 629 1138 ex
675 1091 900 1158 instituto
946 1097 1110 1139 sectae
1163 1091 1465 1139 occultantes
1504 1104 1597 1138 sua
1635 1087 1887 1151 dogmata)
1927 1086 2197 1150 digniorem
2238 1097 2345 1133 esse

92 1163 302 1223 Tellure,
342 1164 592 1225 totiusque
631 1162 797 1211 mundi
836 1166 1243 1227 pretiosissimum
1283 1169 1331 1212 et
1368 1163 1723 1225 dignissimum,
1761 1168 1816 1208 nt
1853 1159 2003 1224 paulo
2038 1165 2151 1208 ante
2179 1163 2346 1206 osten-

92 1250 216 1284 sum.
307 1236 462 1299 Atqui
511 1235 819 1298 superficiem
869 1243 916 1285 et
969 1244 1186 1286 centrum
1235 1251 1322 1285 seu
1374 1235 1700 1285 meditullium
1754 1248 1861 1283 esse
1910 1234 2054 1282 binos
2105 1231 2347 1295 sphaerici

91 1310 339 1358 terminos,
414 1308 603 1357 Horum
643 1311 791 1371 igitur
828 1309 1034 1358 alterum
1071 1309 1175 1359 Soli
1214 1315 1515 1372 competere:
1562 1323 1660 1357 non
1699 1322 1818 1358 vero
1857 1307 2185 1370 superficiem,
2232 1318 2346 1352 nam

93 1381 143 1430 id
199 1396 402 1444 corpus,
457 1382 591 1444 quod
646 1389 721 1431 est
771 1385 920 1431 totius
970 1382 1139 1431 mundi
1187 1385 1530 1446 praecipuum,
1587 1381 1815 1431 debuisse
1873 1382 2088 1429 omnium
2139 1379 2361 1427 maxime,
2430 1434 2433 1437 ·

94 1453 350 1514 custodiri,
404 1461 620 1503 centrum
673 1470 789 1504 vero
838 1463 1005 1519 aptum
1055 1456 1118 1505 ad
1165 1455 1291 1504 hanc
1338 1471 1438 1504 rem
1485 1469 1617 1515 esse,
1676 1453 1809 1517 quod
1847 1453 1958 1502 ideo
1998 1452 2142 1502 Jovis
2181 1456 2349 1500 custo-

94 1527 223 1576 diam
259 1526 547 1590 appellitare
585 1527 719 1576 soliti
755 1537 882 1577 sunt.
946 1529 1119 1593 ltaque
1156 1543 1253 1577 non
1292 1543 1398 1578 esse
1437 1544 1539 1592 par,
1578 1534 1631 1576 ut
1657 1527 1826 1577 Tellus
1863 1528 1911 1574 in
1939 1525 2099 1575 medio
2126 1526 2203 1585 sit,
2244 1524 2350 1573 Soli

93 1602 220 1650 enim
258 1600 398 1649 illum
433 1601 596 1649 locum
634 1609 931 1665 competere,
986 1602 1233 1651 Tellurem
1270 1617 1386 1651 vero
1426 1615 1589 1651 annuo
1628 1607 1762 1649 motu
1802 1601 1931 1649 circa
1967 1598 2181 1647 medium
2220 1598 2347 1646 ferri.

243 1674 384 1736 Quid
430 1675 690 1736 respondit
729 1676 800 1723 ad
841 1675 931 1724 hoc
968 1682 1332 1739 aryumentum
1370 1674 1692 1724 Aristoteles?
1751 1671 1796 1723 1.
1836 1674 1970 1722 Dicit
2007 1672 2119 1721 illos
2157 1685 2348 1719 sumere

94 1740 394 1815 inconcessa,
435 1747 539 1813 scil.
580 1747 709 1797 idem
750 1763 856 1798 esse
896 1748 1110 1797 medium
1153 1756 1201 1798 et
1238 1748 1590 1811 magnitudinis
1630 1748 1744 1810 (hoc
1784 1753 1858 1796 est
1894 1744 2156 1809 sphaerici)
2196 1750 2244 1793 et
2279 1744 2349 1791 rei

93 1819 157 1885 (h.
201 1835 242 1867 e.
283 1822 499 1883 corporis
538 1819 791 1886 mundani)
829 1828 878 1870 et
914 1823 1068 1884 ipsius
1108 1821 1232 1870 adeo
1270 1828 1474 1870 naturae
1513 1821 1581 1885 (h.
1623 1836 1665 1869 e.
1708 1821 2062 1869 informationis
2102 1832 2190 1867 seu
2218 1817 2350 1865 vivi·
2430 1844 2432 1849 ·
2485 1824 2487 1826 ’

93 1889 370 1959 ficationis).
447 1893 601 1956 Atqui
648 1900 702 1942 ut
750 1897 799 1942 in
839 1894 1135 1944 animalibus
1173 1909 1271 1943 non
1310 1895 1373 1943 sit
1411 1894 1540 1944 idem
1579 1893 1791 1943 medium
1831 1899 1878 1942 et
1917 1892 2263 1941 vivificationis
2303 1895 2351 1938 et

95 1967 309 2028 corporis
350 1970 453 2031 (cor
491 1970 621 2016 enim
646 1968 788 2017 ,intus
830 1960 1027 2031 quidem
1065 1973 1152 2027 est,
1193 1973 1243 2016 at
1282 1982 1378 2016 non
1418 1967 1691 2031 aequaliter
1717 1967 1780 2015 ab
1807 1964 2034 2015 extremis
2062 1963 2239 2025 abest),
2281 1962 2350 2011 sic

95 2041 240 2088 etiam
282 2038 340 2087 de
380 2039 518 2089 coelo
558 2040 889 2103 cogitandum,
930 2056 1089 2104 neque
1127 2040 1441 2089 metuendum
1467 2041 1792 2090 incolumitati
1819 2041 1969 2088 totius
1996 2038 2226 2098 universi,
2267 2041 2351 2084 aut

0 2157 2 2170 ‚
94 2111 390 2175 praesidium
428 2112 491 2161 ad
530 2121 746 2163 centrum
787 2113 1156 2164 collocandum:
1198 2115 1314 2177 quin
1352 2116 1516 2177 potius
1539 2112 1885 2177 quaerendum,
1926 2111 2050 2161 illud
2076 2126 2158 2161 cor
2184 2109 2350 2159 mundi

95 2200 183 2234 seu
230 2185 443 2235 medium
498 2187 841 2249 vivificationis
898 2187 1044 2250 quale
1099 2202 1273 2250 corpus
1333 2187 1397 2236 sit
1450 2194 1498 2237 et
1551 2190 1600 2235 in
1652 2201 1750 2250 quo
1811 2185 1979 2234 mundi
2025 2185 2134 2234 loco
2185 2186 2349 2232 situm.

97 2259 145 2309 2.
185 2258 306 2307 Vult
340 2258 605 2313 *ostendere
657 2259 1103 2310 dissimilitudinem
1153 2260 1301 2310 medii
1352 2267 1556 2310 naturae
1597 2277 1626 2311 a
1663 2259 1824 2309 medio
1863 2259 1976 2309 loci.
2053 2257 2182 2307 Illud
2222 2259 2349 2306 enim

0 2386 2 2400 ³
94 2330 308 2379 medium
346 2340 575 2392 naturae,
615 2348 702 2383 seu
741 2333 863 2383 illud
902 2333 1241 2397 dignissimum
1279 2339 1328 2382 et
1364 2336 1632 2398 pretiosum
1673 2348 1848 2396 corpus
1886 2333 2070 2382 habere
2108 2331 2350 2380 rationem

95 2406 346 2467 principii:
395 2404 491 2454 loci
529 2419 648 2455 vero
700 2407 914 2456 medium
962 2422 1070 2457 esse
1106 2409 1272 2470 potius
1311 2407 1561 2468 ultimum,
1613 2409 1661 2455 in
1702 2408 1978 2471 quantitate
2017 2404 2350 2468 metaphysice

96 2477 425 2538 considerata,
474 2492 621 2541 quam
666 2481 876 2543 primum
921 2486 1009 2528 aut
1052 2481 1344 2543 principium
1395 2481 1518 2543 ejus,
1597 2480 1739 2542 Quod
1779 2481 1908 2529 enim
1947 2485 2021 2528 est
2060 2479 2349 2541 quantitatis

96 2550 333 2610 medium,
384 2550 477 2599 hoc
514 2558 588 2600 est
626 2553 871 2612 intimum,
924 2551 974 2600 id
1013 2553 1137 2600 finiri
1176 2568 1263 2601 seu
1302 2554 1653 2615 circumscribi,
1707 2555 1938 2603 terminos
1979 2566 2094 2600 vero
2136 2551 2185 2598 id
2226 2565 2349 2609 esse,

96 2623 226 2686 quod
265 2623 370 2671 finit
407 2637 493 2671 seu
531 2626 896 2674 circumscribit.
944 2625 1088 2674 ·.Jam
1126 2628 1454 2689 praestantius
1497 2632 1545 2675 et
1584 2627 1779 2689 dignius
1820 2641 1927 2675 esse
1966 2624 2095 2687 quod
2138 2624 2350 2672 exterius

97 2697 277 2756 ambit,
329 2696 435 2743 finit
473 2703 521 2745 et
559 2697 827 2759 concludit,
883 2713 1029 2761 quam
1077 2699 1210 2762 quod
1248 2701 1378 2747 intus
1416 2701 1722 2748 terminatur:
1777 2714 1887 2747 nam
1926 2700 2180 2746 materiam
2227 2698 2352 2744 inter

98 2785 159 2819 ea
195 2784 324 2829 esse,
366 2784 492 2831 quae
531 2769 784 2831 finiuntur,
836 2773 1151 2820 terminantur
1190 2777 1239 2821 et
1276 2773 1604 2834 continentur,
1656 2773 1859 2820 sormam
1898 2786 2014 2820 vero
2054 2785 2141 2820 seu
2181 2783 2352 2818 essen-

98 2844 215 2891 tiam
270 2848 519 2891 creaturae
571 2843 809 2907 cujusque
862 2859 967 2893 esse
1014 2844 1073 2893 de
1124 2859 1323 2893 numero
1375 2859 1565 2905 eorum,
1622 2859 1749 2907 quae
1798 2845 1994 2903 finiunt,
2046 2844 2351 2892 circumscri-

0 2927 5 2954 Ξ
67 2916 221 2964 -bunt
271 2922 319 2963 et
367 2915 795 2978 comprehendunt.
871 2918 948 2966 Ita
985 2923 1125 2981 putat
1161 2933 1214 2966 se
1253 2918 1511 2981 probasse,
1560 2916 1662 2967 Soli
1712 2915 1826 2985 (seu
1876 2923 1929 2964 ut
1975 2915 2058 2965 ille
2095 2915 2351 2975 intellexit,

98 2990 199 3051 igni
237 2987 713 3055 Pythagoraeorum)
764 3004 859 3038 non
912 2997 1011 3039 tam
1059 2990 1272 3039 medium
1324 2990 1491 3039 mundi
1530 2990 1690 3039 locum
1730 2996 2030 3054 competere,
2080 3004 2225 3052 quam
2264 3004 2353 3039 ex-

14 3078 16 3091 *
101 3063 405 3111 tremitatem.

249 3134 512 3197 Quomodo
552 3140 608 3182 tu
646 3134 798 3183 diluis
835 3135 969 3183 hunc
1007 3136 1284 3185 Aristotelis
1321 3135 1619 3184 elenchum?
1681 3137 1721 3182 l.
1763 3135 1867 3183 Etsi
1905 3149 2072 3183 verum
2111 3141 2214 3195 est,
2254 3149 2351 3183 non

0 3214 22 3254 ἰ
103 3208 163 3254 in·
188 3208 412 3256 omnibus
453 3209 683 3256 creaturis
722 3208 1016 3270 minimeque
1058 3210 1103 3255 in
1142 3208 1435 3256 animalibus
1475 3207 1525 3255 id
1565 3221 1673 3257 esse
1713 3208 1763 3254 in
1802 3208 1952 3256 totius
1991 3207 2134 3257 molis
2173 3207 2352 3267 medie,

20 3296 21 3305 ¹
102 3279 230 3342 quod
268 3286 342 3329 est
380 3282 531 3329 totius
571 3287 818 3329 creaturae
857 3282 1187 3342 praecipuum,
1229 3287 1281 3328 at
1320 3295 1429 3330 cum
1472 3280 1530 3328 de
1557 3277 1738 3329 mundo
1769 3279 2090 3344 disputamuS,
2131 3282 2253 3330 nibil
2280 3288 2354 3331 est

106 3353 413 3401 verisimilius
452 3353 545 3402 hoc
591 3355 714 3416 ipso.
791 3353 914 3401 Nam
964 3352 1118 3415 figura
1164 3353 1329 3401 mundi
1383 3352 1590 3403 rotunda
1643 3360 1740 3414 est,
1796 3353 2023 3403 animalis
2074 3369 2172 3403 non
2219 3356 2351 3404 item.

23 3435 26 3445 ·
106 3423 231 3486 Quia
267 3440 377 3474 cum
417 3427 648 3475 animalia
687 3427 1015 3475 instrumentis
1055 3432 1231 3488 egeant
1270 3431 1406 3474 extra
1444 3441 1495 3476 se
1532 3428 1792 3489 porrectis,
1847 3427 2025 3490 quibus
2078 3434 2234 3477 terrae
2275 3429 2352 3475 in-

26 3515 27 3531 *
106 3498 290 3558 sistant,
329 3511 473 3562 super
512 3515 571 3549 ea
610 3507 910 3560 moveantur,
952 3499 1129 3558 cibum,
1169 3504 1364 3562 potum,
1404 3501 1593 3562 species
1630 3513 1788 3549 rerum
1827 3515 2075 3564 sonosque
2114 3502 2176 3550 ab
2217 3507 2353 3550 extra

27 3569 30 3627 ἶ
108 3578 334 3633 exceptos
371 3573 496 3620 intra
532 3588 584 3621 se
623 3574 879 3636 recipiant3
920 3571 1127 3619 mundus
1166 3587 1191 3620 e
1232 3573 1469 3621 contrario
1508 3574 1641 3622 solus
1680 3578 1768 3635 est,
1807 3573 1929 3622 nihil
1970 3575 2156 3623 habens
2196 3578 2348 3633 extra,

109 3655 160 3691 se
197 3643 302 3705 ipso
340 3643 482 3692 nixus
521 3652 568 3693 et
607 3645 770 3708 quoad
811 3652 965 3694 totum
1005 3644 1279 3704 immobilis,
1319 3645 1422 3707 ipse
1458 3644 1591 3695 solus
1619 3647 1806 3695 omnia:
1848 3661 1997 3697 causa
2023 3650 2189 3710 itaque
2216 3645 2352 3694 nulla

31 3736 34 3780 g
108 3720 206 3774 est,
245 3730 327 3763 cur
365 3731 445 3765 cor
483 3718 647 3766 mundi
686 3721 747 3768 sit
785 3718 929 3778 alibi,
971 3732 1115 3779 quam
1156 3718 1202 3764 in
1245 3716 1430 3775 medio,
1477 3724 1531 3767 ut
1570 3718 1642 3779 id,
1692 3719 1823 3782 quod
1864 3726 1939 3769 est
1978 3723 2085 3782 (cor
2122 3719 2348 3782 scilicet),

33 3808 38 3858 ξ
112 3799 217 3836 esse
253 3791 408 3850 possit
445 3791 667 3840 omnibus
705 3791 872 3840 mundi
911 3791 1127 3854 partibus
1167 3791 1358 3839 extimis
1397 3791 1678 3854 aequaliter,
1720 3795 1901 3856 quippe
1939 3795 2001 3841 ab
2035 3791 2229 3855 aequali
2258 3805 2351 3839 un-

35 3883 38 3893 ·
111 3856 255 3923 dique
301 3862 573 3917 intervallo.
649 3868 695 3915 2.
749 3865 900 3914 Porro
950 3862 1079 3928 quod
1121 3863 1270 3928 jussit
1318 3878 1575 3928 quaerere,
1628 3864 1873 3928 quodnam
1915 3880 2089 3931 corpus
2127 3867 2191 3916 sit
2229 3862 2350 3913 illud
