2554 4140
790 124 1025 182 Excerpta
1055 136 1111 169 ex
1133 123 1318 172 Tabulis
1346 123 1666 182 Rudolphiuis.
2254 85 2355 180 605

13 281 20 289 ·
96 270 348 330 (receptum
390 267 509 312 enim
547 268 594 312 id
633 267 721 312 fuit
751 270 903 314 statim
935 282 992 315 ex
1023 285 1112 327 quo
1144 271 1312 317 editum
1342 273 1390 316 in
1420 272 1626 317 omnibus
1657 270 1841 328 Imperii
1870 270 2065 316 Romani
2101 269 2358 328 provinciis,

35 373 39 381 .
98 333 340 397 ets-formae
371 348 592 380 annorum
622 336 967 392 provincialium
998 350 1055 382 ex
1088 350 1141 384 eo
1172 337 1391 395 paulatim
1420 336 1757 394 exoleverunt),
1796 337 1949 393 itaque
1978 335 2226 381 astronomi
2255 340 2360 392 post

97 399 417 455 Ptolemaeum,
448 400 583 446 etiam
614 413 769 446 earum
801 405 1014 462 gentium,
1048 400 1164 460 quae
1185 406 1439 450 Romanum
1460 405 1705 460 Imperium
1736 418 1827 448 non
1857 408 2149 459 agnoverunt,
2178 401 2358 446 tabulas

96 476 199 508 suas
239 464 297 508 ad
329 465 448 510 hanc
479 465 723 512 calendarii
753 472 919 516 veteris
957 471 1147 515 formam
1179 470 1591 516 accommodarunt.
1645 471 1748 516 Nec
1786 469 1835 514 id
1875 469 1972 513 sine
2002 480 2138 513 causa
2175 465 2357 522 factum,

40 528 45 533 ’
96 537 166 576 est
206 531 323 575 enim
362 531 508 577 forma
549 540 657 590 post
693 538 1018 593 Aegyptiacam
1059 536 1447 594 aequabilissima,
1493 543 1563 582 est
1601 536 1743 580 motui
1785 533 1903 578 Solis
1944 534 2045 590 ipsa
2083 531 2362 589 Aegyptiaca

40 608 42 610 ·
100 595 452 645 convenientior.
530 597 918 653 Quemadmodum
961 602 1099 658 igitur
1144 602 1433 646 Ptolemaeus
1478 602 1658 648 tabulas
1705 613 1811 644 suas
1858 598 2210 645 accommodavit
2256 596 2362 642 anni

20 704 32 721 Ι.
95 660 264 706 formae
295 662 631 722 Aegyptiacae,
675 668 789 712 nihil
818 665 1060 723 impeditus
1091 681 1215 712 more
1248 681 1275 711 a
1303 667 1520 712 Romanis
1551 680 1702 712 rerum
1734 665 1924 710 dominis
1960 663 2241 722 introducto,
2284 664 2362 721 qui

32 770 33 773 ,
61 720 234 770 ‘fixum
273 731 488 774 tenebant
516 745 682 777 annum
714 734 1043 790 Aegyptiacum
1070 733 1165 789 jam
1195 745 1277 789 per
1310 733 1526 778 ducentos
1567 732 1662 777 fere
1695 745 1860 783 annos,
1909 731 2285 786 quemadmodum
2318 736 2362 776 et

24 807 29 810 ·
105 793 411 839 mathematici
440 796 615 843 Persici
643 800 690 844 in
718 800 896 846 tabulas
929 813 1034 845 suas
1066 806 1267 844 motuum
1300 799 1560 845 coelestium
1591 799 1881 844 inseruerunt
1909 797 2099 841 formam
2129 797 2234 841 anni
2255 797 2362 840 Per·

32 855 50 873 '³
97 858 178 918 sici
207 858 490 918 ordinariam,
525 875 639 919 quae
662 867 985 922 quinquedium
1016 864 1143 921 illud,
1166 863 1435 910 Musteraka
1465 866 1648 919 dictum,
1681 863 1822 908 infert
1849 864 1895 907 in
1915 864 2006 908 fine
2027 861 2174 908 ultimi
2195 864 2362 924 mensis

22 927 64 985 ᾗ·
96 924 263 970 Persici
295 925 592 987 Asphandar,
630 945 715 976 nec
754 938 1054 989 respexerunt
1094 931 1154 976 ad·
1190 931 1396 976 usualem
1437 931 1710 976 locationem
1752 928 1849 984 ejus
1887 928 2148 985 quinquedii
2187 929 2233 973 in
2263 928 2362 986 ,fine

103 990 267 1037 mensis
299 991 444 1049 Aban,
477 1008 612 1051 quam
639 998 910 1044 invenerunt
941 1012 1023 1043 suo
1045 1004 1261 1056 tempore,
1294 1003 1550 1054 propterea,
1584 997 1707 1054 quod
1728 1002 1819 1041 tam
1839 994 1920 1052 illi,
1954 1009 2086 1050 quam
2118 995 2216 1039 istis
2248 994 2362 1039 haec

27 1080 65 1135 ¹¹⁴»
101 1069 182 1102 sua
211 1054 356 1102 forma
399 1062 504 1104 anni
545 1063 707 1119 cuique
738 1062 965 1109 videretur
1002 1064 1058 1108 ad
1099 1063 1323 1109 calculum
1365 1061 1762 1108 accommodatior:
1797 1062 1862 1107 sic
1903 1062 2038 1115 etiam
2068 1060 2223 1117 Tycho
2253 1060 2362 1104 Bra·

26 1139 65 1182 521
98 1123 232 1183 heus,
278 1125 451 1184 primus
482 1127 641 1172 harum
671 1129 927 1175 tabularum
959 1133 1262 1185 nuncupator,
1303 1134 1426 1173 tomo
1457 1129 1493 1173 Ῐ.
1523 1129 1878 1186 Progymnasm.,
1924 1127 2044 1172 edito
2085 1140 2203 1171 anno
2237 1127 2363 1189 1602,

52 1192 64 1248 ζ
102 1189 336 1238 ,lulianam
366 1199 566 1238 veterem
609 1196 716 1240 anni
744 1195 931 1240 formam
970 1209 1079 1253 prae
1112 1195 1391 1252 Gregoriana
1432 1195 1489 1240 ob
1520 1194 1852 1251 simplicitatem
1892 1198 1936 1238 et
1978 1194 2364 1255 opportunitatem

67 1254 196 1312 'qius
237 1260 285 1305 in
323 1259 482 1306 calculi
526 1263 799 1306 tractatione
837 1261 986 1316 elegit.
1059 1261 1184 1306 Vidit
1225 1261 1414 1317 quippe,
1464 1261 1502 1313 si
1547 1260 1746 1316 epochas
1782 1264 1983 1305 motuum
2024 1259 2270 1304 deduceret
2308 1260 2364 1306 ab

32 1328 36 1330 “
101 1321 227 1369 1111110
259 1327 365 1370 311111
396 1326 684 1382 Gregoriani,
726 1327 821 1383 jam
854 1327 940 1372 sibi
969 1326 1260 1371 nihilominus
1300 1340 1413 1383 opus
1444 1326 1542 1370 fore
1579 1339 1696 1369 anno
1739 1325 1882 1370 veteri
1911 1319 2205 1383 Juliano,'ex
2236 1322 2366 1383 cujus

101 1393 432 1449 comparatione
464 1391 643 1436 demum
674 1392 864 1450 intelligi
897 1393 1050 1450 datur,
1100 1398 1319 1450 quantum
1349 1391 1510 1449 quovis
1542 1391 1696 1436 seculo
1730 1392 1908 1436 detrahi
1948 1391 2110 1451 debeat
2141 1392 2196 1437 de
2225 1391 2365 1436 inter-

78 1458 317 1520 ,calatione
360 1459 524 1504 veteris
556 1458 740 1503 Juliani.
802 1460 920 1504 Nam
960 1459 1095 1503 etiam
1132 1472 1272 1515 penes
1314 1458 1535 1514 Clavium,
1581 1458 1686 1502 anni
1728 1458 1991 1515 Gregoriani
2032 1458 2365 1516 computistam,

8 1517 38 1564 :'
82 1524 211 1589 haec
246 1527 348 1583 ipsa
386 1530 516 1568 vetus
560 1524 705 1569 forma
734 1524 919 1573 Juliana
952 1525 1234 1582 *moderatrix
1274 1531 1344 1570 est
1387 1524 1743 1574 intercalationis
1788 1525 2093 1582 Gregorianae
2140 1531 2199 1569 et,
2227 1524 2365 1570 index

84 1592 269 1651 dierum
300 1590 638 1636 intercalarium
670 1598 914 1647 custosque
947 1604 1031 1642 seu
1060 1591 1406 1636 commentarius
1437 1591 1830 1639 intercalationum
1855 1597 2155 1648 peractarum,
2190 1603 2246 1636 ex
2276 1604 2364 1646 quo

104 1670 313 1711 numerus
347 1658 680 1703 exemtitiorum
700 1654 883 1703 ‘dierum
917 1658 1075 1714 quavis
1108 1663 1255 1702 aetate
1287 1658 1490 1715 depromi
1522 1658 1700 1703 debeat.
1761 1657 1863 1700 Etsi
1892 1669 1998 1701 vero
2037 1670 2129 1701 una
2159 1668 2208 1700 re
2237 1668 2366 1712 prae-

91 1717 194 1778 Ι11131
222 1725 505 1770 intercalatio
541 1724 836 1780 Gregoriana.
880 1725 1003 1781 quod
1033 1724 1319 1781 aequinoctia
1348 1725 1516 1769 retinet
1546 1725 1664 1769 circa
1695 1722 1879 1766 eosdem
1911 1722 2007 1767 dies
2037 1722 2278 1779 mensium,
2315 1722 2368 1767 fit

83 1795 247 1865 Η(11111311
285 1793 332 1841 id
369 1791 488 1837 saltu
526 1790 721 1847 quodam
764 1797 810 1836 et
849 1791 1207 1847 reciprocatione
1245 1804 1327 1847 per
1370 1790 1487 1844 dies,
1535 1796 1694 1846 estque
1732 1802 1806 1833 res
1838 1788 2108 1833 astronomis
2149 1795 2366 1848 exoptata

72 1862 83 1906 ἔ
102 1857 268 1917 magis,
314 1871 401 1902 usu
448 1856 692 1901 calendarii
721 1857 894 1902 Juliani
924 1856 1088 1900 veteris
1122 1856 1420 1911 quantitatem
1451 1857 1692 1902 observare
1721 1855 2026 1912 repedationis
2058 1853 2366 1911 aequinoctio—

101 1915 197 1968 rum
227 1927 377 1967 aetate
409 1921 624 1978 qualibet,
653 1930 896 1979 propterea
918 1921 1040 1978 quod
1069 1927 1234 1965 natura
1253 1913 1361 1978 ipsa'
1383 1921 1690 1978 repedationis
1712 1922 1849 1977 hujus
1873 1919 2179 1966 observandae
2210 1932 2367 1964 ansam

75 1980 258 2039 sfitatnit
287 1988 333 2031 in
364 2000 482 2032 anno
517 1987 692 2032 sidereo
724 1988 948 2045 longiore,
992 1988 1204 2045 quodque
1237 1988 1467 2044 quantitas
1507 1989 1614 2035 anni
1645 1988 1818 2033 Juliani
1852 1983 2046 2044 vpulchro
2080 2000 2189 2033 casu
2219 1985 2368 2030 media

77 2050 339 2121 {intercedit
368 2052 488 2096 inter
517 2058 761 2110 utrumque
794 2054 1049 2101 naturalem
1071 2068 1252 2110 annum,
1283 2060 1376 2099 tam
1399 2055 1623 2111 tropicum
1644 2054 1952 2110 repedantem,
1988 2067 2122 2108 quam
2144 2054 2376 2098 sidereum.

18 2143 20 2146 >
80 2125 420 2183 :prorepentem
448 2116 505 2162 in‘
528 2118 624 2164 dies
646 2126 889 2179 sequen-tes
921 2120 1028 2164 anni
1048 2121 1238 2165 Juliani:
1265 2121 1327 2166 Ut
1348 2134 1437 2164 non
1466 2116 1561 2176 jam
1584 2119 1883 2164 demonstrem
1905 2118 2140 2175 prolixius,
2173 2125 2368 2176 quantae

81 2179 325 2245 §quamque
364 2183 610 2241 perplexae
641 2199 807 2242 operae
836 2199 910 2230 res
941 2186 1095 2232 futura
1125 2186 1283 2244 fuerit,
1323 2185 1623 2242 multiplicare
1656 2185 1876 2241 epochas,
1924 2184 2148 2240 studiosos
2181 2197 2369 2229 onerare

93 2251 404 2308 mtionibuS,
450 2251 708 2298 calendaria
748 2254 984 2298 nationum
1023 2260 1276 2306 ceterarum
1312 2248 1531 2299 reduce're
1570 2254 1627 2299 ad
1666 2253 1857 2297 formam
1901 2252 2246 2308 Gregorianam,
2285 2263 2368 2308 per

87 2311 253 2397 pfecula
283 2315 459 2361 diversa
478 2317 740 2375 variantem,
775 2325 1038 2376 quantoque
1059 2319 1250 2378 faciliuS,
1284 2333 1448 2377 operae
1470 2319 1575 2364 talis
1606 2319 1758 2363 facere
1795 2317 2109 2375 compendium
2139 2318 2370 2370 additione

66 2401 92 2431 1-
208 2382 328 2440 cepti
370 2383 491 2427 unici
534 2384 590 2430 de
630 2385 897 2431 reductione
938 2386 1009 2429 vel
1058 2391 1283 2444 motuum,
1308 2382 1409 2443 ‘qui
1450 2387 1498 2431 in
1540 2386 1734 2431 ,Iulianis
1779 2385 2061 2443 temporibus
2120 2384 2369 2441 computati

69 2437 78 2456 ἱ

62 2462 75 2499 ·,
188 2452 220 2506 t,
249 2449 308 2493 ad
338 2452 544 2505 temps-ra
576 2450 877 2508 Gregoriana,
922 2451 995 2496 vel
1035 2455 1289 2508 temporum
1319 2452 1698 2508 Gregorianorum
1731 2450 1790 2496 ad
1818 2455 2023 2508 tempora
2051 2449 2082 2493 J
2085 2444 2246 2499 uliana
2281 2449 2369 2496 cal-

102 2542 106 2555 .
181 2526 208 2559 o
238 2519 379 2571 apta„
2179 2524 2185 2570 ζ

108 2511 180 2585 ῳ
272 2580 427 2625 Praec.
461 2581 529 2626 64.
591 2581 654 2626 Ε1
682 2588 976 2641 praeceptum
1008 2584 1191 2641 quidem
1221 2582 1392 2629 tabella
1412 2584 1512 2641 ipsa
1545 2582 1878 2643 quadamtenus
1900 2581 2230 2638 complectitur.
2279 2581 2368 2627 Ob-

102 2606 196 2761 ἐξ
225 2646 342 2691 enim
373 2646 446 2691 die
475 2647 644 2691 mensis
660 2647 830 2692 Juliani
859 2650 1040 2706 veteris,
1074 2649 1132 2694 ad
1165 2662 1300 2705 quem
1331 2655 1437 2693 sunt
1458 2648 1708 2705 computati
1737 2654 1886 2693 motus
1908 2648 2141 2704 coelestes,
2174 2648 2213 2692 si
2233 2661 2368 2705 quae-

28 2718 30 2722 ·
69 2715 81 2756 i
103 2719 124 2777 ’ἑ
193 2724 229 2767 r,
261 2717 427 2768 quotus
448 2711 486 2757 is
509 2712 603 2757 dies
639 2714 698 2758 sit
718 2713 898 2759 futurus
921 2715 1027 2759 anni
1051 2715 1330 2774 Gregoriani,
1364 2715 1581 2772 siquidem
1615 2714 1710 2760 dies
1741 2713 1879 2758 fuerit
1910 2719 2068 2757 secuta
2097 2712 2250 2758 sedem
2280 2713 2368 2758 bis·

38 2799 40 2816 2
106 2778 232 2842 texti,
262 2790 427 2835 quaere
457 2778 505 2822 in
527 2779 684 2824 tabula
714 2791 882 2824 annum
912 2781 1242 2826 Incarnationis
1273 2772 1561 2842 pro‘positum
1591 2786 1671 2825 aut
1702 2780 1906 2837 proxime
1938 2778 2291 2834 antecedentem,
2323 2786 2370 2826 et

78 2830 300 2912 ,heines
320 2844 575 2900 appositum
605 2858 840 2890 numerum
864 2846 1048 2904 dierum,
1086 2860 1200 2903 quos
1222 2847 1362 2892 addes
1381 2846 1617 2904 proposito
1649 2859 1836 2890 numero
1858 2847 1886 2890 J
1890 2845 2054 2906 uliano,
2084 2845 2148 2891 113
2170 2851 2369 2904 emerget

86 2914 316 3093 ⁴§merus
348 2908 437 2953 diei
469 2909 787 2968 Gregorianus,
819 2912 985 2956 mensis
1016 2911 1088 2956 vel
1119 2910 1323 2972 ejusdem
1355 2911 1438 2966 vel,
1472 2911 1508 2955 si
1542 2911 1770 2968 quantitas
1801 2918 1955 2956 mense
1984 2911 2129 2967 major
2159 2913 2365 2970 evaserit,

192 2971 362 3028 rejecta
399 2973 565 3019 mensis
610 2975 851 3032 sequentis.
916 2976 965 3021 Si
1007 2989 1112 3021 vero
1153 2977 1248 3023 dies
1290 2978 1396 3023 anni
1438 2977 1590 3023 oblata
1627 2975 1927 3034 praecesserit
1972 2976 2125 3022 sedem
2164 2977 2368 3037 bissexti,

199 3044 271 3084 eto
297 3038 558 3083 Januarium
590 3045 636 3084 et
651 3046 827 3097 partem
847 3041 1086 3087 Februarii
1115 3056 1197 3100 pro
1229 3043 1480 3101 appendice
1502 3044 1607 3088 anni
1626 3041 1949 3100 praecedentis.
2010 3043 2246 3100 Exemplis
2277 3058 2369 3090 non

127 3094 141 3103 ,ο

204 3119 333 3163 opus,
392 3106 616 3164 Vicissim,
649 3107 686 3153 si
719 3106 812 3152 sint
841 3108 1133 3165 computandi
1164 3114 1312 3154 motus
1345 3109 1403 3154 ad
1434 3115 1639 3166 tempor-a
1663 3106 1951 3164 Gregoriana,
1982 3108 2249 3154 tantundem
2276 3110 2366 3156 illis

39 3183 46 3217 ι
109 3109 303 3230 nube,
334 3181 550 3229 quantum
581 3172 752 3234 tabella
782 3172 923 3229 priori
953 3187 1063 3219 casu
1088 3174 1229 3230 jussit
1249 3175 1430 3232 addere,
1462 3175 1648 3230 adscito,
1681 3173 1720 3218 si
1750 3172 1887 3217 fuerit
1908 3186 2035 3230 opus,
2067 3188 2254 3222 numero
2275 3176 2366 3223 die-

40 3248 48 3276 1
105 3244 206 3301 qun
232 3238 398 3283 mensis
430 3236 763 3284 antecedentis:
796 3238 861 3281 ita
891 3243 1071 3295 tempus
1103 3240 1190 3284 erit
1220 3239 1424 3296 aptatum
1456 3240 1512 3285 ad
1543 3239 1664 3283 hunc
1695 3236 1931 3283 calculum.

23 3355 27 3370 ³
116 3335 142 3364 -u
172 3300 177 3306 ⁵
278 3302 368 3349 Sed
397 3304 690 3361 scriptoribus
720 3302 1075 3358 Ephemeridum
1107 3304 1218 3348 nihil
1251 3311 1320 3349 est
1351 3318 1465 3361 opus
1497 3303 1718 3359 subjicere
1749 3301 1986 3347 consilium
2022 3302 2130 3360 hoc,
2167 3311 2219 3351 ut
2256 3312 2367 3363 quot

9 3377 52 3409 *³2
113 3367 285 3433 mnino
321 3371 418 3417 dies
449 3374 581 3414 erunt
619 3366 844 3413 eximendi
879 3367 933 3411 de
964 3368 1147 3413 Juliana
1184 3369 1355 3425 forma,
1393 3369 1580 3415 totidem
1621 3368 1792 3412 dierum
1822 3373 1974 3413 motus
2007 3369 2276 3418 subtrahant
2307 3373 2363 3418 ab

30 3440 35 3483 l
198 3434 319 3490 chin,
361 3443 413 3483 ut
451 3438 527 3481 eas
570 3434 771 3478 habeant
813 3431 869 3477 ad
902 3432 1226 3490 Gregorianam
1257 3433 1446 3479 formam
1477 3435 1522 3478 in
1555 3432 1709 3478 seculo
1742 3431 1827 3477 sibi
1857 3434 2088 3494 proposito
2119 3449 2367 3483 accommo-

30 3486 54 3542 Ἰἷὶ
143 3549 149 3559 ,
242 3535 255 3548 .
310 3505 411 3561 Ego
455 3501 541 3548 etsi
570 3498 901 3558 Ephemeridas
948 3499 1108 3556 scripsi
1157 3500 1273 3557 stylo
1315 3501 1591 3556 Gregoriano
1638 3503 1684 3543 et
1722 3498 1920 3554 epochas
1959 3498 2061 3544 illas
2104 3501 2150 3546 in
2197 3503 2365 3549 chartis

33 3540 54 3616 ¹.»
112 3561 273 3614 haheo:
306 3584 395 3620 non
426 3568 581 3614 censui
610 3573 784 3619 tamen,
818 3565 1033 3610 varietate
1066 3565 1340 3622 epocharum
1371 3565 1439 3610 vel
1472 3577 1628 3610 ansam
1658 3562 1959 3621 praebendam
1991 3565 2244 3614 confusioni
2274 3569 2365 3614 cal-

35 3625 40 3686 ’,
103 3629 378 3692 ‘mbtorum
408 3635 482 3680 vel
511 3633 674 3679 librum
707 3632 842 3678 etiam
873 3630 1164 3676 onerandum.

38 3701 42 3763 '9
134 3726 162 3745 η
283 3701 416 3748 Valet
445 3707 596 3746 autem
625 3705 914 3757 praeceptum
957 3710 984 3741 a
1014 3697 1264 3743 Februario
1297 3697 1515 3754 cuiusque
1546 3695 1650 3742 anni
1680 3698 1885 3756 expressi
1914 3713 2059 3757 usque
2088 3701 2133 3744 in
2164 3701 2363 3745 Februa-

39 3781 45 3844 ι
117 3757 228 3814 dnm
255 3767 359 3812 anni
388 3768 594 3824 proxime
624 3766 855 3823 sequentis
887 3764 933 3809 in
962 3763 1144 3810 tabella.
1205 3764 1343 3809 Verbi
1374 3777 1522 3822 causa,
1554 3778 1582 3809 a
1612 3765 1655 3809 5.
1675 3762 1882 3811 Octobris
1914 3763 2019 3811 anni
2049 3767 2163 3811 1582
2187 3764 2364 3821 juberis

41 3859 45 3887 2
122 3826 284 3876 addere
313 3834 372 3879 10
401 3835 529 3891 (puta
556 3834 605 3879 in
623 3833 879 3891 provinciis,
912 3832 959 3876 in
989 3830 1152 3888 quibus
1174 3829 1425 3877 emendatio
1457 3830 1609 3878 statim
1634 3835 1819 3889 recepta
1848 3832 1964 3890 fuit).
2025 3833 2078 3877 Id
2108 3832 2244 3889 igitur
2267 3831 2365 3878 fieri
