2554 4140
772 1282 775 1286 ,
899 1125 1316 1270 trorum
1390 1126 1472 1309 s.

228 1359 528 1411 Undecimus
555 1364 631 1410 est
654 1371 827 1422 annuS,
868 1373 929 1409 ex
967 1373 1064 1422 quo
1093 1357 1455 1410 commentaria
1479 1370 1590 1406 mea
1629 1355 1690 1407 de
1717 1348 1934 1406 m'otibus
1973 1353 2142 1405 stellae
2172 1355 2347 1405 Martis

90 1434 237 1486 edidi.
271 1468 281 1482 .
314 1432 411 1496 Qui
446 1434 586 1494 liber,
633 1447 741 1482 cum
779 1435 828 1481 in
865 1447 1028 1496 pauca
1065 1431 1417 1495 multiplicatus
1458 1436 1587 1480 esset
1636 1428 1936 1494 exemplaria
1980 1427 2347 1492 doctrinamque

89 1508 149 1558 de
188 1509 347 1557 causis
387 1505 673 1556 coelestium
723 1508 846 1556 inter
893 1507 1088 1569 spineta
1139 1518 1447 1554 numerorum
1501 1509 1549 1553 et
1584 1502 1762 1567 reliqui
1813 1507 2079 1567 apparatus
2117 1509 2346 1552 astrono-

88 1581 199 1631 mici
240 1580 377 1630 velut
415 1578 774 1642 abscondisset,
826 1593 936 1628 cum
975 1584 1023 1627 et
1059 1580 1215 1642 pretio
1263 1578 1375 1628 libri
1430 1578 1674 1627 tenuiores
1727 1577 2134 1637 absterrerentur,
2186 1578 2349 1625 visum

91 1660 166 1706 cst
202 1655 388 1714 amiciS,
427 1659 557 1702 recte
597 1667 675 1702 me
714 1659 763 1702 et
802 1667 861 1701 ex
899 1650 1060 1701 officio
1098 1651 1362 1713 facturum,
1414 1651 1455 1699 si
1498 1650 1840 1714 Epitomen
1880 1648 2262 1711 conscriberem,
2301 1650 2353 1696 in

92 1741 190 1791 qua
229 1740 421 1776 summa
459 1724 707 1775 doctrinae
745 1733 844 1774 tam
869 1724 1103 1790 physicae
1142 1723 1202 1775 de
1229 1724 1382 1786 coele,
1427 1738 1574 1786 quam
1611 1724 1984 1784 astronomicae,
2025 1723 2224 1772 resectis
2264 1721 2353 1771 de-

83 1801 499 1850 monstrationum
535 1798 736 1859 taediis,
784 1800 1005 1848 oratione
1043 1797 1251 1861 simplici
1303 1802 1352 1847 et
1386 1795 1538 1860 plana
1576 1802 1976 1860 proponerentur.
2053 1795 2263 1846 Factum
2301 1793 2354 1843 id

0 1911 2 1938 2
94 1888 128 1923 a
162 1887 239 1922 me
288 1878 401 1922 ante
438 1871 619 1921 multos
664 1885 847 1933 annOS,
901 1871 988 1921 sed
1040 1870 1153 1919 dum
1201 1869 1402 1919 editioni
1454 1870 1620 1920 variae
1668 1869 1972 1920 intercedunt
2017 1883 2209 1932 morae,
2256 1882 2354 1918 non

93 1945 300 1996 refectus
351 1950 541 1994 tantum
578 1943 773 1995 libellus
810 1946 915 2008 ipse
951 1945 1044 1992 fuit
1093 1943 1356 2007 aliquoties
1407 1948 1455 1992 et
1504 1944 1555 1990 ni
1589 1943 1756 2005 fallor,
1809 1958 1908 2006 qua
1954 1941 2188 2004 dabatur,
2241 1956 2356 2006 per—

94 2018 275 2080 fectus,
339 2017 427 2068 sed
485 2019 643 2082 ipsum
693 2019 843 2081 etiam
880 2017 1107 2067 editionis
1159 2018 1418 2085 consilium
1457 2017 1620 2079 coepit
1655 2015 1956 2066 labefactari.
2052 2013 2359 2077 Quibusdam

98 2094 227 2142 enim
262 2093 313 2139 iu
353 2090 571 2140 doctrina
608 2090 862 2155 sphaerica
888 2096 1001 2140 ante
1039 2092 1297 2140 triennium
1335 2089 1466 2140 edita
1506 2088 1724 2138 diffusior
1759 2091 1895 2139 visus
1951 2103 2060 2137 sum
2097 2091 2145 2136 in
2187 2088 2359 2152 dispu-

101 2166 285 2214 tatione
325 2162 386 2214 de
409 2170 547 2214 motu
585 2165 667 2214 vel
706 2165 870 2228 quiete
896 2164 1074 2213 Terrae
1115 2163 1304 2226 diurna,
1343 2177 1491 2226 quam
1527 2177 1614 2227 pro
1651 2163 1841 2213 ratione
1880 2164 2131 2226 epitomes,
2209 2161 2361 2225 Cogi-

97 2238 264 2288 tabam
298 2238 462 2301 igitur,
500 2239 543 2286 si
580 2236 707 2286 hanc
743 2242 931 2300 partem
970 2251 1068 2285 non
1105 2241 1462 2300 concoquerent
1498 2235 1722 2297 lectores,
1767 2251 1892 2300 quae
1930 2242 2095 2286 tamen
2132 2237 2181 2284 in
2219 2234 2358 2284 nulla

70 2315 77 2321 '
98 2312 313 2376 epitoma
348 2311 679 2360 astronomica
704 2309 856 2373 deest,
898 2316 1081 2374 quanto
1121 2311 1269 2374 igitur
1293 2309 1581 2359 insolentior
1606 2309 1705 2358 illis
1730 2310 1920 2358 futurus
1958 2311 2022 2358 sit
2045 2308 2242 2358 libellus
2268 2310 2361 2357 iste

98 2389 314 2446 quartus,
354 2384 438 2445 qui
475 2388 637 2433 tamen
673 2382 830 2432 multa
860 2382 928 2432 ¹de
967 2384 1097 2433 omni
1136 2382 1382 2433 coelorum
1408 2388 1583 2432 natura
1611 2397 1744 2432 nova
1769 2389 1818 2432 et
1853 2383 2108 2446 inopinata
2131 2381 2356 2442 ventilat,

99 2463 155 2504 ut
178 2454 402 2506 dubitare
426 2457 604 2519 possis,
641 2455 940 2520 physicaene
965 2457 1130 2520 potius
1156 2471 1218 2506 an
1244 2457 1575 2506 astronomiae
1600 2461 1788 2519 partem
1810 2456 1975 2517 facias,
2013 2457 2107 2504 nisi
2132 2460 2362 2504 astrono-

99 2530 247 2578 miam
274 2530 432 2592 ipsam
457 2526 809 2592 speculativam
837 2535 989 2578 totam
1014 2528 1244 2595 physices
1276 2543 1383 2579 esse
1408 2534 1594 2593 partem
1621 2531 1784 2581 scires
1823 2529 1899 2578 Ex
1926 2527 2133 2579 adverso
2159 2532 2362 2592 reputa-

102 2602 231 2663 bam,
270 2601 398 2651 hanc
422 2602 579 2664 ipsam
601 2616 707 2651 csse
733 2604 1000 2665 materiam,
1027 2602 1167 2666 cujus
1192 2601 1563 2667 amplificandae
1591 2603 1735 2666 inque
1761 2602 2015 2667 publicum
2040 2600 2360 2651 inculcandae

100 2687 251 2725 causa
275 2673 517 2724 scribendi
544 2673 697 2724 libelli
724 2681 948 2724 auctores
974 2674 1093 2724 mihi
1116 2675 1234 2725 facti
1260 2677 1357 2724 sint
1379 2676 1539 2737 amici,
1582 2677 1739 2725 omitti
1766 2674 2129 2740 speculationes
2151 2673 2241 2724 has
2266 2688 2364 2723 non

99 2761 258 2812 posse,
299 2747 392 2796 nisi
418 2745 535 2796 data
560 2761 711 2810 opera
734 2748 961 2798 tenebras
989 2747 1235 2798 doctrinae
1262 2748 1524 2810 theoricae,
1563 2750 1663 2798 suis
1693 2750 1873 2812 quippe
1899 2748 2150 2812 principiis
2174 2746 2364 2812 spolia-

102 2826 198 2883 tae,
237 2818 461 2869 studeam
489 2818 751 2871 offundere.
791 2819 1011 2870 Tandem
1040 2820 1441 2885 disceptationem
1467 2823 1610 2871 istam
1639 2820 1830 2871 diremit
1854 2823 2138 2883 necessitas,
2177 2823 2367 2870 utinam

104 2894 331 2957 nuspiam
368 2894 527 2942 minus
566 2894 869 2957 importuna,
912 2909 1065 2958 quae,
1106 2893 1238 2958 quod
1275 2894 1378 2945 fieri
1415 2895 1558 2945 aliter
1602 2908 1697 2944 non
1734 2896 1922 2959 potuit,
1977 2894 2118 2957 quasi
2159 2892 2365 2944 consilio

105 2972 391 3031 susceptum
427 2964 581 3016 videri
618 2965 748 3016 fecit.
821 2966 1066 3018 Fervebat
1101 2966 1336 3031 praelum,
1375 2967 1610 3032 surgebat
1649 2981 1774 3032 opus
1812 2967 2063 3019 doctrinae
2101 2966 2364 3029 theoricae,

109 3044 333 3090 curatore
369 3038 477 3102 ejus
512 3036 751 3102 legitimo,
792 3054 936 3103 quem
973 3042 1023 3090 in
1059 3039 1377 3105 praeambulo
1417 3039 1669 3092 doctrinae
1706 3039 1992 3105 sphaericae
2030 3041 2192 3104 tetigi,
2232 3041 2365 3091 anti-

24 3103 27 3157 }
106 3124 256 3176 quum
298 3112 564 3173 obtinente,
606 3109 898 3163 dormitante
935 3127 998 3163 an
1034 3115 1249 3164 animam
1286 3114 1450 3164 forsan
1489 3118 1688 3177 agente,
1741 3119 1905 3177 partes
1945 3128 2061 3165 vero
2102 3114 2209 3177 ejus
2245 3128 2367 3178 sup-

41 3819 44 3853 1

109 3183 274 3249 plante
311 3185 609 3235 liberalitate
646 3187 840 3249 patroni
878 3186 1261 3248 eminentissimi,
1303 3201 1409 3236 cum
1450 3200 1563 3236 ecce
1602 3186 1721 3235 mihi
1761 3201 1958 3237 causam
1999 3187 2215 3238 subitam
2250 3201 2369 3251 pro-

109 3254 355 3308 ficiscendi
400 3272 622 3323 opusque
661 3259 1063 3323 interrumpendi,
1112 3273 1210 3323 quo
1248 3261 1355 3323 ipso
1395 3265 1610 3323 tempore
1649 3265 1699 3310 et
1736 3261 1843 3325 typi
1879 3260 2025 3311 finem
2061 3260 2172 3311 libri
2211 3260 2372 3324 quarti

109 3330 371 3394 attigerant
408 3337 457 3381 et
481 3329 729 3381 nundinae
755 3331 1185 3383 Froncosurteuses
1209 3331 1453 3382 adessent.
1530 3330 1724 3395 Incidit,
1766 3335 2033 3386 rectissime
2057 3334 2286 3396 futurum,
2326 3334 2368 3382 si

111 3397 232 3452 liber
254 3409 469 3469 quartus,
498 3406 581 3468 qui
608 3406 925 3455 communiter
950 3410 1048 3454 tam
1072 3403 1289 3469 physicis
1315 3417 1464 3468 quam
1490 3407 1782 3456 astronomis
1808 3409 2014 3472 scriptus
2039 3414 2128 3470 est,
2167 3407 2371 3458 seorsim

111 3474 258 3525 ctiam
299 3474 543 3541 ederetur,
588 3484 644 3526 ut
692 3492 781 3542 pro
820 3478 1020 3528 arbitrio
1058 3479 1254 3527 emtoris
1291 3479 1558 3528 astronomi
1595 3477 1676 3529 vel
1714 3481 1872 3531 omitti
1908 3481 1991 3532 vel
2029 3482 2179 3531 inseri
2213 3481 2372 3545 possit

35 3562 38 3626 ζ
111 3545 162 3596 iu
196 3545 431 3612 reliquam
467 3552 731 3615 epitomen.
809 3550 994 3613 Habes,
1033 3550 1183 3603 lector
1220 3550 1482 3614 benevole,
1519 3552 1733 3604 rationes
1770 3553 2024 3618 editionis,
2065 3569 2188 3619 quas
2226 3567 2368 3618 spero

113 3618 202 3670 tibi
237 3621 584 3675 satisfacturas.

257 3690 401 3756 Quod
447 3710 566 3747 vero
602 3711 758 3763 genus
798 3699 957 3761 ipsum
996 3699 1171 3747 attinet
1206 3695 1612 3762 philosophandi,
1661 3713 1761 3749 uon
1799 3698 2013 3751 alienum
2051 3716 2081 3750 a
2117 3700 2369 3764 proposito

40 3740 41 3803 Ῐ
118 3761 276 3826 fuerit,
314 3780 375 3816 ex
409 3781 597 3833 nupera
634 3769 847 3834 quadam
888 3770 1109 3835 epistola,
1150 3783 1297 3833 quam
1334 3770 1397 3820 ad
1429 3773 1594 3835 magni
1631 3774 1861 3837 principis
1887 3774 2189 3835 familiarem,
2228 3786 2372 3835 mag-

43 3878 45 3883 ,
116 3846 231 3884 uum
267 3842 317 3887 et
350 3837 508 3903 ipsum
556 3844 715 3893 virum
765 3845 967 3908 scripsi,
1018 3842 1254 3894 nonnulla
1300 3842 1381 3894 hic
1414 3846 1750 3908 praemittere,
1808 3847 1988 3910 quibus
2040 3845 2120 3896 vel
2169 3859 2371 3910 compa-

117 3908 240 3957 ratio
279 3910 542 3963 instituitur
580 3921 680 3965 tam
717 3915 865 3979 hujus
893 3915 1082 3979 libelli,
1133 3931 1281 3981 quam
1318 3918 1511 3981 cognati
1551 3919 1711 3982 operis
1753 3917 2185 3982 Harmonicorum,
2242 3932 2370 3969 anno
