2554 4140
877 141 1016 189 Liber
1045 143 1229 191 Sextus,
1286 144 1398 188 Pars
1431 141 1612 199 Quinta.
2271 146 2375 192 507

284 293 330 339 7.
380 289 615 340 Omnibus
652 291 750 339 fere
789 292 926 340 annis
975 292 1227 342 lunaribus
1280 290 1594 355 simplicibus¹
1627 288 1835 353 (dierum
1873 289 2059 340 scilicet
2097 285 2220 356 354)
2257 303 2378 339 con-

137 363 329 427 tingunt
374 364 454 413 vel
501 362 626 412 duae
672 363 752 412 vel
800 369 892 412 tres
931 365 1059 414 Solis
1099 367 1330 429 eclipseS,
1378 365 1548 413 Lunae
1597 377 1713 413 vero
1753 362 1832 412 vel
1869 363 2004 412 nulla
2041 363 2123 412 vel
2162 377 2259 411 una
2299 362 2379 412 vel

137 435 286 497 duae,
345 442 393 485 et
442 437 512 485 sic
559 437 609 485 in
656 438 934 486 universum
981 438 1061 487 vel
1112 438 1266 501 duae,
1322 438 1403 487 vel
1453 442 1574 495 tre8‚
1631 436 1714 487 vel
1753 440 1987 499 quatuor,
2047 435 2123 486 vel
2162 437 2377 500 quinque

80 510 85 513 ’
138 508 361 572 eclipses,

289 582 337 631 8.
375 579 619 630 Interdum
659 580 846 630 accedit
878 588 1034 643 sexta,
1073 582 1160 632 sed
1196 597 1323 632 anno
1360 595 1458 632 non
1495 581 1677 641 lunari,
1717 579 1804 630 sed
1841 580 1990 629 solari
2037 580 2221 631 dierum
2258 580 2378 643 365,

134 655 328 719 quando
366 654 550 703 scilicet
587 654 789 717 eclipses
828 657 952 704 circa
989 657 1277 719 principium
1313 657 1429 705 anni
1467 656 1769 717 contingunt.

276 729 435 790 Atqui
457 728 615 777 multo
632 730 900 789 pauciores
926 736 1207 777 cernuntur
1231 731 1441 791 eclipses,
1468 727 1672 777 etSozis
1690 726 1893 789 quidem
1916 728 2074 777 multo
2092 729 2378 790 pauciores,

135 816 290 864 quam
318 800 512 849 Lunae.
592 799 735 861 Quod
771 815 867 850 uno
907 800 1070 863 aliquo
1098 808 1227 851 certo
1253 802 1432 852 Terrae
1457 801 1566 850 loco
1592 801 1848 864 pauciores
1874 798 2058 859 Lunae,
2099 815 2244 863 quam
2276 801 2379 863 Jam

135 880 209 923 est
228 873 423 933 dietum,
453 879 500 921 et
526 872 676 922 multo
695 875 945 936 pauciores
972 873 1100 922 Solis
1127 876 1415 938 contingunt
1441 874 1662 937 eclipses,
1694 886 1872 921 causae
1912 878 2024 921 sunt
2050 874 2099 920 in
2129 873 2380 922 lunaribus

43 996 52 1001 ,
136 946 330 1009 quidem
356 961 466 1007 una,
507 947 555 993 in
594 946 832 995 solaribus
873 961 986 996 vero
1013 947 1151 996 duae.
1226 947 1350 997 Nam
1389 949 1543 1011 primo
1569 947 1770 995 horizon
1808 944 2045 1008 cujusque
2070 945 2166 994 loci
2191 946 2379 995 bisecat

139 1019 342 1077 coelum,
381 1021 545 1081 itaque
572 1018 821 1067 dimidiam
858 1025 1042 1081 partem
1081 1021 1332 1083 eclipsium
1371 1026 1470 1069 tam
1507 1020 1749 1069 lunarium
1775 1032 1921 1082 quam
1960 1018 2189 1067 solarium
2216 1018 2383 1067 occul-

32 1116 42 1128 ·
133 1098 218 1152 tat,
258 1099 310 1140 ut
349 1095 472 1154 quae
510 1092 704 1141 lunares
738 1091 858 1140 fiunt
895 1091 1024 1141 horis
1065 1092 1259 1153 diurnis,
1303 1094 1488 1143 solares
1525 1093 1787 1152 nocturnis,
1829 1105 1916 1140 eae
1956 1094 2086 1140 cerni
2119 1096 2378 1154 nequeant.

15 1171 41 1236 ’ἥ
134 1164 323 1214 Deinde
374 1163 504 1227 quod
556 1164 737 1213 solares
782 1166 974 1225 attinet,
1030 1165 1211 1214 multae
1264 1168 1454 1228 earum,
1502 1180 1629 1229 quac
1683 1167 1831 1215 etiam
1882 1163 2064 1213 diurnis
2104 1166 2247 1213 unius
2285 1163 2382 1213 loci

134 1238 264 1287 horis
302 1239 597 1299 contingunt,
637 1240 683 1284 in
713 1237 819 1286 aliis
846 1244 1006 1287 tamen
1045 1238 1269 1287 accidunt
1308 1239 1599 1300 climatibuS,
1640 1252 1698 1287 eo
1738 1236 1869 1301 quod
1906 1236 2170 1301 parallaxis
2208 1237 2379 1287 Lunae

135 1311 243 1360 aliis
283 1310 556 1359 climatibus
593 1310 646 1358 fit
684 1310 805 1371 alia,
845 1325 931 1360 seu
971 1311 1101 1374 quod
1139 1311 1309 1361 eodem
1346 1313 1485 1373 redit,
1526 1313 1642 1375 quia
1680 1311 1842 1360 discus
1881 1310 2060 1360 Terrae
2098 1310 2190 1360 AN
2226 1311 2383 1373 major

135 1389 209 1433 cst
233 1383 411 1432 circulo
449 1384 745 1446 penumbrae
773 1383 875 1444 CV,
913 1399 1003 1434 nec
1029 1398 1243 1447 unquam
1282 1390 1412 1434 totus
1439 1401 1470 1435 a
1506 1385 1774 1450 penumbra
1799 1384 1969 1433 Lunae
1995 1385 2188 1448 tegitur.
2235 1383 2384 1433 Nulla

139 1458 315 1520 quippe
354 1458 562 1507 cernitur
600 1456 793 1520 eclipsis
818 1457 947 1506 Solis
986 1464 1122 1506 extra
1157 1459 1311 1507 me‘tas
1334 1459 1646 1522 penumbrae,
1688 1463 1740 1507 at
1777 1456 1971 1523 eclipsis
1996 1457 2166 1508 Lunae
2206 1458 2381 1520 quovis

139 1535 383 1579 momento
423 1531 630 1578 cernitur
666 1545 697 1578 a
733 1535 836 1578 toto
875 1529 1084 1579 Telluris
1121 1530 1491 1594 hemisphaerio,

285 1602 343 1651 Si
385 1604 502 1663 jam
541 1603 731 1664 eclipsis
770 1603 902 1651 Solis
948 1603 1286 1653 consideretur
1332 1611 1557 1669 respectu
1593 1606 1751 1653 unius
1788 1605 2007 1664 alicujus
2043 1604 2138 1654 loci
2182 1603 2381 1664 Terrae,

138 1676 265 1740 quid
318 1678 441 1724 novi
490 1683 695 1738 praeter
738 1691 827 1738 ea,
886 1691 1017 1739 quae
1062 1677 1323 1739 hactenus,
1378 1681 1517 1727 venit
1553 1676 2017 1727 considerandum?
2071 1677 2210 1726 Haec
2262 1677 2381 1724 tria:
2474 1694 2482 1703 ⁸

142 1748 190 1812 1)
246 1748 512 1797 differentia
558 1751 681 1798 inter
734 1764 901 1798 veram
948 1754 996 1798 et
1044 1750 1283 1799 visibilem
1331 1752 1745 1813 conjunctionem,
1804 1747 1854 1815 2)
1904 1750 2123 1799 reductio
2178 1749 2382 1813 copulae

141 1821 203 1870 ad
244 1822 474 1870 circulum
510 1823 670 1884 ipsum
718 1821 1011 1882 latitudinis,
1055 1829 1237 1872 rectum
1274 1823 1338 1872 ad
1376 1824 1675 1888 eclipticam,
1734 1819 1784 1889 3)
1823 1822 2038 1872 diductio
2076 1823 2384 1888 parallaxeos

139 1895 451 1944 horizontalis
490 1894 660 1944 Lunae
698 1910 728 1943 a
766 1894 880 1945 Sole
919 1897 967 1942 in
1005 1894 1218 1959 longum,
1256 1896 1411 1945 latum
1451 1904 1498 1946 et
1534 1897 1703 1946 altum.
1789 1925 1791 1929 ·
2259 1955 2261 1958 f

276 1965 413 2028 'Quid
447 1969 674 2030 appellas
711 1983 909 2029 veram,
961 1969 1085 2031 quid
1120 1970 1361 2019 visibilem
1400 1971 1635 2033 copulam
1675 1971 2045 2031 luminarium,
2095 1983 2182 2018 seu
2218 1970 2383 2018 locum

141 2039 357 2089 Lunae?
407 2040 661 2090 Hactenus
709 2041 906 2104 quidem
957 2047 1059 2090 erat
1102 2042 1230 2092 idem
1279 2042 1415 2092 locus
1453 2043 1624 2092 sideris
1676 2057 1819 2091 verus
1860 2048 1908 2091 et
1951 2039 2101 2092 locus
2129 2058 2383 2108 apparens,

139 2113 232 2162 hoc
268 2118 342 2162 est
378 2113 598 2163 visibilis.
672 2114 831 2164 Verus
870 2116 997 2163 enim
1034 2115 1171 2165 locus
1197 2116 1445 2166 dicebatur
1481 2122 1704 2180 respectu
1730 2114 1890 2177 medii,
1934 2119 2016 2178 qui
2041 2115 2252 2179 fingitur,
2294 2131 2386 2179 ap-

139 2200 312 2249 parens
350 2202 483 2247 vero,
524 2188 639 2249 quia
667 2188 808 2237 -linea
837 2189 947 2243 ,veri
985 2194 1143 2237 motus
1182 2204 1240 2238 ex
1278 2195 1441 2238 centro
1481 2189 1660 2238 Terrae
1699 2188 2009 2250 educebatur,
2050 2204 2080 2238 a
2118 2195 2215 2252 quo
2250 2191 2385 2238 visus

141 2261 190 2307 in
227 2260 477 2323 superficie
515 2260 694 2310 Terrae
746 2267 968 2324 respectu
1016 2263 1235 2310 immensi
1273 2261 1576 2325 planetarum
1622 2261 1868 2312 intervalli
1904 2276 2003 2310 non
2042 2261 2257 2311 distabat
2294 2261 2387 2311 ali-

141 2345 235 2396 quo
272 2333 527 2383 intervallo
566 2333 798 2383 sensibili.
873 2333 984 2382 Non
1031 2335 1180 2397 igitur
1230 2335 1522 2386 sensibiliter
1559 2335 1685 2385 alius
1733 2335 2002 2399 apparebat
2038 2335 2181 2385 locus
2214 2334 2386 2384 sideris
2440 2360 2443 2362 ·

140 2406 264 2454 visui
301 2408 351 2454 in
388 2406 640 2470 superficie
679 2408 968 2467 constituto,
1009 2422 1155 2469 quam
1194 2415 1296 2457 erat
1335 2423 1479 2478 yetus
1517 2409 1677 2458 lineae
1716 2423 1776 2458 ex
1814 2413 1977 2458 centro
2016 2409 2196 2458 Terrae
2235 2408 2386 2458 educ-

138 2483 229 2530 tae.
300 2481 367 2527 At
408 2479 512 2542 jam
549 2493 691 2543 porro
727 2485 866 2530 tanta
905 2486 979 2528 est
1015 2480 1186 2529 Lunae
1222 2482 1558 2545 propinquitas
1599 2481 1662 2531 ad
1699 2481 1923 2543 Terram,
1978 2476 2046 2531 ut'
2081 2488 2385 2532 contemnere

142 2565 237 2600 non
274 2554 517 2615 possimus
555 2554 689 2601 visus
727 2548 791 2600 in‘
816 2552 995 2602 Terrae
1033 2553 1284 2618 superficie
1322 2555 1574 2603 constituti
1613 2554 1894 2604 distantiam
1932 2569 1962 2603 a
1986 2554 2164 2605 Terrae
2205 2560 2383 2605 centro.

140 2623 319 2676 Verum
357 2627 522 2688 itaque
559 2625 719 2674 locum
760 2625 985 2687 ostendit,
1026 2631 1080 2674 ut
1117 2626 1371 2688 hactenus,
1419 2634 1552 2676 recta
1590 2642 1648 2676 ex
1687 2632 1850 2676 centro
1889 2627 2098 2676 Telluris
2144 2642 2231 2692 per
2270 2642 2385 2677 cen-

138 2701 261 2747 trum
296 2698 467 2748 sideris
506 2700 553 2746 in
592 2698 848 2761 sphaeram
886 2699 1089 2747 fixarum
1116 2699 1303 2761 educta,
1345 2705 1658 2764 apparentem
1693 2714 1809 2750 vero
1847 2714 1935 2749 seu
1972 2700 2216 2750 visibilem
2253 2706 2385 2750 recta

55 2790 58 2801 ·
142 2783 202 2819 ex
236 2773 484 2834 proposito
524 2771 794 2835 superficiei
831 2771 940 2821 loco
979 2786 1065 2835 per
1089 2778 1303 2821 centrum
1341 2773 1510 2822 sideris
1548 2775 1596 2821 in
1621 2773 1925 2837 superficiem
1962 2773 2167 2822 fixarum
2191 2773 2381 2824 educta.

58 2884 65 2897 ,
141 2841 421 2893 Differ-entia
458 2846 708 2908 utriusque
746 2844 857 2905 loci,
898 2846 1000 2894 veri
1038 2844 1223 2895 scilicet
1261 2851 1308 2894 et
1332 2847 1608 2910 apparentis
1646 2861 1733 2896 seu
1758 2846 1980 2907 visibilis,
2023 2846 2195 2896 dicitur
2219 2847 2384 2910 paral-

139 2914 263 2965 laxis
300 2916 590 2965 altitudinis.
666 2916 872 2978 Quando
912 2919 1059 2980 igitur
1084 2932 1200 2967 vero
1238 2917 1344 2967 loco
1371 2918 1498 2968 Solis
1539 2921 1744 2969 occurrit
1780 2918 1910 2968 linea
1936 2921 2039 2969 veri
2075 2919 2171 2969 loci
2195 2920 2383 2983 Lunae,

140 2989 312 3053 copula
352 3005 466 3039 vera
507 2991 610 3050 erit,
652 2989 847 3051 quando
887 2990 1017 3040 linea
1053 2992 1148 3039 visi
1185 2991 1280 3040 loci
1316 2991 1502 3052 Lunae,
1543 2992 1719 3057 copula
1757 2992 1981 3042 visibilis,

284 3063 417 3125 Quid
453 3070 521 3111 est
556 3065 716 3125 iyilur
750 3063 1037 3125 parallaxis
1087 3064 1410 3113 altitudinis?
1460 3066 1548 3113 Est
1598 3079 1738 3114 arcus
1791 3064 1956 3113 circuli
2008 3065 2255 3115 verticalis
2298 3081 2385 3130 per

142 3132 298 3183 locum
351 3150 519 3184 verum
570 3137 721 3184 centri
766 3137 979 3200 corporis
1017 3135 1187 3186 Lunae
1238 3136 1391 3198 ducti,
1437 3139 1732 3202 interceptus
1777 3139 1902 3188 inter
1949 3138 2078 3188 hunc
2123 3144 2172 3189 et
2221 3139 2383 3189 locum

145 3207 397 3258 visibilem.

279 3291 333 3334 In
364 3290 592 3336 schemate
622 3274 679 3336 96
720 3291 778 3335 sit
807 3290 848 3334 V
878 3295 1054 3344 vertex,
1092 3292 1172 3337 VO
1205 3305 1299 3338 ver·
1778 3286 1860 3328 ²⁸¹⁸·
1885 3285 1942 3321 ⁹⁶·
2014 3324 2019 3330 .

139 3353 281 3400 ticnlis
325 3368 404 3400 seu
457 3356 764 3413 azimuthalis,
819 3363 865 3402 et
901 3356 945 3400 in
992 3370 1045 3403 eo
1091 3358 1133 3402 R
1176 3356 1300 3400 locus

141 3417 293 3464 Lunae
323 3435 474 3478 verus,
515 3422 545 3468 S
587 3421 795 3466 visibilis:
838 3421 922 3465 erit
952 3421 1025 3466 Rs
1057 3420 1299 3478 parallaxis

141 3481 399 3531 altitudinis.

283 3562 413 3622 Quid
433 3570 552 3612 sunt
581 3564 867 3626 parallaxis
892 3563 1227 3625 lonyitudinis
1260 3570 1305 3612 et

143 3634 424 3691 paradoxis
443 3636 729 3685 latimdinis
742 3636 767 3683 Ρ
791 3635 914 3684 Sunt
934 3650 1089 3696 arcus,
1110 3635 1192 3684 illa
1210 3651 1305 3698 pa-

144 3701 294 3752 ralleli
320 3707 570 3770 eclipticae
587 3723 674 3772 per
701 3707 943 3757 visibilem
964 3707 1123 3757 locum
1157 3707 1303 3770 ducti,

152 3772 272 3825 hacc
290 3779 452 3829 circuli
472 3779 759 3842 latitudinis,
798 3782 1051 3844 intercepti
1079 3780 1158 3829 ille
1184 3782 1305 3830 inter

153 3848 353 3900 circulos
388 3851 656 3905 latitudinis
693 3856 795 3904 veri
823 3860 871 3904 et
896 3856 989 3903 visi
1027 3868 1112 3903 scu
1151 3869 1306 3918 appa-
