2554 4140
834 151 972 199 Liber
999 151 1192 197 Primus,
1249 149 1361 195 Pars
1391 144 1556 192 Tertia.
1594 205 1598 210 ,
2219 145 2316 192 147

75 318 188 366 pam
227 307 324 362 (cfr.
353 307 414 350 II.
454 304 586 359 292).
626 299 679 349 Si
701 300 824 351 haec
847 303 1051 351 materia
1075 291 1199 350 fuis-
1673 305 1837 348 Pis-18·

76 383 149 424 set
186 374 380 423 humilis
427 380 475 422 et
526 375 576 419 in
616 377 725 422 aere
774 388 862 423 ceu
901 374 1062 424 velum
1101 375 1193 423 ob·
1655 395 1658 398 ⁴

75 453 259 495 tentum
309 446 439 505 Soli,
497 460 595 494 non
648 446 980 508 impedivisset
1030 447 1193 496 radios
1611 442 1737 647 {Z

76 519 205 568 Solis
243 526 344 567 tam
379 519 504 580 late,
549 532 639 567 nec
675 521 767 567 nisi
805 522 854 567 in
892 535 989 569 uno
1028 521 1193 583 aliquo
1405 546 1409 551 ·

77 591 209 655 loco;
249 593 291 640 si
316 591 509 653 dixeris,
548 591 782 640 humilem
806 593 969 655 fuisse,
1009 593 1094 642 sed
1120 593 1197 641 la·
1685 562 1717 659 Xxx
2210 566 2290 623 ἴα

2182 622 2209 639 l

2075 638 2180 698 “s“

2028 695 2073 721 ‘I

76 666 260 714 tissime
313 663 476 711 Terris
533 665 954 727 superinductam,
1010 672 1065 715 ιιι
1118 666 1198 714 hic
1607 650 1630 718 ‘s
1683 663 1866 789 553?
1996 720 2025 738 l

80 743 262 799 tegeret
286 736 449 785 Solem
489 751 587 785 una
624 739 701 785 sui
738 745 889 801 parte,
927 739 1047 788 alibi
1085 738 1197 799 alia,
1549 762 1571 789 c
1646 745 1751 766 ‘K‘
1825 737 1840 753 ²
1882 738 1993 799 χχ

80 815 194 858 tunc
259 808 507 858 debuisset
569 811 716 858 etiam
788 817 950 874 tegere
1015 812 1200 871 stellas,
1548 798 1881 903 ,fsss‘

79 882 225 945 longe
262 897 294 930 a
331 880 445 931 Sole
485 882 742 932 distantes:
783 890 834 932 at
864 884 957 932 hoc
993 898 1088 933 ιιοιι
1130 890 1201 932 est
1533 852 1748 967 χωρ]
1781 870 1844 955 Χ.-

78 954 272 1016 factum,
299 952 504 1016 legimus
532 957 673 1015 enim,
699 955 865 1005 stellas
891 956 950 1006 de
978 957 1055 1006 die
1081 960 1203 1006 emi·
1304 975 2069 1067 Α
2111 1020 2116 1024 ᾗ

2 1076 12 1083 ,
83 1030 255 1077 cuisse.
329 1028 458 1090 Ergo
493 1030 699 1077 materia
722 1029 831 1076 fuit
836 1032 1053 1091 proxime
1079 1033 1204 1079 circa
1429 1076 1442 1081 -

84 1100 250 1150 Solem
286 1099 508 1163 adeoque
534 1101 603 1148 illi
629 1101 913 1163 adhaerens,
953 1108 1007 1151 ut
1032 1102 1203 1153 durare

81 1188 166 1254 per
202 1188 383 1236 annum
418 1175 630 1237 potuerit
667 1174 788 1223 haec
825 1175 1184 1238 obtenebratio,
1225 1180 1294 1229 sic
1330 1185 1386 1228 ut
1424 1176 1589 1227 Solem
1625 1172 1840 1235 undique
1881 1161 2226 1222 circumdaret,
2280 1163 2333 1205 ut

12 1273 22 1280 ·
84 1244 126 1296 is
166 1262 226 1295 ex
261 1232 399 1295 nulla
442 1246 576 1295 coeli
613 1246 787 1312 plaga,
825 1262 970 1310 quam
1009 1251 1282 1348 occupabat
1317 1252 1467 1302 Terra
1506 1249 1684 1314 quovis
1723 1245 1837 1295 anni
1875 1248 2116 1302 tempore,
2168 1237 2335 1298 posset

84 1321 188 1368 sine
226 1319 570 1382 impedimento
609 1318 812 1382 adspici.

226 1392 438 1441 Rursum
482 1392 604 1441 haec
655 1394 858 1459 materia
909 1393 1070 1443 radios
1119 1395 1247 1444 Solis
1295 1395 1528 1446 combibit
1580 1398 1629 1442 et
1673 1405 1759 1456 per
1806 1404 1890 1439 eos
1946 1387 2070 1438 adeo
2121 1386 2336 1437 redditur

86 1464 357 1528 splendida,
397 1470 450 1513 ut
486 1467 536 1512 in
576 1465 839 1528 eclipsibus
863 1465 992 1516 Solis
1030 1468 1279 1527 totalibus,
1319 1467 1516 1532 quando
1557 1465 1641 1516 Sol
1679 1469 1812 1514 totus
1849 1467 1962 1526 post
1987 1462 2177 1511 Lunam
2214 1459 2336 1508 latet

85 1552 241 1602 eoque
280 1552 411 1587 mera
447 1553 546 1586 nox
583 1553 690 1588 esse
728 1538 960 1600 debebat,
1012 1540 1134 1591 haec
1169 1544 1373 1591 materia
1424 1539 1655 1605 fungatur
1695 1539 1804 1588 vice
1843 1536 2002 1602 Solis,
2054 1534 2335 1586 illuminans
2380 1567 2382 1571 .

86 1611 291 1673 Terras,
347 1616 403 1660 ιιι
438 1609 547 1660 'non
595 1618 859 1676 sequantur
909 1628 1070 1664 merae
1110 1616 1362 1678 tenebrae,
1419 1621 1474 1664 ut
1517 1613 1669 1674 alias,
1728 1593 1923 1674 quando
1972 1609 2096 1678 haec
2135 1607 2338 1657 materia

90 1685 244 1734 abest.

229 1756 369 1806 Haec
404 1757 607 1805 materia
645 1771 734 1805 ceu
769 1757 947 1807 limbus
985 1761 1113 1809 circa
1136 1760 1300 1811 Solem
1343 1765 1428 1809 aut
1456 1773 1595 1809 coma
1618 1757 1785 1808 lucida
1814 1757 1923 1807 ferit
1951 1754 2135 1816 ocuIOS,
2174 1750 2336 1820 prius-

27 1878 41 1888 ..
94 1845 243 1894 quam
281 1831 330 1876 in
368 1829 531 1879 Solem
571 1829 849 1892 dirigantur,
889 1833 1076 1883 vicinos
1116 1848 1222 1883 esse
1259 1848 1462 1883 monens
1501 1834 1656 1896 ipsius
1696 1831 1826 1881 Solis
1862 1828 2200 1880 radios..

230 1902 373 1952 Haec
407 1903 609 1952 materia
645 1904 857 1966 speciem
895 1904 1023 1955 Solis
1062 1906 1279 1970 ampliat,
1319 1922 1405 1971 per
1442 1906 1662 1961 foramen
1701 1904 2080 1953 minutissimum
2128 1900 2338 1949 immissi

21 1976 29 1988 ‘
73 1975 395 2030 ,circumdans
435 1987 543 2024 eam
578 1976 716 2025 fusco
754 1976 921 2030 limbo

237 2048 376 2098 Haec
412 2050 616 2098 materia
654 2049 861 2113 denique
899 2052 1049 2100 oritur
1085 2057 1199 2101 ante
1235 2051 1401 2103 Solem
1439 2048 1714 2115 occiditque
1751 2056 1877 2115 post,
1919 2054 1973 2100 ut
2011 2064 2137 2114 quae
2175 2047 2339 2099 Solem

95 2122 384 2185 circumdat3
435 2136 535 2185 qua
586 2123 772 2173 ratione
826 2124 1069 2174 claritatis
1099 2125 1299 2176 diurnae
1337 2132 1449 2178 ante
1488 2125 1616 2176 Solis
1657 2129 1814 2175 ortum
1862 2128 1911 2174 et
1946 2129 2072 2189 :post
2110 2122 2216 2186 ejus
2255 2137 2341 2174 oc-

93 2210 257 2246 casum
297 2209 396 2244 non
432 2202 727 2258 postremam
765 2211 963 2247 causam
1001 2199 1217 2261 praebet.
1705 2209 1724 2231 ·

240 2267 292 2332 3)
334 2268 379 2317 A
426 2271 754 2332 consequenti.
828 2271 956 2320 Nam
1009 2271 1237 2321 credibile
1278 2279 1376 2333 est,
1433 2288 1492 2322 ex
1531 2272 1625 2322 hac
1662 2271 1881 2332 materia,
1921 2270 2059 2320 velut
2098 2267 2338 2335 emuncta,

6 2377 8 2398 ι
94 2341 285 2391 detersa
322 2348 371 2390 et
406 2341 731 2407 pelluciditati
767 2357 886 2393 suae
924 2343 1114 2410 reddita
1152 2361 1271 2394 aura
1309 2346 1556 2407 aetherea,
1597 2345 1794 2394 tandem
1833 2357 2140 2394 concr'escele
2179 2356 2345 2390 come-

7 2432 10 2485 ’ὁ
95 2422 187 2476 tas,
227 2422 282 2463 ut
318 2416 404 2478 qui
439 2414 740 2479 plerumque,
781 2430 890 2465 cum
915 2419 1123 2482 primum
1147 2418 1305 2469 videri
1331 2420 1586 2482 incipiunt,
1625 2434 1684 2467 ex
1723 2417 1852 2467 Solis
1890 2416 2039 2466 radiis
2078 2421 2343 2478 emergunt,

96 2489 236 2552 quasi
286 2502 346 2537 ex
393 2489 573 2537 vicinia
618 2488 783 2551 Solis,
825 2489 971 2553 hujus
1018 2493 1247 2541 materiae
1297 2494 1480 2556 patria,
1525 2491 1990 2556 proficiscerentur..
2031 2490 2105 2538 Ex
2143 2490 2346 2537 materia

10 2608 14 2625 ⁸
44 2584 49 2586 -
93 2575 237 2624 porro
276 2560 471 2609 residua
508 2567 622 2624 post
660 2561 1027 2625 dissipationem
1067 2571 1362 2615 cometarum
1395 2565 1498 2615 fieri
1536 2570 1723 2630 potest,
1782 2571 1836 2613 ut
1874 2562 2071 2614 tandem
2111 2566 2347 2625 cogantur

12 2646 36 2666 ἰ
98 2635 234 2698 globi
270 2635 388 2682 novi
424 2635 548 2683 inter
583 2637 714 2698 ipsas
752 2635 889 2685 fixas.

247 2707 384 2770 Quid
426 2713 578 2768 putas
617 2723 713 2756 esse
762 2710 1015 2759 cometas?
1089 2709 1319 2761 Cometac
1365 2715 1478 2759 sunt
1530 2711 1843 2773 trajectiones
1897 2709 2152 2760 aethereae
2200 2708 2347 2758 recti-

16 2808 57 2823 =·
99 2780 273 2841 lineae,
314 2786 591 2829 constantes
630 2795 690 2830 ex
727 2783 929 2842 materia
955 2782 1120 2832 lucida
1144 2783 1479 2833 condensabili
1517 2790 1565 2833 et
1596 2783 1885 2848 dissipabili,
1924 2782 2056 2846 quod
2082 2781 2346 2832 clarissime

51 2853 60 2859 ’
99 2860 236 2919 patet
274 2867 333 2902 ex
371 2852 539 2901 caudis
579 2867 759 2915 eorum,
799 2870 924 2917 quae
962 2862 1074 2904 sunt
1110 2855 1315 2906 effluxus
1354 2856 1552 2920 quidam
1591 2872 1650 2906 ex
1690 2870 1888 2920 corpore
1927 2857 1974 2902 in
2014 2855 2210 2919 plagam
2244 2844 2348 2902 Soli

20 2953 22 2963 ›
101 2928 402 2987 contrariam,
441 2939 527 2988 per
551 2925 713 2975 radios
738 2927 882 2989 Solis,
922 2943 1125 3012 corpora
1148 2937 1468 2993 permeantes,
1509 2930 1676 2991 eliciti,
1717 2928 1900 2978 similes
1938 2935 2075 2977 motu
2116 2941 2348 2978 corusca-
2431 2928 2434 2934 '

50 2996 61 3067 ζ
102 3001 315 3049 tionibus
353 2999 466 3060 illis,
506 3014 632 3062 quae
669 2999 748 3049 hic
783 3002 834 3048 in
872 3002 997 3051 ae'ris
1034 3005 1184 3052 nostri
1222 3004 1405 3052 vicinia
1443 3004 1657 3065 speciem
1696 3002 1927 3052 exhibent
1973 3002 2098 3052 coeli
2135 3000 2349 3051 ardentis

102 3079 153 3121 et
188 3073 503 3123 chasmatum.
1567 3097 1569 3099 ·

248 3146 383 3194 Satis
429 3145 489 3193 de
525 3160 661 3194 aura
699 3146 952 3209 aetherem
1010 3162 1199 3210 quaero
1236 3148 1351 3207 jam
1403 3147 1462 3196 de
1510 3152 1651 3210 ae‘re,
1709 3162 1811 3211 qua
1857 3150 2027 3213 flywra
2072 3147 2352 3211 superficies

55 3211 59 3216 ’
103 3220 210 3279 ejus
245 3218 577 3267 terminetur?
648 3218 952 3267 Terminatur
988 3219 1142 3268 multo
1179 3220 1437 3283 perfectius
1477 3235 1623 3283 quam
1651 3235 1861 3271 oceanus
1889 3221 2142 3287 superficie
2169 3220 2351 3284 sphae-

104 3293 227 3352 rica,
267 3291 438 3340 iisdem
477 3290 536 3340 de
575 3292 761 3353 causis3
817 3294 933 3354 quia
981 3293 1165 3352 scilicet
1210 3299 1266 3341 ut
1313 3294 1361 3340 in
1411 3292 1649 3343 densitate
1697 3296 1768 3343 sic
1807 3297 1954 3345 etiam
2003 3297 2053 3343 in
2108 3294 2351 3358 gravitate

105 3371 217 3427 post
253 3378 407 3427 aquas
444 3366 665 3427 proximo
706 3372 778 3413 est
816 3365 941 3424 loce,
981 3379 1070 3414 nec
1111 3366 1253 3414 aliter
1290 3366 1385 3414 nisi
1422 3367 1471 3413 in
1511 3370 1870 3431 comparatione
1910 3368 1972 3419 ad
2013 3382 2192 3432 aquam
2229 3365 2353 3414 levis

108 3436 202 3486 dici
240 3443 470 3499 meretur;
521 3437 643 3486 alias
689 3439 731 3486 si
769 3438 992 3487 absolute
1038 3438 1162 3486 levis
1211 3445 1362 3499 esset,
1411 3438 1614 3488 tendens
1652 3447 1825 3504 suapte
1871 3448 2045 3491 natura
2094 3454 2285 3489 sursum
2323 3454 2354 3487 a

62 3507 69 3512 ⁷
109 3515 272 3559 centro
297 3510 490 3570 Terrae,
530 3510 728 3559 'Portam
754 3510 897 3573 plane
925 3510 1177 3559 desereret.
1244 3511 1325 3559 Fit
1341 3512 1504 3574 igitur,
1546 3514 1676 3562 utin
1703 3514 1861 3577 und'iS,
1903 3513 2195 3578 aequilibrio
2234 3525 2351 3575 par-

106 3583 239 3642 tium,
280 3589 332 3631 ut
369 3583 714 3645 perfectissime
753 3583 987 3633 rotundus
1026 3581 1220 3632 evadat.
1298 3582 1674 3648 Intelligendum
1701 3594 1776 3637 est
1813 3594 1977 3637 autem
2015 3587 2109 3636 hoc
2148 3585 2206 3634 de
2242 3587 2354 3633 aere

109 3655 384 3718 tranquillo.

258 3729 450 3792 Quibus
475 3731 788 3791 aryumentis
820 3730 1022 3791 probas,
1062 3731 1231 3776 aerem
1269 3742 1365 3777 esse
1391 3727 1670 3780 densiorem
1708 3699 1943 3781 aethere?
2015 3733 2223 3781 Duobus
2264 3745 2357 3793 po-

113 3801 365 3850 tissimum.
412 3828 418 3831 ·
447 3799 493 3866 1)
532 3801 659 3863 Quia
698 3802 829 3864 quod
866 3816 1012 3866 supra
1049 3804 1210 3849 a’e'rem
1250 3802 1297 3848 in
1324 3803 1519 3853 aethere
1558 3804 1659 3852 fieri
1688 3811 1833 3865 negat
1871 3807 2170 3869 experientia
2198 3810 2356 3852 astro-

116 3875 324 3935 nomica,
364 3873 411 3921 id
451 3875 497 3920 in
539 3877 644 3936 ipsa.
682 3889 833 3924 curva
871 3877 995 3922 ain-is
1034 3875 1287 3936 superficie
1326 3878 1523 3923 omnino
1552 3876 1651 3924 fleri
1681 3884 1907 3925 testatur:
1950 3878 2209 3926 ut‘scilicet
2235 3875 2355 3923 radii

1889 3966 2012 4013 10⁴⁸*
