2554 4140
833 136 966 182 Liber
996 135 1188 182 Tertius,
1249 136 1358 180 Pars
1392 136 1573 192 Quarta.
2222 134 2324 194 265

241 290 351 352 Quo
387 294 687 351 aryumento
732 290 916 336 nititur
951 288 1071 335 haec
1117 286 1466 350 comparatio?
1521 284 1648 348 Quia
1685 288 1848 333 aestus
1889 296 2087 332 causam
2126 279 2335 329 diximus

94 376 199 411 esse
237 361 365 409 Solis
402 360 722 418 altitudinem,
762 366 1146 409 consummatum
1183 362 1329 422 igitur
1365 364 1552 408 aestum
1589 363 1806 421 praestat
1844 360 2179 406 consummata
2205 351 2333 402 Solis

93 433 329 490 altitude,
381 433 576 495 qtrando
615 434 721 481 sola
759 436 880 495 agit,
935 449 1029 481 non
1070 434 1238 495 adjuta
1277 438 1504 495 tempore.
1582 431 1695 480 Jam
1746 444 1860 479 vcro
1900 430 1947 475 in
1987 443 2111 476 zona
2156 426 2336 475 torrida

94 513 169 554 est
204 514 538 554 consummata
563 506 691 554 Solis
729 505 959 568 altitudo;
1000 505 1223 554 definitur
1261 506 1386 553 enim
1425 519 1548 553 zona
1588 504 1783 566 tropicis
1812 501 2018 562 duobus,
2058 502 2183 549 intra
2210 514 2334 562 quos

92 577 179 628 Sol
216 577 337 626 locis
374 579 578 641 singulis
632 582 890 641 quotannis
946 580 1069 626 binis
1119 577 1410 626 meridiebus
1461 578 1506 624 in
1546 579 1704 639 ipsum
1745 576 1975 624 verticem
2013 575 2174 634 venit,
2230 587 2336 621 cum

92 650 340 712 ecliptica,
380 650 508 699 Solis
546 654 657 711 iter,
695 654 966 715 porrigatur
1004 652 1065 699 ab
1105 665 1202 699 uno
1241 652 1425 714 tropico
1465 649 1526 699 ad
1564 649 1729 698 alium.
1804 647 2034 695 Vicissim
2074 648 2188 709 quia
2227 646 2336 694 hie-

91 725 183 771 mis
231 737 429 772 causam
478 723 684 772 diximus
735 739 840 773 esse
879 723 1007 772 Solis
1054 723 1376 772 humilitatem
1428 723 1724 786 temporibus
1763 719 2068 768 meridianis:
2117 718 2335 781 plenaria

93 798 239 858 igitur
277 796 407 844 Solis
444 797 719 857 humilitas,
761 797 852 845 hoc
891 803 964 845 est
1002 796 1248 858 depressio
1287 797 1378 845 sub
1418 796 1716 844 horizontem
1756 799 1802 842 et
1841 794 1911 841 sic
1949 792 2172 840 absentia
2210 799 2336 840 tem-

96 883 211 932 pore
250 870 729 925 meridianormcrum
767 871 916 933 frigus
955 877 1195 918 causatur.
1272 868 1387 918 Jam
1429 883 1541 918 vero
1579 870 1628 915 in
1658 868 1792 917 zonis
1830 864 2033 928 frigidis,
2074 879 2197 926 quas
2239 866 2334 912 cir·-

92 942 229 989 culus
276 942 458 1004 polaris
511 944 876 1003 circumscribit,
929 941 1090 989 nullus
1139 948 1211 990 est
1249 941 1414 1002 locUS‚
1469 944 1549 1004 qui
1589 955 1684 990 non
1721 955 1807 1002 per
1846 939 2034 1000 aliquot
2074 939 2200 985 anni·
2229 937 2334 984 dies

91 1013 204 1063 Sole
254 1021 439 1076 careat,
493 1022 546 1064 ut
596 1015 971 1064 demonstratum
1018 1019 1155 1077 parte
1196 1016 1349 1064 tertia.
1425 1014 1574 1069 Recte
1629 1015 1774 1077 igitur
1828 1013 1950 1060 istae
1989 1025 2141 1059 zonae
2180 1026 2210 1057 a
2247 1010 2334 1058 fri-

90 1102 221 1150 gere,
263 1088 442 1136 torrida
479 1104 510 1136 a
542 1089 713 1148 calore,
755 1102 850 1150 quo
878 1093 1095 1148 torretur,
1138 1087 1522 1136 denominantur.
1597 1087 1905 1152 Relinquitur
1929 1085 2092 1147 igitur,
2132 1089 2187 1138 ut¹
2210 1080 2348 1130 tem-'

90 1166 286 1223 peratae
341 1176 495 1210 zonae
547 1163 823 1224 temperatis
871 1161 985 1208 anni
1033 1161 1251 1224 partibus
1291 1166 1654 1224 comparentur,¹
1709 1160 1824 1222 quia
1872 1159 1998 1206 intra
2036 1158 2248 1218 tropicos
2290 1163 2335 1203 et

88 1233 284 1296 polares
325 1240 437 1283 sunt
474 1235 773 1295 constrictae,
813 1235 1035 1296 nuspiam
1075 1232 1240 1282 Solem
1277 1249 1454 1297 passae
1493 1232 1793 1294 verticalem,
1835 1224 2060 1294 nuspiam
2099 1228 2213 1278 Sole
2251 1244 2336 1293 per

95 1312 248 1354 totum
290 1306 415 1356 diem
454 1308 720 1355 naturalem
762 1321 975 1369 unquam
1015 1314 1246 1355 carentes·

239 1379 445 1428 Recense
483 1382 744 1428 varietates
779 1381 1122 1439 solstitiorum,
1173 1386 1434 1442 aestusque
1472 1387 1517 1428 et
1552 1380 1747 1439 hiemis,
1798 1394 1890 1442 per
1925 1383 2108 1438 septem
2141 1378 2336 1438 positus

88 1452 330 1512 sphaerae
366 1454 431 1502 ab
470 1454 693 1515 ecliptica
728 1453 997 1514 distinctos,
1051 1453 1229 1514 quibus
1267 1455 1489 1515 quinque
1525 1467 1682 1502 zonae
1719 1453 2103 1514 distinyuunlur
2154 1455 2199 1497 et
2235 1455 2336 1496 ter-

92 1527 373 1574 minantur.
450 1526 506 1574 In
559 1540 682 1574 zona
729 1526 907 1573 torrida
955 1525 1167 1574 solstitia
1213 1527 1438 1589 nuspiam
1489 1528 1581 1574 nisi
1629 1528 1676 1572 in
1735 1526 1839 1589 ejus
1896 1524 2111 1573 terminis
2168 1521 2332 1571 Solem

91 1596 273 1645 habent
323 1598 627 1647 altissimum.
702 1598 820 1646 Cum
878 1600 1023 1660 igitur
1073 1601 1284 1648 maxima
1333 1598 1463 1647 Solis
1515 1598 1721 1647 altitudo
1777 1601 1824 1646 in
1880 1596 2079 1646 meridie
2136 1595 2337 1644 definiat

91 1672 293 1719 aestatis
331 1674 643 1735 principium,
682 1674 880 1720 minima
917 1671 1112 1719 hiemis:
1162 1685 1258 1719 non
1298 1674 1444 1734 igitur
1482 1673 1650 1735 incipit
1688 1672 1765 1720 hic
1804 1675 1965 1720 aestas
2004 1670 2065 1718 ab
2106 1668 2336 1717 alterutro

91 1742 317 1808 solstitio,
355 1747 447 1792 nisi
486 1748 532 1792 in
575 1747 873 1794 extremitate
913 1758 1078 1804 zonae,
1119 1747 1209 1793 sub
1237 1748 1447 1808 tropico3
1489 1753 1647 1794 cetera
1673 1744 1781 1793 loca
1820 1743 2028 1793 torridae
2056 1740 2338 1805 intermedia

92 1816 348 1879 analogice
386 1817 630 1880 loquendo
670 1818 788 1866 duas
827 1817 1008 1866 habent
1045 1824 1274 1891 aestateS,
1314 1817 1428 1867 Sole
1466 1834 1553 1881 pei
1590 1820 1819 1867 verticem
1858 1823 2162 1873 transeunte,
2217 1814 2337 1862 duas

90 1889 300 1950 hiemes,
356 1889 469 1939 Sole
506 1893 556 1938 in
594 1890 811 1939 solstitiis
851 1892 1112 1948 existente,
1166 1891 1361 1953 quando
1403 1906 1547 1954 quam
1599 1897 1761 1954 potest
1799 1891 2082 1953 longissime
2124 1888 2338 1936 deflectit

90 1964 140 2008 in
177 1963 453 2011 meridianis
490 1964 620 2012 horis
659 1963 720 2011 ab
760 1963 950 2011 illorum
990 1964 1252 2012 veiticibus
1291 1964 1353 2012 ad
1386 1965 1514 2012 latus
1555 1973 1811 2027 utrumque
1849 1963 2028 2012 mundi.
2100 1961 2339 2022 Reliquae

91 2049 243 2084 zonae
281 2035 500 2099 singulas
539 2037 721 2084 habent
767 2042 1005 2096 aestateS,
1057 2037 1274 2098 singulas
1322 2037 1504 2087 hiemes
1545 2038 1591 2085 in
1632 2052 1784 2086 annos
1835 2034 2080 2098 singulos,
2136 2034 2269 2082 illam
2309 2049 2339 2081 a

91 2108 302 2157 solstitio
357 2109 480 2165 alto,
534 2110 658 2158 hanc
709 2109 769 2157 ab
819 2108 987 2156 humili
1034 2110 1335 2172 incipientes.
1413 2111 1514 2159 Sub
1553 2117 1817 2174 aequatorc
1857 2111 2023 2173 igitur,
2080 2110 2127 2155 in
2177 2106 2336 2155 medio

90 2196 243 2230 zonae
281 2182 505 2243 torridae,
547 2184 690 2231 binae
726 2188 936 2231 aestates
975 2188 1087 2230 snut
1121 2185 1167 2229 in
1210 2184 1334 2232 binis
1372 2186 1708 2246 aequinoctiis,
1750 2184 1931 2232 hiemes
1970 2183 2112 2233 binae
2151 2195 2339 2244 aequa-

92 2253 202 2303 liter
238 2256 335 2304 sere
374 2257 498 2302 inter
535 2263 744 2304 aestates
783 2256 1076 2317 interjectae,
1118 2257 1296 2318 quibus
1337 2259 1635 2320 temporibus
1674 2272 1823 2320 penes
1864 2271 1952 2305 nos
1991 2256 2192 2304 aestatis
2230 2254 2338 2302 hie-

93 2329 249 2376 misve
286 2329 578 2391 principium
618 2336 718 2377 est:
773 2330 1027 2391 utrobique
1081 2331 1206 2377 enim
1246 2331 1516 2392 aequaliter
1565 2332 1660 2379 illis
1699 2347 1729 2380 a
1770 2333 1948 2378 vertice
1988 2329 2072 2379 Sol
2113 2327 2338 2376 deflectit.

93 2400 233 2448 Haec
269 2407 430 2448 tamen
471 2404 682 2450 varietas
719 2408 981 2465 perpetuae
1020 2404 1268 2465 temperiei
1307 2403 1509 2452 similior
1549 2411 1648 2463 est,
1691 2419 1835 2466 quam
1876 2405 2057 2467 aestati„
2091 2407 2137 2450 ct
2174 2401 2335 2450 hiemi.

91 2473 175 2521 Sol
217 2476 344 2521 enim
382 2487 479 2521 non
516 2473 776 2523 multorum
815 2476 996 2524 dierum
1035 2474 1312 2523 meridianis
1351 2476 1483 2524 horis
1515 2478 1563 2524 in
1603 2479 1833 2527 verticem
1861 2477 2055 2536 incidit,
2095 2474 2182 2524 sed
2210 2473 2338 2522 cele-

96 2548 210 2594 riter
248 2547 310 2595 ab
348 2553 512 2595 austro
552 2543 722 2596 transit
760 2551 805 2596 in
844 2550 1221 2611 septentrionem
1261 2555 1309 2598 et
1347 2551 1576 2610 vicissim,
1619 2565 1725 2599 cum
1765 2552 2068 2613 potissimam
2110 2548 2338 2609 temporis

91 2625 279 2681 partem
333 2621 380 2666 in
431 2620 638 2668 arcubus
677 2620 884 2669 solstitio
934 2623 1107 2669 vicinis
1147 2629 1413 2670 consumat.
1492 2623 1608 2671 Dies
1649 2626 1795 2672 ctiam
1835 2630 1934 2671 tam
1973 2622 2147 2672 aestivi
2191 2634 2337 2682 quam

7 2691 10 2696 ’
87 2692 296 2756 hiberni,
339 2707 446 2740 cum
485 2695 585 2741 suis
613 2695 836 2742 noctibus
873 2696 969 2741 sint
1007 2694 1262 2756 aequales,
1303 2695 1485 2745 babent
1523 2697 1670 2758 igitur
1707 2697 1909 2745 fervoris
1949 2695 2149 2745 aestatis
2186 2694 2338 2741 inter-

92 2767 255 2828 posita
289 2766 425 2828 justa
463 2771 604 2814 nocte
642 2773 827 2828 gratam
868 2769 1176 2829 temperiem3
1227 2767 1409 2816 habent
1447 2769 1631 2818 hiemes
1670 2769 1858 2828 Solem,
1912 2783 2018 2817 cum
2057 2766 2338 2830 longissime

91 2838 284 2886 absistit
318 2840 367 2885 in
406 2837 651 2887 solstitiali
676 2839 887 2898 meridie,
930 2841 1139 2888 vicinum
1170 2840 1330 2889 adhuc
1369 2843 1551 2900 vertici,
1592 2857 1682 2891 nee
1706 2842 1901 2905 longius
1943 2837 2081 2910 23¹]2
2109 2838 2339 2903 gradibus

12 2906 13 2921 ³
90 2911 433 2971 absistentem,
489 2925 594 2959 eum
644 2911 774 2974 apud
812 2926 900 2960 nos
939 2914 986 2959 in
1025 2920 1212 2962 aestate
1263 2920 1429 2962 nostra
1478 2914 1623 2963 distet
1660 2915 1871 2977 longius,
1947 2915 2121 2977 Itaque
2162 2927 2338 2962 causae

90 2983 263 3039 hiemis
305 2987 517 3047 ipsorum
557 2983 667 3047 plus
707 2984 967 3048 disponunt
1005 2986 1066 3034 ad
1105 2986 1357 3047 servorem,
1401 3002 1546 3051 quam
1587 3002 1762 3036 causae
1803 2993 1998 3037 nostrae
2037 2988 2252 3036 aestatis

236 3057 365 3106 Inter
402 3065 713 3119 aequatorem
753 3066 801 3107 et
839 3060 1073 3120 tropicos,
1123 3058 1307 3108 scilicet
1343 3061 1393 3106 in
1433 3074 1531 3107 uno
1571 3060 1720 3109 latere
1759 3075 1912 3108 zonae
1952 3059 2184 3120 torridae,
2241 3059 2340 3108 bini

15 3115 17 3117 ¹
91 3129 285 3191 quidem
325 3137 437 3178 sunt
477 3130 578 3178 dies
618 3132 744 3189 anni,
787 3131 962 3192 quibus
1002 3131 1174 3180 diebus
1201 3131 1284 3180 Sol
1325 3132 1421 3180 illis
1461 3146 1704 3180 summum
1743 3140 1971 3182 causatur
2009 3139 2213 3193 aestum,
2255 3147 2340 3195 per

92 3203 319 3252 verticem
360 3205 537 3266 quippe
580 3204 841 3263 transierim
894 3209 945 3251 at
994 3203 1064 3250 illi
1114 3203 1214 3252 bini
1253 3204 1356 3252 dies
1408 3219 1516 3253 cum
1557 3205 1773 3254 discessu
1826 3206 1921 3255 loci
1971 3208 2033 3256 ab
2073 3212 2339 3269 aequatore

93 3281 141 3323 et
177 3276 270 3324 sibi
308 3272 513 3325 invicem
555 3284 602 3324 et
642 3283 840 3337 uterque
879 3276 1087 3324 solstitio
1128 3275 1379 3338 paulatim,
1403 3280 1819 3342 appropinquant:
1860 3281 1929 3329 sic
1969 3286 2020 3329 ut
2059 3280 2213 3330 hiems
2253 3292 2339 3327 seu

89 3350 309 3397 remissio
350 3350 522 3398 caloris
563 3364 672 3409 una,
715 3349 903 3397 duabus
933 3350 1218 3411 interposita
1255 3351 1539 3410 aestatibus,
1581 3351 1739 3402 hieme
1777 3355 2017 3402 contraria
2054 3355 2118 3402 sit
2144 3354 2340 3402 brevior

92 3421 312 3484 adeoque
352 3430 399 3471 et
438 3422 651 3482 calidior,
694 3423 807 3483 qnia
847 3421 930 3469 Sol
972 3422 1016 3467 in
1058 3419 1143 3469 illa
1179 3436 1275 3469 non
1318 3430 1414 3470 tam
1457 3423 1598 3487 longe
1640 3424 1845 3474 discedit
1883 3441 1911 3475 a
1951 3429 2145 3486 vertice,
2191 3440 2338 3488 quam

93 3494 139 3540 in
176 3493 357 3554 altera,
411 3495 512 3543 dies
564 3497 708 3543 etiam
749 3502 796 3543 et
835 3510 941 3542 cum
983 3495 1040 3540 iis
1081 3500 1245 3542 aestus
1284 3493 1528 3558 longiores
1567 3497 1746 3548 habere
1786 3499 1981 3562 incipit,
2039 3514 2184 3562 quam
2239 3512 2334 3546 non

93 3571 277 3614 tantum
317 3569 363 3614 in
402 3568 557 3617 hieme
597 3567 763 3624 altera,
805 3568 887 3615 sed
929 3568 1073 3615 etium
1118 3566 1194 3614 vel
1236 3568 1282 3615 in
1324 3570 1441 3630 ipsis
1480 3569 1607 3618 binis
1646 3572 1932 3621 aestatibus,
2012 3573 2249 3636 Adeoque
2290 3573 2337 3617 in

90 3637 211 3687 locis
249 3642 433 3703 tropico
472 3643 642 3689 vicinis
683 3647 891 3689 aestates
931 3640 1041 3687 illae
1072 3640 1228 3699 binae,
1268 3640 1529 3690 solstitium
1569 3646 1951 3707 circumstantes,
1991 3645 2114 3694 adeo
2144 3652 2334 3703 coeunt,

94 3717 148 3758 ut
181 3711 385 3761 hiemem
423 3713 638 3772 alteram,
681 3729 825 3776 quam
863 3713 1041 3760 habere
1081 3727 1205 3760 zona
1243 3714 1421 3762 torrida
1459 3721 1620 3778 potest
1658 3718 1706 3765 in
1745 3718 1956 3768 solstitio
1979 3719 2153 3779 altiori,
2192 3719 2333 3781 peni-

95 3790 170 3830 tus
209 3783 390 3834 elidant
441 3787 584 3849 inque
639 3789 912 3835 continuam
968 3786 1202 3833 avstatem
1253 3794 1550 3836 convertant.
1627 3790 1682 3837 In
1723 3806 1933 3851 summa,
1984 3806 2106 3839 zona
2157 3788 2336 3838 torrida

94 3861 372 3919 perpetuam
411 3859 767 3922 quodammodo
806 3861 1216 3921 sentitaestatem,
1258 3866 1478 3925 respectu
1517 3876 1747 3914 zonarum
1776 3870 2070 3927 ceterarum3
2110 3863 2334 3929 hiemem,
