2554 4140
170 152 273 201 348
1001 146 1238 203 Epitomes
1266 145 1582 191 Astronomiae

167 287 414 361 pellucidi,
454 299 616 344 tamen
655 296 797 357 quasi
837 308 896 343 ex
933 294 1200 359 superficie.
1255 293 1430 356 Itaque
1466 295 1552 343 lux
1591 299 1646 343 ut
1681 295 1960 360 superficies
1997 294 2332 345 consideratur
2370 301 2420 345 et

168 369 338 418 eadem
385 368 562 429 habet,
612 381 739 430 quae
767 366 914 417 ‘aliae
967 368 1274 432 superficies,
1328 368 1376 413 in
1423 373 1560 416 motu
1599 373 1647 416 et
1683 369 1926 432 impactu3
1976 383 2007 416 a
2044 383 2244 432 corpore
2282 383 2415 429 vero,

168 440 299 503 quod
336 443 462 489 intra
499 440 802 504 superficiem
839 441 1131 490 illustratum
1170 446 1256 499 est,
1295 439 1416 487 nihil
1443 442 1638 503 patitur,
1679 443 1796 502 quia
1821 457 1852 489 a
1877 439 2179 504 corpulentia
2203 442 2418 490 interiori

167 517 243 561 sui
283 513 429 562 fontis
468 528 565 563 non
604 513 881 562 deseendit:
924 517 996 562 vis
1034 512 1292 576 prensandi
1331 526 1506 576 corpus
1533 528 1564 561 a
1588 527 1786 577 corpore
1817 513 2079 562 descendat
2103 527 2301 562 necesse
2329 523 2416 575 est,

166 591 219 634 ut
268 587 331 634 sit
376 600 526 635 causa
571 600 774 635 movens
813 586 1025 648 analoga
1062 599 1151 633 suo
1193 585 1386 646 objecto
1425 585 1611 634 mobili.
1686 586 1861 648 Itaque
1899 588 2047 634 etiam
2086 587 2301 650 corporis
2342 587 2420 634 di-

169 660 447 708 mensiones
485 658 697 708 admittit
735 666 784 709 et
821 674 1023 723 corpora
1062 663 1228 707 movet
1272 672 1369 705 non
1417 665 1605 706 tantum
1645 659 1912 708 secundum
1950 658 2276 722 superficiem,
2331 659 2420 708 sed

165 733 311 779 etiam
350 734 401 779 in
436 734 595 796 ipsam
631 742 797 781 eorum
835 732 1086 780 materiam
1133 745 1186 779 se
1224 732 1488 779 insinuans.
1568 733 1616 779 4.
1658 731 1786 780 Hinc
1822 734 1969 780 etiam
2007 732 2105 780 luci
2141 731 2278 780 nulla
2319 733 2413 780 ob-

164 809 261 852 stat
301 807 504 855 materia
541 805 814 868 superficiei
852 805 1100 866 obJectae,
1149 817 1247 866 quo
1286 804 1446 852 minus
1486 805 1535 851 in
1573 811 1818 853 momento
1858 803 1944 852 illa
1981 805 2259 868 superficies
2298 804 2438 852 illu-—

165 881 369 940 stretur3
408 877 540 941 quod
579 892 693 927 vero
733 879 830 927 luci
870 878 1046 936 obstat,
1088 885 1296 940 opacum
1334 891 1522 941 nempe,
1562 877 1612 925 id
1639 883 1874 942 perpetuo
1901 878 2066 925 obstat
2087 892 2176 926 nec
2204 892 2419 940 unquam
2464 922 2469 925 .

163 951 397 1010 vincitur,
450 950 684 1014 quamdiu
730 965 795 998 sc.
839 964 1046 1014 opacum
1082 955 1262 998 manet.
1339 950 1405 997 At
1443 951 1598 999 virtus
1635 949 1894 1014 prensandi
1932 963 2028 997 non
2066 955 2223 998 totum
2260 965 2419 1000 assem

163 1024 346 1072 vincitz*
379 1038 492 1073 nam
533 1025 697 1072 obstat
737 1030 784 1071 et
823 1023 1024 1084 derogat
1062 1022 1134 1070 illi
1170 1023 1430 1071 renitentia
1466 1025 1699 1072 materiae
1735 1025 1785 1071 in
1813 1036 2013 1087 corpore
2040 1022 2282 1087 planetae,
2321 1038 2423 1086 qua

163 1097 239 1156 fit,
293 1102 348 1145 ut
383 1096 580 1161 planeta
616 1098 716 1143 vim
754 1102 1062 1160 prensantem
1101 1100 1373 1160 promotam
1411 1110 1508 1144 non
1549 1102 1718 1145 exacte
1767 1100 2083 1157 assequatur,
2134 1095 2222 1145 sed
2259 1096 2323 1145 ab
2361 1111 2421 1146 ea

162 1169 462 1232 relinquatur
526 1175 575 1218 et
638 1168 956 1226 destituatur3
1027 1170 1075 1215 in
1130 1183 1229 1231 qua
1280 1174 1451 1218 mutua
1505 1171 1814 1218 contentione
1872 1170 2079 1231 tempori
2135 1169 2272 1218 locus
2328 1176 2418 1218 est.

169 1242 217 1293 5.
255 1242 487 1304 Ejusdem
528 1255 705 1290 causae
745 1248 818 1291 est
856 1248 904 1290 et
940 1241 1063 1290 haec
1100 1241 1380 1302 diversita8‚
1438 1242 1568 1305 quod
1619 1242 1702 1290 lux
1752 1243 2038 1291 terminatur
2075 1248 2124 1291 et
2158 1241 2421 1307 impeditur

165 1315 516 1379 superficiebus
555 1328 809 1379 corporum
850 1317 1032 1379 opacis,
1073 1329 1171 1377 quo
1211 1316 1371 1363 minus
1410 1315 1611 1364 ulterius
1649 1320 1867 1379 penetret
1904 1313 1967 1363 ad
2005 1314 2104 1364 alia
2132 1329 2335 1379 corpora
2369 1317 2420 1363 in

165 1386 337 1437 eadem
374 1394 506 1437 recta
545 1389 823 1437 constituta.
900 1388 968 1436 At
1004 1389 1082 1436 vis
1119 1387 1265 1449 haec,
1319 1402 1446 1451 quae
1485 1389 1732 1453 planetam
1771 1386 2044 1452 prensando
2085 1388 2415 1450 circumducit,

163 1475 261 1510 non
312 1459 571 1526 impeditur
615 1461 870 1525 superficie
920 1461 1055 1524 ejus,
1109 1460 1196 1509 sed
1244 1466 1465 1524 penetrat
1501 1464 1551 1510 in
1589 1475 1763 1525 corpus
1803 1458 1936 1523 quod
1974 1467 2194 1525 prensat,
2249 1468 2298 1511 et
2334 1477 2419 1526 per

163 1548 337 1598 corpus
375 1538 598 1598 penetrat
636 1536 782 1584 etiam
820 1535 868 1581 in
909 1548 1083 1598 corpus
1122 1533 1348 1598 planetae
1388 1534 1659 1594 ulterioris,
1709 1536 1751 1582 si
1801 1535 2077 1596 contingat,
2128 1534 2271 1584 binos
2310 1550 2418 1584 cum

165 1607 280 1655 Sole
318 1608 367 1654 in
405 1607 585 1657 lineam
622 1613 804 1656 rectam
842 1606 1078 1657 incidere:
1134 1613 1188 1655 ut
1225 1609 1296 1656 ita
1331 1607 1454 1655 nihil
1491 1608 1711 1657 turbetur
1748 1613 1911 1655 motus
1952 1607 2014 1656 ab
2051 1608 2418 1672 interpositione

165 1693 434 1743 corporum.
511 1679 578 1727 At
629 1680 667 1727 si
718 1686 878 1729 motus
926 1695 957 1729 a
1005 1680 1129 1729 lueis
1169 1679 1493 1730 illustratione
1531 1679 1936 1745 proficisceretur,
1987 1683 2290 1745 contingeret
2327 1681 2420 1730 hoc

77 1755 81 1758 ’
162 1752 442 1813 absurdum,
483 1759 538 1801 ut
575 1754 768 1816 quoties
806 1755 1025 1817 superior
1063 1752 1379 1816 eclipsaretur
1417 1754 1480 1803 ab
1519 1754 1758 1814 inferiore,
1797 1754 1942 1802 toties
1979 1760 2140 1803 motus
2178 1754 2284 1817 ejus
2310 1768 2419 1804 ces-

165 1831 295 1876 saret
330 1827 580 1891 tantisper,
621 1825 775 1876 donec
813 1827 1008 1876 inferior
1032 1826 1280 1875 celeritate
1321 1841 1412 1876 sua
1437 1841 1545 1877 sese
1573 1827 1775 1891 eriperet
1802 1837 1860 1875 ex
1888 1825 2031 1876 linea.
2100 1828 2148 1877 6.
2189 1828 2418 1890 Denique

161 1913 258 1947 non
297 1913 404 1949 esse
442 1901 716 1949 necessario
754 1905 940 1948 motum
979 1899 1282 1964 planetarum
1322 1916 1351 1948 a
1389 1899 1520 1949 Solis
1557 1900 1742 1949 lumine
1780 1898 1937 1961 nude,
1992 1905 2129 1963 patet
2179 1899 2412 1964 exemplis

162 1986 318 2022 rerum
357 1973 586 2033 aliarum,
626 1973 711 2022 ubi
747 1979 909 2022 motus
947 1972 1118 2021 similis
1157 1972 1441 2022 coelestium
1480 1973 1534 2021 fit
1573 1975 1676 2022 sine
1715 1972 1922 2033 lumine,
1962 1981 2016 2021 ut
2054 1972 2221 2022 videre
2258 1979 2333 2022 est
2369 1974 2417 2020 in

161 2051 386 2108 magnete
437 2051 485 2095 et
535 2046 658 2094 infra
706 2047 895 2110 patebit
941 2045 1163 2110 exemplo
1203 2045 1398 2107 Lunae,
1451 2060 1578 2109 quae
1618 2053 1841 2095 movetur
1877 2060 1909 2094 a
1945 2045 2170 2106 Tellure,
2219 2059 2419 2110 corpore

162 2119 357 2168 minime
395 2118 654 2167 luminoso.
731 2119 838 2167 Etsi
874 2126 990 2168 tunc
1027 2133 1143 2167 suas
1183 2120 1328 2167 etiam
1367 2126 1530 2183 partes
1575 2121 1793 2169 inveniet
1829 2117 2122 2168 illuminatio
2160 2119 2331 2168 Lunae
2371 2125 2420 2168 et

162 2191 391 2252 Telluris,
447 2191 534 2241 sed
589 2206 716 2255 quae
766 2193 856 2241 etsi
906 2197 1196 2256 cooperatur
1241 2192 1303 2240 ad
1356 2191 1649 2241 movendam
1689 2192 1880 2241 Lunam
1929 2192 2268 2252 multifariam,
2319 2206 2418 2240 non

161 2270 325 2313 tamen
360 2263 411 2313 id
448 2279 532 2328 per
570 2279 623 2314 se
660 2265 792 2326 facit,
832 2263 919 2314 sed
957 2265 1130 2314 saltem
1168 2266 1379 2328 speciem
1417 2267 1667 2315 motrieem
1703 2264 1915 2315 Telluris
1952 2264 2195 2326 fortificat,
2235 2270 2291 2314 ut
2328 2277 2417 2314 suo

161 2337 269 2387 loco
310 2337 511 2388 dicetur.
2093 2393 2097 2398 ,

238 2463 240 2465 ,
311 2411 456 2475 Quae
491 2417 560 2459 est
594 2410 875 2459 similitudo
909 2412 1043 2458 inter
1077 2413 1256 2474 speeies
1291 2412 1418 2460 lucis
1455 2417 1500 2459 et
1537 2411 1691 2472 hujus
1727 2412 1932 2459 virtutis
1966 2409 2285 2474 prensandi?
2337 2408 2419 2458 Si-

161 2483 382 2532 militudo
433 2483 797 2533 absolutissima
844 2488 918 2532 est
966 2484 1017 2530 in
1061 2485 1172 2547 ipsa
1217 2485 1384 2546 genesi
1434 2490 1481 2532 et
1521 2483 1883 2533 conditionibus
1921 2485 2101 2548 speciei
2138 2484 2417 2546 utriusque:
2470 2500 2483 2516 1

162 2559 414 2619 utriusque
453 2557 714 2606 descensus
754 2555 813 2605 de
851 2555 1095 2605 luminoso
1134 2571 1333 2620 corpore
1370 2557 1425 2605 fit
1462 2559 1509 2604 in
1549 2563 1810 2619 momento,
1857 2557 2275 2620 utraque·transit
2312 2569 2418 2604 me-

164 2630 295 2678 dium
345 2644 575 2693 magnum
625 2635 674 2678 et
716 2643 919 2691 parvum
958 2631 1062 2678 sine
1093 2629 1311 2692 jactura,
1364 2644 1463 2679 non
1503 2629 1785 2693 vectigalis,
1837 2629 1958 2678 nihil
1996 2630 2122 2693 perit
2157 2630 2208 2676 in
2248 2629 2419 2678 itinere

162 2718 219 2751 ex
268 2703 400 2752 fonte
448 2717 558 2764 suo,
613 2702 734 2750 nihil
783 2704 906 2751 inter
944 2702 1126 2751 sontem
1167 2708 1214 2752 et
1251 2703 1572 2752 illuminabile
1611 2702 1690 2753 vel
1730 2702 1908 2752 mobile
1947 2702 2250 2767 dispergitur.
2327 2701 2416 2749 Ef-

162 2776 321 2824 fluxus
361 2777 508 2839 igitur
545 2781 748 2839 uterque
786 2777 1140 2824 immateriatus
1180 2781 1280 2837 est,
1335 2790 1432 2825 non
1472 2775 1631 2839 qualis
1683 2775 1887 2825 odorum
1937 2790 2046 2826 cum
2100 2774 2418 2823 diminutione

163 2849 490 2907 substantiae,
543 2863 640 2898 non
687 2848 846 2911 qualis
899 2848 1074 2898 caloris
1124 2849 1189 2898 ab
1239 2849 1739 2899 aestuantesornace
1785 2855 1833 2898 et
1883 2850 1926 2897 si
1979 2848 2097 2911 quid
2134 2853 2210 2897 est
2245 2847 2418 2906 simile,

164 2922 340 2983 quibus
389 2921 554 2971 media
598 2922 889 2985 implentur:
941 2936 1031 2971 nec
1070 2923 1197 2970 enim
1237 2924 1425 2987 uspiam
1465 2927 1538 2970 est
1576 2923 1763 2985 species
1801 2921 1908 2981 illa,
1956 2923 2058 2970 nisi
2102 2923 2152 2969 in
2193 2921 2419 2985 opposito
2490 2949 2499 2959 ι

164 2999 213 3042 et
251 3001 530 3044 occurrente
569 3009 783 3058 corpore,
822 2993 944 3049 lucis
983 2993 1180 3056 quidem
1218 2996 1268 3043 in
1307 2995 1412 3058 ejus
1450 2996 1703 3058 superficie
1731 3009 1901 3060 opaca,
1940 2995 2136 3043 virtutis
2165 3008 2282 3043 vero
2305 3007 2416 3042 mo-

164 3067 317 3115 toriae
365 3069 413 3114 in
465 3073 569 3117 tota
616 3066 938 3131 corpulentia,
987 3069 1036 3113 in
1085 3069 1243 3131 spatio
1283 3082 1399 3117 vero
1450 3067 1735 3117 intermedio
1786 3070 1911 3116 inter
1949 3067 2110 3117 Solem
2162 3072 2210 3116 et
2246 3079 2418 3130 super·
2499 3073 2509 3108 ί

164 3139 318 3186 ficiem
358 3154 454 3188 non
493 3146 581 3201 est,
621 3141 708 3189 sed
745 3141 848 3188 fuit.
914 3139 1101 3202 Quodsi
1141 3147 1411 3190 occurreret
1447 3140 1701 3204 sphaerica
1739 3141 2019 3204 superficies
2058 3153 2277 3189 concava
2309 3153 2418 3188 cor-

164 3211 294 3274 poris
333 3214 486 3274 opaci,
528 3215 715 3276 species
755 3219 960 3275 utraque
987 3212 1171 3262 Solaris
1208 3215 1324 3263 totis
1363 3215 1531 3278 copiiS,
1573 3214 1750 3277 quibus
1789 3227 1984 3276 egressa
2023 3219 2124 3261 erat
2164 3227 2190 3261 e
2217 3225 2417 3275 corpore

165 3282 310 3343 Solis,
350 3286 399 3331 in
436 3284 487 3332 id
525 3300 794 3335 concavum
831 3285 1210 3349 dispergeretur,
1252 3288 1322 3336 sic
1358 3293 1412 3336 ut
1449 3277 1734 3336 tantundem
1771 3286 1877 3349 ejus
1915 3290 2045 3334 esset
2081 3286 2128 3332 in
2168 3285 2333 3348 ampla
2370 3289 2418 3333 et

164 3357 410 3404 remotiori
461 3356 626 3419 aliqua
674 3358 881 3421 sphaera
931 3358 1235 3421 huJusmodi,
1287 3365 1521 3422 quantum
1559 3361 1609 3407 in
1651 3365 1858 3423 angusta
1896 3363 1944 3406 et
1980 3359 2267 3421 propinqua.
2345 3357 2419 3404 Ac

166 3443 276 3478 eum
323 3431 570 3492 proportio
624 3431 811 3480 orbium
861 3446 1188 3481 convexorum
1235 3434 1297 3480 sit
1347 3432 1497 3497 dupla
1545 3433 1607 3481 ad
1658 3433 2019 3495 proportionem
2059 3430 2414 3488 diametrorum,

168 3500 317 3565 duplo
357 3503 503 3564 igitur
540 3503 728 3551 tenuior
767 3503 1033 3554 efficeretur
1070 3507 1257 3568 species
1296 3506 1390 3554 ista
1427 3509 1477 3553 in
1516 3506 1714 3555 orbibus
1752 3503 2108 3566 inaequalibus,
2154 3518 2302 3565 quam
2331 3515 2415 3550 re-

165 3576 367 3637 motior3
407 3579 456 3623 et
492 3588 705 3634 rursum,
747 3577 861 3637 quia
898 3577 1183 3627 circulorum
1222 3585 1296 3627 cst
1333 3577 1505 3628 eadem
1541 3577 1716 3641 simpla
1747 3577 2021 3640 proportio,
2064 3591 2188 3639 quae
2225 3582 2274 3625 et
2308 3574 2416 3623 dla-

165 3653 452 3696 metrorum:
506 3648 555 3693 in
593 3645 793 3709 longum
830 3649 977 3708 igitur
1014 3653 1201 3713 species
1240 3651 1412 3701 eadem
1450 3652 1763 3715 proportione
1802 3655 1875 3698 est
1911 3650 2127 3711 tenuior,
2168 3663 2264 3711 qua
2303 3652 2351 3697 et
2386 3661 2417 3695 a

167 3721 303 3769 fonte
342 3720 586 3769 remotior.
2417 3722 2424 3734 ·

321 3792 461 3842 Unde
508 3791 846 3839 desumuntur
893 3799 1199 3851 aryumenta
1244 3796 1398 3854 hujus
1449 3792 1888 3855 comparationis?
1938 3794 2015 3843 De
2052 3793 2160 3843 luce
2195 3793 2416 3858 proprie-

167 3870 296 3915 tates
333 3867 458 3916 istae
497 3863 853 3914 demonstratae
891 3867 1004 3911 sunt
1039 3864 1089 3910 in
1128 3868 1330 3931 opticis3
1384 3868 1444 3918 de
1481 3869 1659 3917 virtute
1697 3866 1826 3917 Solis
1865 3862 2073 3916 'metrice
2122 3881 2207 3931 per
2242 3864 2416 3916 analo-
