2554 4140
858 154 996 201 Liber
1025 153 1245 211 Quartus.
1301 153 1419 199 Pars
1450 151 1621 199 Tertia.
2240 157 2340 207 371

83 306 197 363 tine,
240 317 386 366 quam
421 309 658 365 pugnant.
735 303 816 352 Sic
852 318 1053 367 magnes
1078 303 1204 367 lapis
1230 317 1331 351 una
1369 302 1583 364 corporis
1609 305 1747 363 parte
1785 301 1960 350 ferrum
1986 301 2152 366 trahit,
2191 301 2344 351 altera

81 378 255 439 abigit,
305 390 402 424 non
442 378 609 437 utique
647 384 843 439 propter
881 377 1094 439 aliquam
1132 377 1414 424 mixtionem
1453 374 1830 431 elementorum,
1889 374 1975 423 sed
2026 379 2226 438 propter
2263 377 2341 422 in-

80 456 267 497 ternam
305 448 645 511 figurationem
682 449 1010 510 rectilineam,
1051 449 1316 498 secundum
1356 461 1503 510 quam
1542 446 1691 494 habet
1728 448 1924 495 insitam
1963 450 2222 511 virtutem;
2274 450 2345 496 sic

82 521 210 570 idem
247 536 448 584 magnes
486 521 660 569 fortius
699 523 899 571 attrahit
936 524 1112 571 serrum
1150 523 1475 586 propinquum
1516 533 1662 581 quam
1700 518 2035 582 longinquum,
2075 535 2174 570 non
2197 521 2343 585 quod,

18 589 26 603 '
82 609 191 643 cum
226 595 424 657 propior
462 600 559 654 est,
599 594 709 658 plus
750 597 876 658 ignis
913 602 999 643 aut
1035 602 1191 644 terrae
1230 595 1426 654 habeat,
1466 592 1551 641 sed
1591 592 1707 654 quia
1746 595 1899 641 virtus
1939 594 2044 655 ejus
2085 608 2193 650 cum
2238 597 2346 658 ipsa

82 667 393 729 elongatione
433 672 733 716 extenuatur.
809 668 1013 717 Manent
1048 667 1364 716 nihilominus
1403 679 1606 727 corpora
1645 664 1878 734 coelestia
1928 663 2039 731 (hoc
2090 674 2163 715 est
2200 682 2346 716 mun—

87 741 235 799 dana)
273 741 507 804 perennia
545 747 594 789 et
631 741 969 799 immutabilia,
1009 741 1174 804 quoad
1212 746 1342 789 totas
1378 738 1534 787 moles
1575 733 1714 804 (nam
1743 752 1869 800 quae
1907 740 1953 784 in
1983 753 2147 787 eorum
2173 755 2346 804 super-

80 813 284 861 ficiebus
330 815 627 862 mutationes
665 816 927 874 eveniunt,
981 828 1068 863 eae
1106 813 1294 861 nullum
1348 812 1519 860 afferre
1554 817 1854 858 momentum
1895 818 2100 873 possunt
2142 813 2204 861 ad
2242 822 2346 862 tur-

0 901 9 919 ·
56 885 270 940 vbandos
309 892 519 934 totarum
557 886 759 935 molium
797 887 1004 949 motus),
1057 901 1116 935 ex
1167 901 1264 948 qua
1313 891 1526 934 totorum
1564 883 1821 946 globorum
1857 886 2160 946 perennitate
2201 893 2248 934 et
2287 901 2345 933 ex

83 973 170 1019 ec,
222 959 355 1022 quod
393 959 515 1006 nihil
552 967 627 1009 est
664 963 713 1007 in
752 960 932 1008 mundo
971 959 1322 1020 inordinatum,
1379 957 1510 1020 quod
1546 962 1707 1005 motus
1746 971 1911 1005 eorum
1950 958 2208 1023 impediat,
2260 960 2347 1006 de-

84 1031 268 1095 pendet
306 1035 453 1081 etiam
490 1031 577 1082 illa
615 1033 904 1096 regularitas
942 1033 1282 1080 circuitionum
1318 1030 1684 1092 similitudoque
1722 1036 1981 1093 perpetua,
2024 1038 2072 1080 et
2110 1033 2348 1094 inaequa-

87 1105 242 1153 litatis
279 1120 366 1168 per
401 1111 563 1167 partes
602 1106 821 1168 singulas
861 1111 1088 1154 constans
1128 1105 1401 1167 aequalitas
1439 1117 1525 1167 per
1564 1107 1694 1152 vices
1733 1107 1964 1166 integraS.
2019 1107 2026 1118 ⁸
2270 1126 2273 1130 »

220 1178 434 1227 Recense
456 1179 733 1227 secundum
759 1185 1124 1241 armamentum
1152 1184 1389 1239 veterum,
1431 1193 1462 1225 a
1488 1191 1645 1225 causa
1669 1183 1901 1225 movente
1924 1175 2149 1225 ductum.
2192 1177 2348 1226 Dixe-

82 1257 221 1312 runt,
268 1254 475 1301 virtutes
523 1253 751 1301 motrices
800 1265 1054 1314 corporum
1101 1250 1386 1300 coelestium
1437 1264 1545 1298 esse
1594 1250 1986 1312 simplicissimae
2027 1251 2347 1317 substantiae,

77 1331 279 1373 mentes·
317 1326 544 1372 nimirum
595 1325 788 1373 divinas
837 1331 885 1373 et
934 1325 1244 1387 purissimas,
1303 1337 1428 1386 quae
1467 1322 1599 1384 quod
1645 1329 1799 1385 agunt
1845 1329 2134 1387 „constanter
2183 1330 2346 1386 agant,

75 1404 314 1459 perpetuo
350 1398 538 1447 similes
552 1435 569 1462 ,
621 1398 1019 1461 aequabilissima
1057 1399 1368 1446 contentione
1408 1398 1582 1444 virium
1623 1411 1763 1458 usas,
1810 1411 2060 1460 nunquam
2099 1397 2348 1459 fatigatas,

79 1474 196 1534 qnia
232 1470 453 1520 laborem
489 1470 679 1519 nullum
716 1472 945 1520 sentiant.
1023 1470 1234 1519 Causam
1272 1472 1439 1533 itaque
1478 1468 1666 1517 nullam
1705 1484 1838 1531 esse,
1888 1484 1972 1519 cur
2009 1469 2119 1518 aliis
2160 1478 2350 1533 tempo-

76 1543 211 1592 rib‘us
258 1544 401 1592 aliter
444 1551 676 1593 moveant
723 1559 840 1593 suos
886 1544 1091 1607 globOS‚
1142 1543 1365 1606 adeoque
1417 1543 1565 1591 etiam
1616 1542 1796 1606 figuras
1850 1550 2069 1592 motuum
2111 1544 2174 1592 ob
2221 1544 2350 1592 hanc

81 1618 241 1679 ipsam
278 1619 516 1666 mentium
553 1625 779 1666 naturam
814 1617 1193 1680 perfectissimos
1234 1631 1341 1666 esse
1381 1616 1604 1665 circulos.
2069 1629 2078 1641 ¹

231 1690 369 1754 Quid
415 1697 471 1739 tu
518 1697 699 1740 contra
749 1690 999 1754 opponis?
1050 1690 1156 1737 Etsi
1204 1691 1360 1739 virtus
1409 1692 1587 1738 motrix
1639 1703 1799 1751 neque
1837 1689 1975 1738 Deus
2027 1689 2206 1752 aliquis
2259 1694 2347 1751 est,

85 1777 245 1826 neque
282 1778 441 1824 mens,
489 1763 851 1813 concedendum
889 1771 1052 1812 tamen
1092 1769 1188 1823 est,
1243 1761 1375 1825 quod
1414 1761 1522 1811 vult
1559 1767 1924 1824 argumentum,
1978 1765 2154 1825 partim
2203 1764 2350 1812 etiam

85 1835 145 1884 de
197 1836 283 1885 illa
331 1851 481 1885 causa
529 1840 752 1897 metrice,
795 1852 941 1900 quam
980 1836 1140 1884 verior
1176 1835 1491 1898 philosophia
1528 1837 1766 1896 insinuat,
1808 1835 1993 1884 scilicet
2032 1835 2091 1884 de
2130 1837 2351 1900 potentia

0 1941 33 1967 4,
82 1908 294 1957 naturali
332 1923 614 1972 corporum,
656 1910 788 1973 quod
828 1911 1109 1971 ubicunque
1150 1916 1213 1959 et,
1234 1911 1280 1955 in
1323 1914 1558 1972 quantum
1598 1908 1710 1957 talis
1747 1911 1968 1972 potentia
2007 1916 2080 1958 est
2117 1908 2348 1970 solitaria,

44 2007 49 2009 -
82 1982 478 2045 aequabilissime
517 1990 566 2032 et
603 1985 650 2030 in
689 1984 957 2046 perfectum
997 1981 1229 2030 circulum
1267 1988 1487 2043 moveat,
1537 1981 1686 2044 idque
1739 1982 1847 2030 sola
1884 1985 2018 2031 nisus
2056 1984 2348 2032 necessitate

7 2075 10 2093 ·
80 2062 131 2104 et
165 2059 408 2105 essentiae
446 2071 565 2105 suae
603 2057 916 2119 simplicitate
955 2056 1170 2118 perenni.
1247 2055 1329 2104 Sic
1366 2054 1420 2103 fit
1457 2056 1505 2101 in
1546 2054 1893 2104 convolutione
1933 2070 2190 2119 corporum
2214 2055 2345 2105 Solis

10 2159 11 2162 =
82 2128 154 2193 (et
189 2129 311 2177 forte
363 2132 510 2178 etiam
550 2129 815 2192 Telluris),
867 2144 994 2192 quae
1035 2129 1098 2177 ab
1134 2140 1236 2176 una
1273 2127 1380 2176 sola
1421 2142 1572 2177 causa
1608 2130 1812 2178 motrice
1851 2134 1947 2186 est,
1988 2143 2075 2178 seu
2114 2129 2201 2178 illa
2242 2143 2351 2178 cor-

66 2203 212 2264 -poris
265 2204 330 2250 sit
380 2202 617 2265 qualitaS,
667 2218 754 2252 seu
794 2202 991 2273 soboles
1029 2203 1246 2262 animae,
1297 2203 1487 2263 corpori
1539 2209 1790 2253 connatae.
1864 2201 2036 2251 Manet
2075 2204 2202 2251 enim
2242 2205 2348 2251 axis

14 2315 15 2318 ,
81 2289 189 2324 cnm
229 2274 421 2324 duobus
461 2277 701 2339 oppositis
737 2275 897 2341 polis,
947 2289 1124 2338 corpus
1171 2289 1289 2324 vero
1337 2277 1463 2324 circa
1513 2289 1655 2324 axem
1695 2274 1914 2324 volvitur
1952 2276 2351 2339 aequabilissime

15 2371 17 2378 ι
82 2354 131 2397 et
170 2347 557 2398 circularissime.
633 2349 713 2398 Sic
751 2349 887 2399 fieret
913 2351 1076 2410 etiam,
1117 2350 1159 2396 si
1198 2348 1374 2412 globus
1401 2347 1579 2410 aliquis
1617 2348 1917 2411 planetarius
1952 2349 2122 2399 eodem
2163 2363 2354 2412 semper

16 2427 19 2458 ἱ
69 2420 341 2472 iintervallo
381 2437 413 2470 a
447 2421 564 2471 Sole
602 2423 827 2485 abesset;
879 2427 1130 2484 raperetur
1180 2424 1307 2471 enim
1355 2435 1386 2470 a
1424 2420 1540 2470 Sole
1577 2422 1982 2484 perfectissimum
2031 2424 2079 2470 in
2121 2422 2355 2472 circulum

74 2495 485 2557 aequabilissime
522 2509 609 2558 per
645 2497 872 2545 emissam
909 2496 1123 2558 speciem
1161 2496 1535 2544 immateriatam
1586 2497 1800 2558 corporis
1839 2495 2038 2557 Solaria,
2078 2499 2127 2544 in
2166 2510 2354 2558 aequa-

20 2585 21 2589 *
68 2566 325 2618 ·bilissimo
362 2570 632 2632 gyrationis
668 2577 804 2617 motu
845 2570 1120 2629 constituti,
1173 2581 1270 2631 quo
1326 2567 1498 2616 eodem
1548 2567 1949 2631 aequabilissimo
1972 2576 2124 2618 motu
2163 2570 2351 2632 species

22 2635 23 2641 ’
71 2642 229 2690 ‘etiam
279 2642 377 2690 ista
426 2644 641 2704 corporis
691 2644 739 2689 in
790 2640 1112 2704 amplitudine
1167 2642 1314 2704 spatii
1353 2641 1587 2690 mundani
1625 2642 1872 2707 circumit,
1919 2643 2073 2691 instar
2125 2643 2354 2692 concitati

22 2730 26 2782 q
75 2715 297 2765 rvorticis.
1796 2764 1800 2767 ,

71 2799 86 2828 x
229 2788 298 2835 At
334 2789 563 2849 quamvis
599 2787 837 2837 hactenus
878 2787 1261 2836 concesserimus
1299 2792 1639 2849 argumentum
1668 2792 1903 2848 veterum,
1946 2786 2162 2836 nondum
2188 2791 2353 2837 tamen

27 2860 29 2863 ’
75 2857 195 2909 :hinc
231 2862 452 2923 sequitur
490 2860 771 2910 omnimoda
807 2866 1028 2909 motuum
1067 2859 1358 2922 aequalitas.
1434 2860 1512 2908 Ad
1550 2866 1736 2908 motum
1771 2861 1896 2908 enim
1938 2866 2228 2910 concurrunt
2253 2875 2351 2909 non

30 2975 31 2979 ,
73 2937 273 2982 ¹tanturn
311 2936 467 2982 virtus
517 2936 692 2982 motrix
745 2939 794 2983 et
840 2947 1016 2996 corpus
1054 2932 1268 2994 mobile,
1320 2932 1406 2981 sed
1458 2935 1604 2983 etiam
1644 2934 1832 2982 interna
1871 2932 2096 2996 figuratio
2136 2935 2351 2997 corporis

75 3006 282 3063 -mobilis
316 3006 596 3068 rectilinea,
639 3021 764 3070 quae
802 3019 890 3070 pro
931 3006 1125 3056 diverso
1166 3007 1262 3055 situ
1300 3005 1363 3054 ad
1401 3005 1566 3055 Solem
1609 3005 1931 3055 diversimode
1959 3008 2104 3056 etiam
2132 3009 2189 3054 ¹in
2217 3012 2353 3056 motu

77 3078 304 3139 nificitur,
347 3094 406 3129 ex
443 3094 543 3128 una
578 3079 729 3142 plaga
769 3079 1053 3142 expellitur,
1095 3093 1154 3128 ex
1194 3079 1348 3128 altera
1385 3078 1594 3128 trahitur
1631 3080 1916 3142 introrsum3
1967 3082 2206 3129 concurrit
2243 3069 2350 3129 axis

81 3154 343 3216 magnetici
383 3152 441 3201 de
480 3152 649 3201 mobili
690 3166 892 3216 corpore
931 3155 1070 3214 quies
1104 3153 1158 3202 in
1197 3153 1292 3200 situ
1331 3152 1600 3216 paralle10,
1639 3166 1697 3200 ex
1737 3166 1834 3214 qua
1875 3155 2037 3216 quiete
2076 3155 2265 3203 interna
2304 3159 2352 3202 et

81 3233 141 3274 ex
177 3226 635 3288 circumgestatione
658 3227 722 3274 ab
762 3232 899 3274 extra
936 3227 1162 3274 veniente
1200 3226 1365 3273 existit
1390 3224 1476 3273 illa
1512 3226 1806 3287 permutatio
1834 3227 1956 3275 situs
1994 3229 2204 3289 partium
2238 3226 2351 3291 pla-

29 3298 34 3380 ἱ
81 3301 222 3347 setae
259 3298 324 3347 ad
361 3297 556 3361 Solem3
597 3300 837 3348 concurrit
875 3296 1086 3360 denique
1125 3297 1438 3345 intervallum
1475 3297 1602 3346 inter
1620 3297 1784 3359 Solem
1825 3305 1873 3347 et
1909 3299 2173 3362 planetam,
2216 3300 2349 3363 quod

31 3382 39 3477 ἱ
81 3380 168 3432 με
215 3370 353 3421 illam
401 3371 739 3435 expulsionem
789 3377 837 3420 et
885 3371 1224 3419 attractionem
1276 3371 1520 3418 variatur:
1586 3376 1775 3420 mutato
1825 3386 1942 3422 vero
1988 3373 2249 3423 intervallo
2303 3379 2351 3422 et

34 3484 37 3494 .
84 3439 283 3506 planeta
319 3447 548 3495 veniente
588 3447 637 3493 in
678 3447 905 3494 virtutem
945 3442 1217 3492 densiorem
1258 3447 1343 3489 aut
1381 3443 1627 3503 rariorem,
1666 3458 1865 3505 necesse
1906 3452 1979 3495 est
2016 3452 2200 3496 motum
2243 3446 2350 3509 ejus

35 3500 39 3556 l
84 3514 229 3564 cuam
268 3517 454 3568 intendi
492 3518 571 3567 vel
611 3519 790 3567 remitti
831 3523 880 3566 et
917 3516 1118 3580 figuram
1157 3515 1341 3564 itineris
1368 3514 1468 3563 fieri
1507 3515 1785 3580 ellipticam.
1861 3518 1939 3567 Ita
1975 3529 2202 3583 respectu
2228 3533 2349 3568 con-

37 3584 47 3659 'l
86 3597 253 3638 cursus
290 3595 363 3639 tot
399 3592 744 3654 requisiturum
783 3592 937 3638 virtus
975 3589 1224 3652 planetam
1262 3601 1465 3637 movens
1503 3602 1599 3638 non
1639 3595 1801 3653 potest
1841 3590 1935 3641 dici
1973 3592 2193 3657 simplex,
2235 3594 2351 3655 quia

39 3666 49 3726 ξ
83 3667 247 3711 movet
283 3662 383 3712 alio
423 3670 572 3727 atque
611 3664 710 3713 alio
749 3663 903 3727 gradu
943 3675 1061 3710 suae
1099 3661 1294 3723 speciei.

13 3740 48 3791 ·†
91 3758 95 3761 -
179 3738 182 3742 ’
229 3734 379 3799 Quod
412 3743 524 3786 erat
559 3743 784 3786 veterum
826 3740 1186 3798 aryumenwm
1226 3750 1258 3781 a
1296 3733 1437 3784 loco?
1486 3733 1568 3784 Sic
1621 3735 1948 3800 collegerunt:
2004 3738 2346 3788 elementarem

15 3795 52 3894 21
84 3806 325 3869 regionem
375 3810 503 3858 circa
539 3817 756 3859 centrum
793 3809 961 3858 mundi
1014 3820 1149 3867 esse,
1204 3805 1391 3855 coelum
1430 3808 1477 3854 in
1529 3809 1810 3873 superficie,
1865 3811 2148 3874 corporibus
2202 3810 2348 3871 igitur

17 3859 50 3923 l·
85 3873 458 3931 elementaribus
515 3890 789 3947 competere
845 3887 1029 3932 rectum
1087 3885 1301 3942 motum,
1360 3881 1445 3943 qui
1502 3882 1793 3947 principium
1851 3890 1898 3933 et
1954 3884 2098 3933 finem
2147 3881 2344 3943 habeat,

1868 3968 1991 4018 24⁴*
