2554 4140
785 90 1020 148 Excerpta
1047 68 1106 137 ex
1127 91 1314 138 Tabulis
1335 79 1653 151 Rudo'lphinis.
2243 101 2343 151 581

90 235 296 294 nuspiam
326 240 479 281 tamen
508 232 567 278 ad
596 233 877 280 formandam
898 241 1049 282 motus
1081 238 1341 314 apparentis
1363 238 1671 284 diversitatem
1701 238 1940 294 concurrit,
1971 240 2038 286 uti
2058 239 2142 287 fit
2129 255 2176 286 ιιι
2197 241 2224 287 5
2249 240 2349 301 pla-

90 302 220 347 netis.
278 302 412 347 Piuxi
451 299 590 357 igitur
629 299 718 344 iter
758 303 902 347 centri
938 304 1140 360 corporis
1172 304 1331 349 Lunae
1361 303 1407 347 in
1439 302 1583 348 forma
1611 304 1802 360 perfecti
1832 305 2009 364 circuli,
2050 307 2138 352 etsi
2167 307 2214 353 id
2246 322 2351 365 pro-

88 368 184 427 prie
221 367 447 425 loquendo
488 371 558 410 est
596 364 788 423 ellipsis,
826 380 1070 426 parumper
1110 383 1138 414 a
1177 368 1344 414 circulo
1383 366 1628 414 deflectens
1670 369 1941 426 introrsum,
1987 376 2039 416 ιιι
2078 373 2126 418 ιιι
2163 372 2350 431 ceteris;

87 445 231 490 eoque
262 432 398 477 etiam
427 430 588 476 tabula
619 432 943 487 aequationum
973 447 1030 479 ex
1060 434 1210 491 ellipsi
1241 436 1503 491 computata
1533 438 1616 478 est.

267 497 399 555 Quod
431 497 594 541 attinet
623 502 796 542 motum
827 500 1019 557 apogaei
1047 501 1206 545 Lunae
1238 500 1516 574 (apogaeum
1537 499 1654 543 enim
1691 499 1738 544 in
1768 500 1899 545 Luna
1929 503 2266 549 consideramus
2296 508 2349 550 ut

86 567 134 612 in
163 565 282 622 Sole,
315 563 437 620 quod
465 564 513 606 in
544 562 706 607 ceteris
739 563 936 621 quinque
969 571 1039 610 est
1070 566 1329 623 aphelium)‚
1362 565 1472 610 satis
1502 564 1541 610 is
1574 569 1644 609 est
1675 565 1814 624 celer,
1847 567 1886 611 si
1913 568 2173 614 tarditatem
2203 569 2347 627 respi-

87 632 254 677 ciamus
286 629 494 686 apsidum
526 628 572 672 in
605 630 789 679 ceteris;
820 632 1062 677 revertitur
1092 634 1210 677 enim
1241 632 1299 676 ad
1330 631 1523 676 eundem
1552 631 1728 676 zodiaci
1757 631 1908 677 locum
1937 640 2043 690 post
2073 648 2214 680 annos
2236 636 2347 692 8'l2,

86 712 142 744 ex
172 711 260 753 quo
293 701 363 740 est
393 708 419 739 a
451 694 654 751 quolibet
685 694 929 752 digressus.
989 698 1204 743 Manente
1233 697 1370 754 igitur
1399 696 1734 742 eccentricitate
1762 697 1866 748 AB,
1898 699 2104 744 circellus
2135 713 2161 744 a
2193 708 2348 747 centro

27 774 31 780 ·
84 764 122 808 Β
151 760 422 806 describitur
453 761 574 806 circa
604 762 773 806 Terrae
804 768 1020 821 centrum,
1053 764 1158 821 plus
1190 776 1324 820 quam
1355 762 1494 820 duplo
1526 761 1718 819 amplior
1747 764 1942 809 maximo
1965 765 2132 810 Terrae
2163 767 2364 824 circulo,

86 835 131 873 et
158 828 203 872 id
233 825 481 871 secundum
523 827 727 871 ordinem
767 828 998 883 signorum
1036 842 1064 873 a
1107 828 1280 874 dextris
1311 841 1491 873 sursum
1534 829 1593 873 ad
1622 828 1863 878 sinistram.
1926 830 2198 887 Hujusmodi
2241 847 2347 879 vero

85 891 287 939 circellos
331 891 590 936 describent
621 893 757 937 etiam
793 894 1073 950 reliquorum
1110 895 1396 952 planetarum
1435 899 1592 939 centra
1633 895 1986 939 eccentricorum
2032 895 2152 941 circa
2182 898 2345 952 Solem,

92 960 132 1004 si
158 958 374 1015 temporis
406 956 603 1015 spatium
634 958 846 1004 habitura
878 966 985 1005 sunt
1013 960 1238 1006 idoneum.

253 1026 338 1067 His
358 1027 595 1077 praemissis
615 1030 765 1068 transit
781 1030 986 1080 Keplerus
1008 1031 1061 1069 ad
1087 1031 1408 1082 descriptionem
1430 1031 1680 1082 tabularum,
1714 1041 1819 1082 quae
1839 1031 1985 1071 Lunae
2006 1032 2190 1071 theoriae
2212 1033 2349 1072 inser-

85 1089 216 1141 viunt,
249 1089 290 1126 et
317 1086 417 1124 huic
448 1086 720 1136 descriptioni
749 1088 852 1127 haee
882 1089 1098 1139 adjungit:
1132 1084 1218 1131 Hic
1249 1086 1377 1132 locus
1408 1087 1634 1145 admonet,
1666 1090 1719 1131 ut
1740 1087 1862 1143 quod
1894 1088 2034 1144 supra
2055 1089 2143 1139 (fol.
2167 1090 2267 1144 563)
2291 1088 2347 1132 de

30 1172 34 1179 ·
80 1149 270 1210 planetis
302 1148 508 1193 omnibus
527 1147 633 1205 dixi,
666 1147 867 1205 abJ’ectos
899 1163 927 1194 a
956 1148 1159 1199 me.esse
1190 1151 1383 1197 circulos
1414 1157 1461 1197 et
1494 1151 1639 1206 orbes,
1668 1149 2102 1208 regularitatemque
2142 1157 2346 1197 motuum

82 1219 199 1264 circa
228 1220 384 1265 centra
416 1214 662 1271 quaedam,
709 1214 824 1260 situs
856 1221 902 1261 et
930 1216 1158 1262 intervalli
1197 1218 1471 1275 constantis,
1513 1218 1673 1264 relicta
1708 1218 1905 1275 planetis
1946 1216 2102 1271 orbita<
2126 1218 2343 1276 elliptica,

81 1284 127 1330 id
149 1284 240 1340 jam
271 1282 430 1327 Lunae
461 1281 657 1325 motibus
689 1281 928 1338 applicem.
992 1283 1102 1327 Cum
1134 1283 1254 1328 enim
1289 1283 1470 1329 tabulas
1510 1284 1830 1340 aequationum
1859 1283 2043 1336 Lunae,
2091 1283 2342 1328 anomaliae

85 1349 273 1403 solutae,
304 1346 658 1403 computaverim
687 1360 770 1404 per
802 1346 1050 1404 ellipticam
1079 1348 1196 1392 viam
1227 1354 1274 1394 et
1304 1363 1435 1395 areas
1465 1349 1806 1407 triangulorum,
1838 1354 1890 1393 ut
1919 1348 1965 1392 in
1995 1348 2191 1406 planetis
2224 1355 2342 1395 cete-

82 1416 155 1471 ris,
185 1413 439 1472 quaeritur,
475 1412 583 1467 quid
614 1426 685 1457 me
717 1414 916 1469 coegerit
946 1427 974 1458 a
1005 1414 1216 1459 circulari
1248 1415 1441 1460 circuitu
1471 1416 1630 1460 Lunae
1661 1415 1901 1471 recedere,
1942 1414 2001 1468 si,
2033 1420 2084 1458 ut
2107 1415 2204 1471 ,iam
2235 1415 2342 1473 dixi,

81 1495 167 1527 non
198 1479 391 1524 sentitur
428 1477 475 1521 in
506 1491 560 1522 ea
591 1478 783 1539 deflexio
822 1479 901 1523 illa
932 1480 1075 1524 centri
1103 1479 1226 1535 globi
1267 1495 1295 1525 a
1324 1481 1480 1526 circuli
1510 1480 1790 1537 perfectione
1831 1480 2111 1526 introrsum?
2173 1481 2344 1527 Causas

79 1545 212 1602 igitur
242 1544 354 1589 duas
382 1543 536 1589 trado:
567 1546 714 1602 prima
744 1551 827 1602 est,
861 1546 967 1602 quia
997 1545 1142 1591 altera
1161 1545 1462 1602 inaequalitas
1483 1551 1729 1603 menstrua,
1761 1546 1818 1590 de
1841 1561 1931 1604 qua
1961 1547 2187 1604 posterius
2210 1559 2346 1603 agen-

80 1607 195 1670 dum,
225 1615 322 1655 tota
352 1611 500 1656 causis
531 1613 814 1659 naturalibus
847 1613 1056 1670 efficitur,
1089 1613 1186 1658 sine
1219 1607 1400 1659 circulis
1431 1612 1625 1670 propriis
1637 1629 1653 1670 ;,
1684 1625 1848 1669 magna
1877 1613 2032 1669 itaque
2063 1613 2342 1670 praesumtio

79 1676 163 1723 fuit
191 1677 324 1722 etiam
355 1675 411 1720 de
441 1677 530 1722 hac
560 1679 783 1724 anomalia
814 1679 980 1724 soluta.
1041 1678 1201 1724 Altera
1232 1692 1391 1735 causa,
1424 1679 1531 1737 quia
1560 1678 1839 1735 reliquorum
1868 1678 2157 1735 planetarum
2186 1684 2340 1727 motus

82 1742 332 1800 exemplum
372 1742 505 1787 etiam
537 1744 695 1790 Lunae
739 1745 1052 1802 praeiverunt,
1100 1750 1146 1791 et
1183 1745 1291 1802 quia
1330 1757 1494 1790 causae
1535 1757 1692 1789 eorum
1720 1743 1939 1801 physicae
1979 1745 2045 1789 sic
2076 1748 2183 1789 sunt
2223 1757 2343 1789 com-

82 1813 280 1867 paratae,
310 1813 362 1852 ιιι
390 1810 633 1854 verisimile
662 1824 755 1855 non
786 1811 859 1868 sit,
892 1811 1115 1868 siquidem
1145 1825 1226 1857 eae
1246 1816 1438 1867 regnant
1466 1811 1513 1855 in
1547 1815 1802 1855 ceterorum
1821 1810 2036 1868 motibus,
2066 1824 2159 1855 non
2188 1808 2362 1856 itidem¹

83 1887 269 1933 regnare
312 1875 360 1918 in
390 1875 646 1934 lunaribus3
689 1878 957 1933 praesertim
991 1893 1092 1924 cum
1122 1876 1481 1937 aequipollentia
1520 1876 1799 1920 diversarum
1827 1875 1987 1922 Lunae
2017 1876 2342 1934 hypothesium

82 1941 130 1988 in
155 1939 379 1986 salvandis
410 1941 547 1998 huJus
579 1942 750 1998 primae
781 1943 1117 2000 inaequalitatis
1140 1944 1417 2002 apparentiis
1449 1942 1568 1987 intra
1589 1954 1768 1987 omnem
1790 1955 1950 1988 sensus
1976 1943 2344 2001 observandique

84 2007 371 2055 subtilitatem
402 2007 637 2054 consistat.
688 2009 1047 2055 Ptolemaeus
1079 2010 1260 2068 quidem
1281 2008 1532 2067 epicyclum
1563 2007 1716 2065 posuit
1749 2007 1795 2051 in
1817 2009 2118 2067 concentrico,
2150 2014 2345 2054 testatus

83 2072 206 2119 illum
234 2073 362 2129 paria
399 2073 549 2117 facere
597 2076 849 2120 eccentrico
892 2075 1103 2132 simplici,
1152 2076 1282 2133 cujus
1324 2072 1636 2120 eccentricitas
1679 2073 1739 2118 sit
1770 2073 1972 2130 aequalis
2006 2074 2343 2119 semidiametro

86 2137 292 2196 epicycli,
334 2138 514 2195 qualem
546 2141 845 2186 eccentricum
883 2148 930 2187 et
965 2142 1011 2186 in
1044 2142 1148 2187 Sole
1189 2147 1436 2200 posuerat.
1481 2141 1831 2198 Oopernicus
1871 2141 2123 2199 epicy-clum
2153 2142 2358 2195 eundem,

83 2204 279 2259 retinuit,
319 2203 442 2280 quod
470 2205 661 2262 primam
692 2206 811 2254 hanc
839 2208 998 2253 Lunae
1029 2209 1299 2254 anomaliam
1330 2208 1506 2253 attinet.
1570 2207 1681 2251 Cum
1723 2218 1829 2251 vero
1862 2206 2050 2265 Tycho
2080 2207 2346 2254 Braheus

86 2268 276 2327 videret,
306 2269 487 2315 nimiam
515 2283 616 2317 esse
645 2263 765 2319 hanc
796 2273 1204 2329 eccentricitatem,
1236 2273 1418 2319 nimiam
1450 2271 1642 2330 epicycli
1674 2270 1963 2330 diametrum,
1995 2284 2081 2317 nec
2111 2272 2346 2318 conciliari

86 2348 186 2385 eum
218 2335 528 2393 parallaxibus
570 2343 616 2382 et
659 2339 847 2384 umbrae
886 2339 1210 2385 diametrorum
1246 2338 1563 2395 varietatibus,
1610 2336 1845 2382 consilium
1893 2336 2012 2394 cepit
2051 2336 2167 2394 tale,
2214 2338 2349 2395 quale

86 2401 369 2448 Ptolemaeus
399 2403 447 2446 in
478 2403 742 2448 eccentricis
771 2404 1057 2461 planetarum
1088 2411 1384 2451 ceterorum..
1411 2404 1501 2449 Sed
1532 2403 1639 2460 quia
1667 2403 1714 2447 in
1743 2402 1799 2448 iis
1821 2403 2110 2448 Ptolemaeus
2142 2408 2347 2449 centrum

90 2478 301 2529 mouerat
336 2471 461 2517 aliud
504 2471 856 2517 eccentricitatis
897 2471 1115 2528 duplicis,
1159 2470 1279 2515 circa
1310 2471 1432 2526 quod
1470 2468 1693 2524 regularis
1727 2472 1849 2514 esset
1885 2468 2090 2513 incessus
2122 2469 2369 2526 planetae‚·

91 2548 232 2593 eoque
258 2542 384 2582 totus
416 2538 719 2594 eccentricus,
751 2544 804 2582 ut
834 2552 975 2595 supra
1005 2538 1198 2595 dictum,
1232 2538 1352 2583 circa
1381 2535 1616 2594 proprium
1649 2538 1854 2580 centrum
1883 2535 2137 2592 inaequalis
2168 2549 2252 2592 per
2283 2539 2350 2583 di-

87 2612 213 2649 versa.
237 2607 444 2660 tempora
471 2610 622 2649 motus
654 2606 950 2661 sentiebatur,
981 2603 1119 2660 idque
1149 2603 1481 2648 incommodum
1516 2600 1791 2657 Copernicus
1823 2600 1870 2643 in
1889 2599 2095 2656 planetis
2128 2599 2350 2657 effugerat

90 2667 383 2744 duplicatione
414 2670 485 2714 sui
517 2670 729 2728 epicycli,
777 2683 909 2726 quem
939 2683 1021 2726 pro
1054 2668 1306 2714 eccentrico
1339 2667 1587 2725 amplexus
1609 2671 1726 2710 erat:
1774 2664 1848 2709 hic
1880 2665 2057 2722 Tycho‚
2100 2665 2348 2722 Copernico

88 2732 228 2792 magis
257 2734 483 2791 addictus,
529 2736 666 2781 etiam
697 2737 743 2780 in
773 2736 907 2782 Luna
938 2735 1185 2792 duplicavit
1221 2735 1357 2792 hujus
1389 2734 1561 2791 primae
1601 2737 1646 2776 et
1679 2730 1856 2776 solutae
1886 2730 2222 2787 inaequalitatis
2256 2731 2349 2787 epi-

14 2828 17 2836 s
91 2801 282 2859 cyclum,
324 2814 538 2858 quorsum
578 2802 624 2848 in
661 2802 793 2847 Luna
835 2801 1034 2847 nondum
1073 2800 1384 2856 adspiraverat
1425 2798 1713 2855 Copernicus.
1775 2797 1886 2840 Post
1925 2797 2186 2854 Tychonem
2228 2810 2345 2856 ego,

92 2878 247 2912 ausas
275 2880 366 2911 non
395 2867 443 2911 in
473 2868 713 2925 epicyclos‚
746 2868 828 2913 sed
857 2868 903 2912 in
932 2866 1131 2912 rationes
1164 2866 1307 2911 vectis
1339 2871 1385 2911 et
1413 2865 1554 2910 librae
1575 2861 1809 2908 naturales
1830 2861 2093 2908 referendas
2126 2867 2346 2923 statuenS,

93 2929 251 2987 quibus
281 2932 491 2988 planetae
521 2933 608 2978 iter
638 2934 886 2991 ellipticum
917 2933 1191 2988 efficeretur,
1221 2932 1413 2977 easdem·
1434 2931 1568 2977 etiam
1597 2929 1644 2973 in
1675 2929 1808 2973 Luna
1838 2929 1991 2974 statui.

260 2998 414 3043 Oritur
465 3005 511 3044 et
563 3000 719 3056 quinta
753 2998 1021 3056 hypothesis
1060 2998 1112 3043 P.
1153 2997 1384 3042 Alberti
1423 2995 1603 3041 Curtii
1641 2994 1686 3039 S.
1728 2995 1798 3051 J.,
1850 2995 1980 3040 amici
2022 2995 2110 3040 mei
2151 2997 2348 3054 Uranici,

93 3061 378 3119 pulcherrimi
410 3078 464 3109 ea
492 3064 683 3122 ingenii;
715 3077 833 3120 quae
864 3077 966 3108 cum
984 3063 1158 3108 libram
1180 3064 1289 3107 mihi
1309 3063 1550 3138 relinquat,
1582 3062 1639 3107 ad
1670 3060 1955 3106 formandum
1975 3061 2064 3106 iter
2084 3062 2346 3121 ellipticum,

83 3124 258 3173 'vectem
286 3135 437 3174 tamen
468 3130 625 3186 eripit:
670 3142 821 3173 aream
853 3142 914 3174 sc.
944 3129 1161 3185 trianguli
1191 3129 1408 3175 transfert
1436 3129 1482 3172 in
1514 3133 1730 3184 punctum
1766 3126 2078 3183 aequatorium
2106 3128 2348 3176 Ptolemai-

96 3195 204 3246 eum,
233 3192 433 3239 focorum
466 3194 636 3250 ellipsis
666 3193 873 3249 alterum,
905 3195 1026 3239 circa
1058 3194 1179 3249 quod
1210 3193 1434 3238 anomalia
1463 3191 1613 3236 media
1643 3191 1908 3247 aequalibus
1940 3192 2173 3239 ordinetur
2203 3208 2346 3254 angu-

94 3252 273 3319 11⁸,sed
303 3272 420 3317 quae
449 3260 496 3304 in
528 3258 693 3304 effectu
722 3257 1038 3316 longitudinis,
1081 3272 1217 3315 quam
1248 3258 1321 3302 hic
1352 3263 1638 3315 spectamus,
1682 3271 1784 3302 cum
1815 3263 2040 3314 aequante
2069 3260 2345 3308 Ptolemaico

95 3289 270 3377 penitus
301 3324 525 3370 coincidit

262 3389 334 3434 En
373 3403 478 3446 ergo
518 3395 677 3448 typum
716 3388 914 3434 omnium
954 3394 999 3432 et
1042 3389 1112 3433 ιιι
1129 3388 1228 3445 ejus
1266 3400 1473 3435 arearum
1513 3388 1859 3447 aequationibus
1904 3388 1951 3435 in
1989 3389 2123 3436 Luna
2160 3393 2346 3453 quidem

97 3452 473 3511 propinquitatem
503 3468 791 3501 numerorum
820 3453 1167 3511 inopinabilem:
2013 3485 2016 3490 ,
