2554 4140
967 112 1202 159 Horroccii
1231 112 1261 157 J
1263 113 1471 159 udicium.
1695 122 1708 130 ‘
1984 112 1987 114 “
2232 118 2334 166 653

92 260 179 305 nisi
208 261 292 306 10¹.
354 261 582 308 Correctio
625 273 736 315 mea,
783 272 899 316 quae
945 259 1123 317 aphelio
1169 259 1295 306 addit
1334 272 1404 316 gr..
1430 258 1479 315 3,
1525 257 1603 303 dat
1651 257 1856 303 omnibus
1903 257 1990 317 12¹,
2038 258 2158 316 quod
2200 259 2336 305 inter-

93 325 288 370 medium
319 332 400 371 est.
602 334 603 337 ’
1066 358 1070 361 -
1606 340 1613 346 ‘

264 391 305 437 4.
339 391 471 448 Quod
493 392 571 440 ,ad
602 391 795 436 Martem
827 395 1021 448 spectat,
1066 392 1120 436 A,
1156 392 1204 437 C.
1236 391 1348 436 1594
1380 389 1604 446 completo
1651 389 1707 433 ab
1738 389 1915 445 aequali
1953 394 2081 434 motu
2118 389 2335 434 subtraho

94 457 135 500 1⁴
164 457 260 513 20”,
294 456 350 500 ab
382 457 560 523 aphelio
591 458 703 513 0¹s2‘.
743 458 1164 504 ‘Excentricitatem
1194 452 1321 503 facio*
1340 456 1455 502 9282
1487 456 1724 513 (Keplerus
1756 456 1895 502 habet
1915 457 2078 514 9265.).
2138 455 2190 499 In
2211 467 2340 506 crea-

92 523 215 567 tione
246 522 474 579 aphelium
503 523 664 568 Martis
696 530 827 568 esset
847 525 894 568 in
926 527 978 572 V
1010 526 1051 571 0.
1082 525 1125 570 0¹
1155 525 1234 582 0”;
1274 523 1478 579 adeoque
1507 522 1553 566 in
1581 522 1710 566 annis
1742 521 1856 567 5588
1884 519 2231 578 motussaphelii
2260 531 2336 564 ex-

92 588 211 633 cedit
238 588 558 645 Keplerianum
587 589 667 634 45⁰
696 591 740 635 0¹
772 591 870 636 30¹¹.

265 657 304 700 5.
339 654 661 711 obliquitatem
692 656 747 700 ab
778 655 1042 712 Albategnio
1074 654 1131 700 ad
1152 668 1250 712 nos,
1283 654 1412 700 annis
1433 655 1532 709 800,
1564 653 1798 698 devenisse
1819 657 1992 698 tantum
2013 653 2171 710 4⁴10‘⁴,
2202 658 2338 711 atque

93 734 120 764 a
139 719 398 765 Ptolemaeo
430 721 487 764 ad
507 721 822 778 Albategnium
857 723 924 768 16¹
955 723 1052 775 40”,
1085 722 1213 767 annis
1236 723 1334 777 660,
1365 721 1526 766 mirum
1556 720 1732 765 videtur
1764 719 2146 776 etimprobabile.
2198 720 2337 765 Lans-

90 787 271 842 bergius
301 786 425 831 addit
454 787 495 832 3¹
515 787 798 843 Albategnio‚
832 801 966 845 quam
996 799 1112 844 vere,
1144 788 1242 843 ipse
1271 786 1444 832 viderit.
1499 785 1613 830 Sunt
1634 785 1711 842 qui
1738 784 1784 828 in
1813 783 2127 839 refractionem
2159 798 2340 830 causam

100 852 364 908 conjiciunt,
396 865 511 907 quae
542 853 721 909 quidem
751 853 798 897 in
828 852 1216 898 observationibus
1246 855 1294 898 in
1325 859 1428 898 ortu
1457 852 1573 898 Solis
1604 850 1736 897 factis
1767 849 1933 905 aliquid
1964 856 2227 906 praestaret,
2260 851 2340 896 sed

90 918 136 962 in
175 918 431 962 meridianis
472 919 631 963 minus.
700 919 863 977 Audax
902 932 984 975 ego
1023 919 1141 964 forte
1181 920 1311 964 nimis
1351 919 1556 975 videbor,
1604 917 1643 962 si
1687 916 1921 972 conjecero
1968 915 2340 970 aequinoctialem

93 983 276 1028 minutis
309 985 349 1029 9¹
380 983 583 1029 altiorem
613 984 753 1029 fuisse
785 997 919 1041 quam
948 985 1036 1041 ipsi
1066 985 1336 1041 puta-verint.
1398 985 1497 1029 Hoc
1528 978 1676 1027 autem
1715 983 1754 1027 si
1785 982 1982 1038 dicatur,
2021 986 2117 1025 tum
2147 982 2219 1027 hic
2250 996 2340 1028 me.

91 1040 251 1094 delam'
268 1050 514 1109 adhibebit,
545 1055 641 1095 tum
672 1055 717 1095 et
745 1051 1040 1094 mutationem
1071 1050 1420 1095 excentricitatis
1453 1048 1620 1093 Solaris
1652 1046 1848 1103 sanabit3
1881 1056 2023 1102 quam‘
2047 1060 2130 1103 ego
2162 1047 2341 1093 minime

87 1116 242 1160 induci
279 1129 465 1173 possum
505 1122 556 1160 ut
586 1115 780 1167 credam,
828 1120 920 1159 tam
954 1115 1189 1173 insigniter
1220 1115 1471 1164 decrevisse
1512 1114 1642 1159 annis
1674 1126 1701 1158 a
1731 1112 1991 1156 Ptolemaeo
2037 1112 2094 1156 ad
2126 1111 2339 1169 Albateg-

89 1181 211 1225 nium
241 1182 351 1239 660,
390 1182 446 1226 ab
476 1181 746 1237 Albategnio
784 1186 936 1226 autem
974 1181 1032 1226 ad
1053 1219 1056 1232 ,
1077 1194 1160 1225 nos
1203 1181 1332 1226 annis
1371 1181 1457 1226 800
1502 1179 1690 1224 eandem
1729 1177 1864 1235 plane
1905 1178 2139 1223 mansisse.
2200 1178 2270 1222 Ea
2301 1180 2340 1224 si

91 1246 350 1302 conjectura
380 1247 675 1303 concedatur,
715 1248 801 1291 erit
831 1245 1144 1292 excentricitas
1176 1245 1426 1302 Hipparchi
1454 1243 1732 1301 temporibus
1765 1242 1921 1288 eadem
1960 1256 2075 1300 quae
2106 1257 2227 1289 nunc
2259 1250 2341 1304 est,

92 1313 330 1369 obliquitas
360 1315 441 1360 23⁰
469 1313 541 1359 42¹
571 1313 669 1367 20¹⁴,
702 1314 822 1368 quod
853 1327 953 1357 cum
983 1312 1260 1369 Albategnii,
1295 1311 1520 1368 Tychonis
1552 1315 1597 1356 et
1626 1309 1815 1367 aliorum
1846 1311 2039 1355 omnium
2070 1310 2343 1356 observatio-

90 1380 222 1425 nibus
252 1381 587 1425 accuratissime
616 1381 863 1433 consentit,
899 1380 1034 1424 etiam
1063 1380 1108 1423 in
1139 1379 1323 1424 minutis
1355 1377 1579 1423 secundis.
1640 1376 1869 1434 Essetque
1898 1377 1945 1421 in
1976 1372 2201 1422 creatione
2234 1378 2343 1423 obli-

90 1447 235 1504 quitas
267 1447 347 1491 240
376 1447 447 1491 17’
476 1447 559 1492 40”
591 1446 706 1502 (vide
738 1446 868 1502 Kepl.
900 1447 1020 1503 Epit.
1051 1446 1232 1491 Astron,
1263 1460 1309 1502 p.
1341 1445 1426 1491 917
1457 1449 1502 1488 et
1533 1443 1618 1490 337
1658 1443 1760 1501 [272
1793 1449 1832 1486 et
1865 1442 1987 1500 523])
2028 1444 2202 1500 eritque
2234 1445 2343 1489 obli-

98 1511 248 1567 quitas
278 1512 473 1556 maxima
510 1513 589 1557 250
622 1512 690 1556 14’
722 1514 829 1567 101‘,
867 1513 1016 1557 media
1045 1513 1125 1558 240
1155 1513 1225 1558 17’
1256 1513 1364 1570 40”,
1407 1511 1588 1556 minima
1624 1510 1702 1555 230
1731 1509 1802 1553 21¹
1836 1509 1917 1555 10¹1
1949 1511 2086 1566 (quae
2129 1510 2346 1567 contingit

94 1579 153 1623 A.
185 1578 230 1622 C.
262 1578 410 1634 4877),
438 1578 533 1635 Jam
562 1590 669 1621 vero
701 1579 817 1624 1637
847 1585 969 1624 esset
999 1580 1079 1624 230
1110 1580 1180 1625 30’
1215 1581 1312 1624 15¹¹.
1374 1579 1528 1622 Motus
1560 1574 1837 1632 obliquitatis
1860 1574 2046 1619 diurnus
2068 1577 2139 1621 6¹⁰
2173 1582 2344 1630 exacte,

92 1648 138 1687 et
165 1643 211 1686 in
242 1643 468 1687 creatione
505 1642 551 1687 1³.
584 1642 674 1686 30.
706 1644 748 1688 0‘
777 1646 847 1689 Ο”.
909 1644 957 1688 Si
985 1644 1099 1689 haec
1130 1643 1317 1688 variatio
1349 1641 1624 1699 obliquitatis
1655 1654 1737 1698 per
1766 1639 2049 1684 librationem
2078 1640 2179 1695 fiat,
2218 1641 2346 1693 nulla

93 1707 178 1751 erit
205 1707 310 1752 inde
340 1709 761 1766 prosthaphaeresis
791 1712 1200 1768 aequinoctiorum3
1247 1711 1328 1757 sed
1360 1712 1398 1757 si
1427 1724 1510 1768 per
1539 1715 1712 1755 motum
1741 1708 1963 1753 nodorum
1994 1708 2180 1764 Terrae,
2219 1714 2269 1755 ut
2298 1711 2344 1753 in

92 1773 191 1818 aliis
221 1772 419 1831 planetis
450 1774 523 1831 fit,
567 1777 762 1821 maxima
802 1777 1226 1834 prosthaphaeresis
1266 1778 1312 1821 in
1343 1778 1571 1822 creatione
1603 1780 1724 1821 esset
1753 1776 1792 1821 2.
1828 1776 1871 1819 5’
1903 1776 1981 1826 70,
2023 1774 2343 1820 subtrahenda.

91 1839 241 1894 Atque
281 1839 388 1884 hinc
425 1853 582 1898 porr0,
623 1843 663 1887 si
693 1842 986 1900 concedatur,
1030 1850 1244 1900 sequetur
1276 1843 1426 1889 Solem
1463 1843 1604 1888 fuisse
1643 1843 1690 1887 in
1729 1841 1876 1886 media
1914 1841 2129 1886 distantia
2152 1843 2214 1885 ¹in
2245 1841 2346 1897 ipsa

92 1905 337 1951 creatione.
394 1907 561 1952 Verum
592 1907 647 1952 de
678 1909 750 1952 his
780 1910 1000 1954 maturius
1033 1910 1183 1954 adhuc
1213 1909 1589 1954 considerandum
1621 1909 1718 1964 erit.
1801 1935 1808 1946 ι

264 1972 508 2018 Existimat
543 1973 789 2030 Keplerus,
833 1975 1105 2032 irregulares
1153 1989 1254 2020 esse
1293 1975 1638 2033 inaequalitates
1679 1975 1726 2018 in
1767 1971 2002 2018 stellarum
2043 1972 2240 2017 motibus
2287 1972 2343 2016 ob

11 2062 13 2067 ·
95 2048 230 2080 casus
270 2037 484 2094 physicos
524 2039 719 2102 incertos
755 2040 1010 2095 librumque
1037 2040 1309 2099 pollicetur,
1343 2054 1439 2098 »quo
1477 2041 1587 2086 illud
1620 2039 1678 2084 sit
1709 2040 2108 2084 demonstraturus.
2169 2039 2269 2092 Hoc
2309 2036 2347 2082 si

4 2155 6 2157 ,
92 2115 246 2147 verum
279 2103 362 2156 sit,
408 2104 515 2159 quid
545 2105 729 2150 tandem
758 2104 867 2149 fiet?
913 2106 1044 2150 Certe
1075 2107 1200 2151 Jovis
1238 2112 1388 2151 motus
1418 2119 1488 2151 me
1521 2105 1651 2162 quasi
1681 2104 1900 2149 inclinant
1930 2105 1974 2148 in
2011 2105 2134 2148 illam
2165 2110 2344 2149 senten-

4 2206 5 2210 ,
94 2170 224 2225 tiam;
258 2169 345 2214 nisi
375 2170 577 2216 dicamus
609 2185 785 2217 errores
815 2171 861 2216 in
893 2172 1171 2218 observando
1204 2173 1425 2219 admissos
1456 2186 1570 2219 esse.
1630 2171 1743 2217 Vide
1765 2171 1875 2216 Tab.
1901 2170 2126 2227 Rudolph.
2152 2166 2343 2227 praefat.

94 2248 197 2292 pag.
229 2237 270 2290 7,
302 2235 374 2292 34,
408 2237 504 2281 118.

2 2315 16 2370 ἶ
262 2316 487 2374 Keplerus
519 2318 583 2363 ait
611 2320 706 2365 tab.
738 2320 808 2378 34,
840 2319 1069 2378 physicam
1101 2320 1417 2376 aequationem
1447 2319 1628 2365 nimiam
1659 2332 1760 2364 esse
1790 2322 1920 2374 parte
1953 2322 2135 2374 quarta,
2186 2332 2266 2363 seu
2300 2319 2341 2362 5⁴

6 2379 21 2398 ⁴·
88 2383 317 2439 temporis.
377 2384 540 2428 Annon
569 2384 656 2429 hoc
696 2386 874 2430 evenire
911 2391 1064 2441 potest
1098 2385 1154 2430 ob
1191 2386 1430 2430 maximam
1465 2384 1583 2431 Solis
1627 2383 2058 2442 prosthaphaeresin
2096 2389 2340 2428 assumtam

97 2448 277 2492 nimiam
305 2449 490 2494 minutis
520 2450 575 2507 2‘‚
607 2450 693 2494 hoc
725 2456 795 2495 est
823 2451 930 2497 min.
962 2453 1005 2497 4‘
1034 2453 1248 2508 temporis
1280 2452 1327 2496 in
1348 2453 1501 2497 Luna:
1534 2451 1605 2496 vel
1636 2451 1768 2497 etiam
1801 2449 1936 2506 (quod
1969 2461 2050 2504 ego
2081 2450 2232 2506 potius
2262 2463 2343 2506 pu-

89 2514 293 2572 taverim)
324 2515 381 2559 ob
412 2515 655 2560 tardiorem
683 2516 850 2562 Terrae
880 2516 1204 2563 revolutionem
1235 2518 1354 2564 circa
1383 2517 1616 2576 proprium
1646 2529 1790 2572 axem,
1824 2527 1939 2571 quae
1972 2518 2017 2558 et
2046 2515 2268 2560 tantillam
2298 2514 2346 2559 in

93 2580 252 2625 Lunae
282 2585 407 2623 motu
438 2579 696 2626 tarditatem
726 2582 922 2628 inferat?

265 2644 329 2687 Ex
361 2650 539 2699 epistola
569 2649 607 2691 d.
643 2652 681 2693 1.
712 2651 840 2692 Julii:
883 2649 952 2693 De
985 2649 1103 2706 Sole,
1138 2650 1354 2703 Saturno,
1386 2649 1500 2693 Jove
1532 2653 1577 2692 et
1609 2649 1757 2692 Marte
1783 2642 1887 2703 jam
1912 2645 2125 2703 diximus3
2167 2645 2344 2697 Lunam

92 2712 297 2769 proxime
328 2723 569 2767 aggressus
602 2723 715 2768 sum,
749 2725 865 2769 quae
895 2714 1004 2758 mihi
1034 2715 1275 2760 maximam
1303 2713 1490 2760 facessit
1521 2712 1790 2758 molestiam.
1848 2711 2110 2769 Eclipsibus
2143 2723 2170 2754 a
2199 2709 2343 2755 Lans-

92 2778 246 2835 bergio
285 2776 541 2821 memoratis
579 2775 691 2822 alias
733 2778 921 2835 adjunxi
962 2781 1039 2838 21,
1089 2794 1146 2826 ex
1175 2780 1365 2826 Alstedii
1398 2779 1724 2838 Chronologia,
1769 2779 2042 2836 Uraniburgi
2074 2791 2100 2822 a
2131 2778 2345 2836 Tycho'ne

23 2901 26 2905 Δ
93 2844 368 2893 observata8‚
398 2840 467 2886 vel
499 2841 556 2885 ad
585 2842 713 2886 illum
744 2844 906 2889 saltem
935 2845 1232 2891 meridianum
1263 2846 1498 2892 reductas:
1532 2846 1691 2902 quibus
1724 2854 1769 2891 et
1799 2851 1902 2890 tuas
1935 2845 2068 2890 etiam
2095 2842 2227 2889 addo.

264 2908 432 2954 Verum
464 2908 502 2952 si
531 2914 741 2953 accurate
770 2909 940 2955 fuerint
968 2911 1074 2956 illae
1106 2913 1373 2957 observatae
1406 2925 1581 2967 omnes,
1620 2911 1897 2969 impossibile
1929 2917 2000 2956 est
2021 2916 2082 2954 ut
2111 2908 2205 2953 ulla
2234 2914 2345 2953 tem-

91 2974 214 3032 poris
257 2973 524 3030 aequatione
555 2973 703 3018 adhuc
743 2977 923 3032 cognita
963 2977 1280 3031 concilientur,
1323 2977 1419 3022 sine
1462 2977 1612 3033 aliqua
1650 2977 1973 3034 inaequalitate
2015 2980 2195 3032 praeter
2233 2988 2344 3033 eam,

94 3053 229 3097 quam
247 3039 432 3095 Kepleri
464 3038 648 3083 exhibet
677 3039 958 3097 hypothesis.
1020 3044 1210 3098 Qualem
1241 3057 1375 3087 unam
1416 3043 1594 3100 quidem
1629 3044 1737 3088 satis
1767 3042 2048 3100 probabilem
2081 3042 2346 3098 excogitavi,

96 3118 229 3161 quam
265 3117 371 3149 mox
413 3118 650 3161 exponam.
711 3106 893 3152 Interim
934 3115 1143 3154 accurate
1185 3122 1338 3154 omnes
1379 3109 1520 3154 fuisse
1560 3109 1843 3164 observatas,
1891 3107 2152 3163 neutiquam
2193 3107 2345 3152 existi-

92 3184 215 3216 mare
245 3182 453 3227 possum,
497 3172 577 3216 sed
607 3173 652 3215 in
682 3172 910 3218 nonnullis
952 3175 1254 3219 observatoris
1286 3174 1564 3230 indiligentia
1601 3175 1767 3230 aliquid
1809 3179 2004 3219 erratum
2036 3177 2149 3219 esse.
2212 3174 2344 3230 Quod

8 3282 11 3285 ,
101 3237 304 3292 quamvis
347 3253 634 3295 κρησφυγετον
671 3238 878 3283 videatur
919 3245 965 3284 et
1001 3239 1279 3296 ignorantiae
1323 3241 1520 3299 asylum,
1566 3240 1708 3285 multa
1737 3247 1887 3285 tamen
1933 3245 2058 3297 sunt,
2103 3245 2221 3298 quae
2251 3254 2342 3286 non

27 3295 43 3367 ἰ
97 3301 240 3348 levem
270 3302 408 3359 hujus
440 3303 742 3360 suspicionem
774 3303 1007 3349 inducunt.

269 3369 419 3413 Primo
449 3369 645 3425 quidem,
677 3369 782 3425 quia
812 3369 857 3413 in
890 3370 1046 3415 eadem
1073 3370 1173 3428 ipsa
1203 3370 1359 3427 eclipsi
1391 3385 1417 3417 a
1447 3373 1581 3417 variis
1605 3371 1840 3418 observata
1870 3387 2191 3431 nonnunquam
2214 3375 2343 3420 semi-

98 3432 238 3479 horae
271 3433 568 3479 differentiam
601 3433 865 3486 invenimus,
899 3440 977 3478 aut
1007 3435 1138 3479 etiam
1170 3436 1399 3490 majorem.
1441 3462 1450 3474 ·

270 3498 358 3543 Vix
388 3498 524 3543 ullam
556 3498 756 3545 invenies
789 3497 990 3554 eclipsin,
1023 3498 1197 3544 duobus
1229 3499 1274 3543 in
1304 3499 1415 3543 locis
1447 3498 1741 3559 observatam,
1774 3503 1881 3559 quin
1911 3503 2122 3550 notabilis
2152 3504 2344 3561 reperia-

59 3575 69 3587 ‘
100 3568 174 3609 tur
204 3563 469 3622 differentia,
501 3578 583 3622 per
614 3564 907 3610 differentiam
942 3564 1289 3609 meridianorum
1319 3577 1407 3608 non
1440 3565 1726 3612 excusabilis.

271 3630 521 3675 Secundam
552 3630 686 3687 hujus
715 3630 933 3675 rationem
965 3629 1185 3682 existimo,
1217 3629 1494 3673 diversorum
1526 3630 1753 3677 oculorum
1779 3633 2000 3690 judicium
2033 3635 2254 3680 diversum
2288 3633 2342 3678 de

106 3693 324 3753 principio
356 3702 402 3740 et
430 3695 520 3741 fine
551 3697 833 3753 (praesertim
863 3694 1017 3740 totalis
1049 3694 1397 3752 obscurationis)
1430 3697 1587 3742 eodem
1617 3697 1729 3743 loco.
1790 3699 1944 3746 Tertia
1975 3707 2057 3756 est,
2091 3701 2146 3746 ob
2177 3699 2343 3744 refrac-

100 3758 265 3805 tionem
304 3760 532 3807 radiorum
565 3762 786 3807 Solarium
825 3763 869 3806 in
901 3765 1005 3805 aere
1036 3766 1214 3817 nostro,
1260 3773 1376 3816 quae
1407 3761 1587 3818 quidem
1624 3763 1766 3810 multo
1804 3767 1950 3824 major
1987 3780 2086 3812 esse
2116 3772 2267 3824 potest
2296 3767 2341 3810 in
