2560 4100
923 151 992 195 De
1032 148 1244 206 Epitome
1282 149 1610 196 Astronomiae.
2320 155 2383 202 19

144 298 294 347 nianis,
322 297 482 336 nullum
514 295 700 350 dubium,
733 309 826 338 cum
857 296 1103 337 Maestlinus
1135 299 1298 339 Terram
1330 296 1586 337 immobilem
1608 308 1695 336 esse
1717 297 1979 350 demonstret,
2015 302 2196 338 veterum
2216 298 2386 337 innixus

143 355 475 406 hypothesibus,
510 353 728 405 Oopernici
758 357 828 395 vix
858 357 983 395 verbo
1015 358 1270 396 mentionem
1298 356 1450 406 faciat,
1489 359 1529 395 et
1559 367 1611 395 ne
1640 357 1684 395 in
1717 356 1897 396 editione
1929 358 2099 409 quidem
2127 357 2231 396 anni
2261 358 2387 409 1610,

150 424 279 464 quam
310 412 411 451 dicit
443 414 603 462 „denuo
634 413 853 465 diligenter
882 413 1159 464 recoghitam“
1193 419 1234 455 et
1261 413 1571 465 locupletiorem
1601 415 1808 464 prioribus
1840 416 2105 467 editionibus,
2135 415 2190 455 ad
2218 415 2387 465 Kepleri

142 471 312 518 inventa
340 473 549 522 respiciat.

281 528 506 579 Keplerum
537 529 587 570 de
618 530 775 570 edenda
802 532 995 582 Epitome
1025 543 1133 572 anno
1167 531 1277 584 1616
1317 526 1528 581 scripsisse
1570 530 1623 569 ad
1653 530 1972 573 Florianum
2003 531 2101 571 Gru
2115 533 2276 582 sium,
2315 532 2386 582 qui

140 591 227 625 tum
256 589 454 637 temporis
484 589 748 639 Argentorati
779 590 978 642 degebat,
1025 602 1076 630 ex
1106 590 1172 629 his
1203 588 1339 629 Orusii
1368 587 1504 628 verbis
1535 593 1728 642 apparet,
1776 601 1881 642 quae
1921 602 1972 629 ex
2002 591 2132 629 literis
2165 591 2280 630 illius
2313 589 2385 628 de-

139 646 384 695 sumsimus‚
427 647 533 686 datis
563 648 616 688 V.
646 647 750 687 Non.
781 649 869 690 Oct.
905 651 1041 689 1616:
1093 649 1314 699 Epitomen
1356 652 1472 687 tuam
1502 647 1837 691 Astronomicam
1867 647 2016 687 vellem
2047 650 2157 687 111500
2189 648 2386 687 nundinis

138 705 328 743 emissam
357 704 513 758 fuisse3
547 709 587 744 et
617 710 735 758 certe,
767 708 804 746 si
835 718 926 746 eam
956 707 1179 760 aliquando
1209 707 1393 746 mitteres
1424 705 1540 755 mihi,
1570 707 1729 754 gratius
1760 707 1877 744 aliud
1907 718 1991 745 non
2012 718 2165 756 posses
2227 707 2282 745 At
2312 706 2384 745 de·

139 766 236 800 sunt
266 763 452 802 fortassis
483 764 691 814 adjutores
723 769 763 804 et
802 767 984 815 ministri
1029 765 1270 819 editionis,.
1297 766 1370 817 qui
1415 763 1470 802 ad
1517 764 1802 813 corrigendum
1849 765 2035 804 subsidio
2082 776 2169 817 esse
2214 767 2387 814 possint.

137 820 228 859 Etsi
259 832 332 870 ego
358 824 445 871 Jam
475 822 531 861 ad
568 835 642 861 vos
682 825 889 873 proficisci
925 836 1001 863 nec
1039 824 1194 874 possim
1242 834 1318 862 nec
1363 823 1560 876 debeam,
1609 823 1839 862 studiosum
1883 828 2024 862 tamen
2063 823 2383 871 mathematices,

139 877 306 917 Gallum
336 881 531 930 natione,
578 883 724 931 paucis
754 883 910 921 abhinc
939 883 1180 932 septimanis
1212 882 1410 934 habebis,
1464 882 1537 931 qui
1578 881 1909 930 operamsssuam
1955 882 2241 920 lubentissime
2273 885 2312 920 et
2340 883 2386 919 in

137 937 310 977 Tabulis
341 938 620 989 Rudolphaeis
653 939 918 979 conficiendis
948 941 1027 978 tibi
1059 941 1224 989 afferet,
1268 943 1329 978 est
1359 940 1467 978 enim
1497 940 1619 989 homo
1651 941 1752 978 satis
1784 940 1969 979 eruditus
2001 944 2042 979 et
2070 940 2308 987 ingeniosus
2341 944 2380 978 et

137 993 373 1036 celebritate
402 998 584 1036 nominis
615 998 678 1036 tui
706 998 901 1037 inductus
927 1002 1041 1036 tuam
1072 993 1299 1037 amicitiam
1330 1009 1487 1036 summe
1519 999 1690 1048 expetit.

280 1055 644 1105 Berneggerus
674 1056 1300 1107 academiaeArgentoratensis
1347 1057 1552 1106 professor
1591 1058 1692 1095 item
1739 1058 2043 1096 commendasse
2076 1057 2240 1096 videtur
2283 1069 2385 1096 eun-

137 1111 243 1167 dem,
274 1125 398 1166 quem
430 1114 535 1154 dicit
565 1113 747 1166 Crusius,
777 1115 805 1155 J
816 1127 839 1154 a
849 1127 877 1154 n
889 1127 915 1154 u
926 1126 967 1153 m
998 1115 1034 1154 G
1045 1128 1064 1154 r
1074 1115 1126 1152 in
1139 1126 1165 1163 g
1175 1114 1226 1153 al
1237 1113 1283 1153 le
1292 1118 1309 1153 t
1321 1126 1348 1153 u
1358 1127 1412 1168 m,
1447 1127 1539 1154 cum
1569 1115 1771 1165 Keplerus
1802 1116 1906 1155 haec
1934 1116 2220 1166 responderet:

280 1243 414 1307 Quas
473 1245 536 1296 ad
580 1261 658 1296 me
710 1244 794 1316 {g
846 1246 964 1296 Dec.
1016 1246 1286 1309 Argentina
1347 1248 1583 1309 scripsisti
1627 1246 1821 1309 literas,
1881 1239 2044 1296 attulit
2098 1248 2385 1297 Ammonius

136 1325 228 1374 (cfr.
259 1324 342 1365 vol.
363 1325 437 1367 IV.
483 1320 526 1376 p,
551 1321 679 1381 125),
718 1326 857 1370 tanto
909 1321 1091 1384 gratior
1127 1319 1373 1382 adventu,
1428 1326 1610 1382 quanto
1664 1335 1755 1384 ego
1800 1321 1906 1383 jam
1945 1321 2028 1370 diu
2077 1323 2148 1371 tui
2193 1323 2384 1384 meique

134 1405 284 1440 causa
316 1391 387 1439 1111
424 1391 678 1441 sollicitus,

278 1463 568 1526 Gringalleti
602 1467 848 1526 ingenium
887 1480 947 1515 ex
984 1467 1269 1515 transmissa
1307 1460 1635 1530 disputatione
1674 1468 1857 1529 agnovi
1894 1481 2102 1530 amoque
2139 1466 2385 1516 hominem

133 1535 346 1586 nondum
383 1541 558 1587 visum.
635 1537 732 1601 Qui
767 1542 810 1589 si
845 1541 1131 1603 patientiam
1166 1554 1334 1589 secum
1370 1540 1539 1589 afferet
1575 1540 1756 1603 laboris
1795 1540 2137 1589 taediosissimi
2178 1555 2383 1605 compu-

131 1609 387 1661 tandarum
423 1611 897 1675 Ephemeridumex
928 1615 1047 1662 meis
1079 1614 1419 1677 praescriptis,
1484 1613 1577 1661 hoc
1624 1613 1696 1661 illi
1732 1615 1994 1676 praestabo
2034 1613 2092 1663 de
2130 1628 2274 1676 me0,
2330 1622 2384 1662 ut

134 1683 371 1734 desiderio
409 1685 543 1734 nullo
590 1691 811 1736 teneatur
858 1687 1141 1736 instituendi
1180 1701 1379 1750 pueros.
1457 1685 1648 1735 Statum
1695 1686 1843 1749 hujus
1895 1687 2091 1736 scholae
2141 1687 2383 1736 describes
2426 1722 2428 1725 ·

132 1759 226 1820 ipsi
263 1773 323 1807 ex
358 1760 553 1822 propria
589 1765 676 1808 tua
710 1762 936 1821 scientia,
991 1775 1050 1809 ne
1102 1776 1232 1809 vana
1273 1759 1366 1823 'spe
1418 1759 1591 1808 ductus
1638 1767 1724 1808 aut
1762 1765 1897 1809 extra
1934 1776 2045 1810 mea
2082 1759 2245 1809 studia
2284 1759 2384 1827 ali-a

134 1833 553 1894 circumspectam,
594 1847 702 1882 sero
742 1849 795 1882 se
834 1833 1092 1895 deceptum
1131 1840 1374 1896 queratur.
1432 1833 1816 1896 Compinguntur
1854 1836 1903 1882 in
1943 1834 2139 1882 domum
2179 1836 2382 1898 provin-

132 1904 304 1954 cialem
343 1904 581 1969 discipuli,
622 1912 881 1956 onerantur
916 1906 1231 1968 lectionibus,
1256 1910 1570 1969 ‘occupantur
1607 1906 1784 1968 horae,
1827 1914 1879 1956 ut
1917 1909 2097 1957 nemini
2135 1908 2282 1955 liceat
2320 1906 2383 1955 ad

131 1992 206 2026 me
255 1978 338 2027 vel
387 1977 539 2027 alium
588 1979 717 2030 foras
771 1981 900 2030 exire
949 1980 1208 2030 discendae
1248 1982 1543 2043 geometriae
1568 1978 1843 2043 ,linguaeve
1884 1995 2077 2029 (musa.-
2123 1980 2383 2029 Praeterea

131 2064 239 2099 cum
276 2053 340 2101 sit
378 2050 680 2103 Genevensis
720 2054 1029 2117 cumquead
1057 2069 1143 2103 -me
1177 2051 1248 2103 'sit
1284 2067 1626 2114 concessuruS,
1679 2054 2048 2116 qui'theologis
2086 2053 2230 2115 hujus
2269 2053 2381 2116 loci,

131 2123 352 2174 coloniae
388 2126 840 2190 wirtembergicae‚
881 2142 988 2176 sum
1026 2127 1172 2176 sudes
1199 2128 1248 2174 in
1276 2126 1441 2189 0011115,
1482 2127 1613 2175 haud
1650 2127 1792 2176 facile
1831 2127 1934 2176 fieri
1972 2129 2166 2191 poterit,
2203 2132 2263 2175 ut
2294 2141 2382 2177 cu-

123 2197 354 2260 jusquam
404 2198 652 2250 Austriaci
702 2200 867 2250 liberis
921 2200 1254 2264 praeficiatur,
1307 2201 1557 2263 religionis
1608 2199 1926 2250 Calvinianae
1973 2202 2194 2250 obstante
2232 2206 2380 2249 1110111.

46 2283 61 2291 ·
127 2270 263 2320 Forti
313 2273 460 2336 igitur
496 2276 658 2322 animo
698 2274 1049 2338 capessendum
1087 2274 1162 2322 illi
1201 2277 1290 2323 erit
1327 2274 1541 2328 studium
1579 2276 1979 2335 astronomicum3
2035 2288 2251 2322 mensam
2288 2273 2381 2322 ha-

129 2343 265 2394 bebit
302 2346 507 2395 eandem
546 2362 692 2410 quam
730 2362 838 2411 ege,
877 2347 1284 2411 philosophicam.
1359 2347 1605 2396 Pecuniae
1632 2352 1820 2395 tantum
1846 2347 2024 2396 addam
2052 2348 2157 2412 (pro
2186 2361 2236 2395 re
2263 2352 2381 2395 nata

128 2423 177 2466 01
211 2424 356 2481 prout
390 2419 558 2486 utilem
596 2421 715 2469 mihi
753 2421 993 2470 collocare
1030 2422 1208 2484 poterit
1248 2419 1489 2485 operam),
1545 2426 1780 2483 quantum
1828 2423 1923 2484 ipsi
1971 2435 2068 2469 non
2119 2419 2277 2468 solum
2316 2420 2379 2468 ad

126 2497 315 2541 vestem
361 2496 684 2543 necessariam
729 2495 874 2543 fuerit
922 2508 1073 2558 opuS,
1136 2494 1223 2543 sed
1273 2496 1418 2543 etiam
1466 2492 1528 2541 ad
1575 2495 1820 2542 viaticum.
1899 2492 2074 2544 Cetera
2123 2494 2421 2541 incertiora,

126 2565 285 2627 mitto,
320 2567 410 2616 etsi
447 2567 598 2616 habet
633 2567 941 2631 Witteberga
979 2570 1046 2626 (A.
1078 2572 1320 2627 Rhodium),
1358 2567 1506 2616 habet
1545 2566 1802 2615 Altorfium
1833 2570 2106 2627 (odontium),
2152 2565 2378 2614 habetet

125 2637 475 2689 Frankofordia
521 2640 585 2689 ad
637 2638 847 2690 Oderam
886 2643 1112 2701 (Ursinum)
1151 2639 1425 2690 matheseos
1476 2641 1802 2703 professoreS,
1861 2640 1943 2700 qui
1989 2652 2065 2687 me
2112 2637 2375 2700 aliquando

120 2710 354 2772 juvarunt
390 2715 439 2761 in
477 2713 667 2762 studiis·
742 2714 916 2764 Studia
953 2727 1062 2762 mea
1098 2713 1362 2762 liberaliter
1398 2714 1766 2763 communicabo
1805 2726 1895 2761 nec
1931 2710 2033 2760 ulla
2072 2712 2160 2759 erit
2199 2726 2377 2774 excep-

126 2785 222 2847 tio,
260 2787 355 2834 nisi
392 2793 447 2835 ut
484 2786 547 2835 ad
585 2787 756 2838 eadem
794 2787 912 2837 mihi
949 2787 1190 2851 reciproce
1230 2787 1493 2851 obligetur,
1547 2787 1610 2836 ad
1666 2800 1790 2850 quae
1828 2800 1934 2833 sum
1974 2798 2065 2848 ego
2105 2784 2373 2834 Braheanis

124 2855 415 2908 haeredibus
455 2860 714 2923 obligatus,

268 2929 489 2972 Conclusio
522 2933 670 2971 harum
699 2933 924 2983 literarum,
954 2945 1058 2986 quas
1091 2932 1206 2973 dedit
1237 2931 1440 2983 Keplerus
1473 2932 1609 2971 Lincii
1641 2931 1680 2972 (1.
1717 2932 1754 2971 7.
1790 2930 1907 2968 Febr.
1943 2931 2075 2978 1617,
2106 2930 2257 2979 legitur
2287 2931 2367 2969 vol.

124 2986 157 3028 1·
187 2999 230 3039 p·
261 2992 359 3032 660.
421 2991 562 3031 Verba
594 2990 825 3041 „theologis
855 3003 947 3031 sum
977 2992 1099 3032 sudes
1129 2993 1173 3040 in
1205 2992 1362 3031 oculis“
1407 2992 1472 3030 his
1511 2989 1761 3028 illustranda
1802 2992 1924 3028 sunt:
1965 2989 2011 3027 L.
2044 2988 2100 3031 M.
2133 2987 2372 3029 Fischlinus

123 3045 168 3085 in
211 3048 440 3098 „Memoria
476 3050 761 3100 theologorum
803 3051 1239 3099 wirtembergensium
1278 3050 1548 3089 resuscitata“
1596 3046 1755 3101 (Ulmae
1792 3045 1915 3101 1710)
1959 3048 2087 3086 vitam
2136 3047 2374 3087 describens

123 3103 311 3146 Danielis
355 3106 539 3162 Hizleri,
585 3111 658 3161 qui
697 3121 808 3149 anno
856 3110 998 3150 1610.’
1042 3109 1234 3147 Lincium
1274 3108 1335 3146 -ad
1366 3118 1601 3158 supremum
1631 3109 1889 3156 pastoratum
1920 3109 2091 3145 vocatus
2125 3109 2215 3156 est,
2246 3105 2372 3145 refert

122 3161 345 3215 Keplerum
378 3167 798 3217 „omnipraesentiam
831 3169 964 3207 carnis
997 3165 1175 3206 Christi“
1220 3178 1387 3214 negasse
1428 3177 1600 3215 eamque
1643 3165 1694 3203 ob
1739 3175 1904 3203 causam
1946 3165 1999 3210 ab
2042 3164 2207 3203 Hizlero
2241 3165 2295 3202 ad
2327 3163 2373 3205 S.

123 3217 303 3263 Coenam
331 3235 416 3264 non
446 3225 674 3265 admissum
705 3228 846 3267 fuisse.
908 3225 1022 3264 Idem
1053 3226 1225 3265 nunciat
1255 3225 1455 3273 Keplerus
1484 3223 1605 3262 Petro
1637 3222 1886 3261 Hoffmanno
1918 3223 2266 3276 Wittebergensi,
2301 3223 2372 3273 qui

123 3290 149 3318 a
174 3280 353 3332 Keplero
383 3285 517 3334 petiit,
550 3289 597 3324 ut
625 3297 671 3325 se
701 3286 755 3324 ad
787 3295 937 3323 munus
969 3283 1143 3332 aliquod
1172 3282 1787 3332 mathematicumpromoveat,
1821 3282 2029 3322 scribens:

263 3341 506 3392 Voluntas
544 3346 615 3392 tui
652 3343 973 3408 promovendi
1010 3343 1128 3391 mihi
1166 3356 1412 3404 nunquam
1453 3341 1634 3403 defuit3
1684 3346 1736 3390 at
1781 3347 2042 3404 postquam
2092 3355 2122 3388 0
2160 3345 2207 3388 10
2247 3339 2369 3387 Lin-

123 3412 250 3465 eium
283 3406 414 3477 veni,
451 3417 622 3466 turbae
659 3433 735 3467 me
774 3431 1031 3481 procaceS‚
1084 3420 1138 3463 ut
1176 3428 1346 3464 vocem
1382 3429 1513 3464 novo
1562 3429 1707 3469 sensu
1757 3429 2011 3476 usurpem,
2064 3419 2368 3476 exceperunt,

124 3498 324 3546 quarum
362 3491 619 3539 occasione
657 3492 705 3538 in
743 3491 854 3540 lites
893 3492 1040 3540 etiam
1078 3486 1225 3535 incidi
1262 3487 1563 3552 theologicas
1602 3487 1926 3550 excludorque
1965 3487 2044 3536 hic
2083 3501 2112 3535 a
2151 3501 2370 3536 commu-

122 3557 278 3609 nione.
351 3560 482 3611 Hinc
519 3562 760 3627 intellige,
813 3570 998 3627 quanta
1043 3561 1160 3611 mihi
1209 3560 1415 3611 facultas
1454 3562 1547 3611 *vel
1602 3561 1747 3609 fuerit
1799 3560 1879 3610 vel
1928 3574 2034 3608 esse
2091 3561 2247 3622 possit
2299 3560 2371 3606 tui

123 3634 437 3690 promovendi
473 3637 523 3682 in
562 3634 685 3696 loco,
724 3637 810 3685 ubi
849 3637 977 3686 idem
1016 3642 1064 3684 et
1101 3634 1268 3696 templi
1306 3636 1563 3698 primarius
1602 3636 1817 3693 minister
1856 3639 1903 3682 et
1941 3632 2136 3682 scholae
2175 3635 2368 3694 inspec-

122 3707 199 3749 tor
233 3711 396 3756 notam
434 3708 554 3755 mihi
590 3708 838 3772 publicam
878 3711 1053 3758 inussit
1091 3707 1375 3769 haereseos,
1402 3715 1660 3772 propterea
1691 3701 1828 3769 'quod
1866 3708 1914 3753 in
1954 3707 2176 3755 omnibus
2214 3704 2366 3767 parti-

124 3772 216 3822 bus
253 3788 312 3828 ea
343 3780 514 3844 probo,
554 3796 681 3845 quae
719 3784 869 3832 verbo
907 3783 1004 3831 Dei
1045 3786 1370 3837 consentanea
1408 3779 1742 3844 deprehendO,
1799 3794 1857 3829 ea
1897 3780 2030 3849 fugio
2081 3778 2165 3827 vel·
2195 3776 2367 3824 saltem

125 3851 289 3899 contra
323 3859 575 3918 protestor,
617 3870 743 3920 quae
782 3857 831 3904 in
871 3855 1094 3905 omnibus
1131 3853 1284 3904 tribus
1321 3857 1464 3905 sectis
1490 3854 1581 3910 ,vel
1618 3855 1886 3903 novitatem
1924 3854 2120 3915 sapiunt
2159 3850 2237 3898 vol
2276 3863 2366 3897 an-
