2554 4140
210 146 316 199 210
452 139 691 202 Epitomes
732 140 1047 189 Astronomiae
1077 141 1217 187 Liber
1245 134 1500 185 Secundus,
1559 138 1629 182 De
1661 135 1865 195 Sphaera
1897 141 1944 183 et
1974 135 2153 183 circulis
2183 133 2317 207 ejus3

209 293 511 343 horizontem
541 283 747 353 ¹ductus3
794 291 866 339 sic
904 290 1110 340 Arabes.
1170 286 1437 338 Interdum*
1458 286 1532 346 id,
1589 300 1687 348 quo
1723 285 1775 333 hi
1814 284 2071 334 verticales
2110 286 2235 332 inter
2279 298 2330 332 se
2370 283 2472 332 dis-

212 372 495 424 cernuntur,
548 364 734 414 scilicet
786 371 860 413 est
898 363 1134 427 anguluS,
1189 375 1333 423 quem
1372 359 1582 409 circulus
1621 360 1715 406 iste
1753 358 1868 407 facit
1906 372 2014 406 cum
2053 356 2347 417 meridiano,
2387 362 2472 405 aut

210 453 439 488 mensura
477 435 610 485 illius
647 437 845 499 anguli,
899 450 1024 499 quae
1065 441 1139 485 est
1176 447 1317 482 arcus
1351 427 1650 492 hoiizontis,
1696 431 1992 493 interceptus
2029 433 2154 478 inter
2189 429 2470 478 verticalern
2548 442 2554 447 ·

212 519 259 561 et
298 510 550 560 meridiani
591 517 779 573 partem
819 525 964 558 unam
1005 508 1084 558 vel
1121 506 1324 555 alteram
1362 510 1447 553 aut
1485 506 1633 554 etiam
1671 510 2008 566 aequatorem,
2069 502 2332 565 dicuntque
2371 504 2475 551 azi-
2550 552 2554 562 Ε

212 584 351 632 muth
391 599 421 631 a
458 585 790 646 septentrione
830 582 901 631 ad»
933 587 1089 631 ortum
1128 578 1210 628 vel
1250 592 1493 639 occasum,
1534 592 1565 626 a
1603 577 1802 626 meridie
1828 575 1892 624 ad
1931 582 2089 624 ortum
2114 575 2195 623 vel
2234 589 2474 635 occasum,
2539 619 2548 636 ‚

212 656 427 706 azimuth
467 656 533 704 ab
571 660 679 704 ortu
717 654 801 705 vel
827 668 1004 704 occasu
1042 653 1105 701 ad
1130 653 1510 714 septentrionem
1548 649 1628 699 vel
1652 649 1903 699 meridiem
1940 662 2029 711 pro
2054 661 2105 697 re
2144 654 2261 695 nata
2290 662 2476 711 proque
2527 701 2546 714 μ

220 731 407 780 ratione
446 730 777 791 inscriptionis
814 728 1004 775 numeri
1045 727 1148 774 360
1187 727 1236 772 in
1274 723 1592 772 horizontem.

354 802 436 850 De
466 804 782 864 positionum
821 800 1021 848 circulis
1059 800 1432 861 quinam-sunt
1468 795 1803 859 insiyniores?
1863 794 2065 842 Praeter
2088 793 2393 842 horizontem
2431 798 2479 841 et
2536 797 2549 843 f

219 874 558 935 meridianum,
600 876 682 936 qui
722 877 770 922 in
810 873 1017 936 sphaera
1043 872 1388 933 exprimuntur,
1430 868 1590 917 adhuc
1628 873 1838 931 quatuor
1863 867 1962 927 alii,
1998 865 2086 928 'qui
2126 867 2188 915 ab
2217 866 2478 928 astrologis
2531 892 2547 907 ι.

215 949 458 998 communi
498 962 607 996 cum
647 947 744 994 illis
784 946 978 994 nomine
1019 943 1245 992 dicuntur
1282 941 1449 991 circuli
1489 941 1741 990 domorum
1778 939 2080 1001 coelestium,
2120 945 2253 988 certa
2290 940 2478 988 ratione
2539 933 2549 995 ζ

219 1021 575 1084 distinguentes
613 1018 806 1068 coelum
847 1031 990 1066 omne
1028 1019 1077 1064 in
1117 1015 1288 1065 domos
1327 1014 1612 1077 duodecim,
1651 1014 1830 1077 quibus
1872 1010 2108 1076 astrologi
2146 1025 2237 1061 sua
2274 1011 2482 1076 singuiis
2533 1029 2549 1067 ‚-

216 1095 487 1143 attribuunt
524 1094 735 1140 nomina.
814 1091 945 1140 Hinc
982 1088 1240 1138 versiculi:
2535 1096 2541 1110 ²

490 1166 622 1224 Vita,
664 1163 910 1223 Lucrum,
954 1162 1179 1223 Fratres,
1224 1159 1447 1222 Genitor,
1491 1160 1617 1209 Nati
1654 1165 1807 1222 atque
1855 1157 2117 1219 Valetudo,

488 1237 639 1298 Uxor,
681 1236 836 1299 Mors,
878 1235 983 1285 Iter
1019 1242 1066 1284 et
1103 1235 1354 1298 Reynum,
1392 1234 1785 1297 Beneficio-taque,
1833 1230 2029 1280 Car-cer.
2535 1282 2539 1288 ¹

367 1309 720 1372 Nunquamne
754 1313 812 1359 in
848 1310 1067 1372 sphaera
1105 1310 1471 1371 ear-primuntur
1503 1307 1677 1368 plures
1713 1305 1905 1365 circuli,
1946 1318 2104 1367 quam
2142 1300 2341 1351 decem?
2376 1301 2482 1351 Imo

227 1380 275 1447 1)
322 1383 370 1429 in
426 1382 720 1444 quibusdam
774 1383 996 1446 sphaeris
1050 1383 1261 1430 arcticus
1311 1385 1360 1428 et
1411 1380 1706 1428 antarcticus
1761 1379 2095 1440 exprimuntur
2146 1391 2205 1425 ex
2245 1374 2552 1426 sententia

225 1460 461 1502 veterum.
538 1454 636 1504 Sed
676 1456 749 1503 illi
786 1461 904 1504 tunc
942 1456 1026 1503 uni
1066 1455 1242 1503 saltem
1280 1452 1511 1515 positioni
1549 1451 1786 1515 sphaerae
1825 1457 1938 1498 sunt
1974 1448 2346 1507 accommodati,
2383 1461 2484 1498 non
2522 1500 2524 1503 ,

220 1528 493 1589 promiscue
540 1529 794 1586 omnibus,
845 1533 898 1576 ut
948 1527 1114 1576 circuli
1165 1527 1327 1576 ceteri.
1405 1523 1460 1591 2)
1497 1524 1552 1572 ln
1590 1523 1884 1587 quibusdam
1922 1523 2142 1586 sphaeris
2188 1520 2538 1579 meridianus.
2551 1530 2554 1536 '

223 1599 374 1647 habet
422 1600 677 1648 volvulum
725 1600 1025 1662 trusatilem,
1078 1601 1162 1662 qui
1217 1597 1439 1647 verticali
1473 1603 1656 1660 puncto
1694 1602 1857 1660 potest
1895 1595 2158 1660 applicari,
2213 1600 2262 1645 et
2300 1595 2361 1644 ab
2403 1590 2544 1649 illos?

223 1671 425 1720 volvulo
455 1672 706 1722 descendit
745 1673 991 1736 quadrans
1030 1687 1186 1735 usque
1225 1674 1274 1720 in
1313 1672 1627 1732 horizontem,
1669 1673 1752 1734 qui
1791 1671 1992 1719 immoto
2034 1667 2235 1718 volvulo
2282 1681 2372 1732 per
2407 1670 2533 1726 to-
2545 1695 2549 1700 ·

227 1751 330 1792 tum
368 1743 668 1795 horizontem
706 1748 969 1810 circumagi
1006 1752 1196 1810 potest,
1248 1751 1621 1808 repraesentans
1667 1745 1719 1791 in
1755 1743 1976 1806 quolibet
2012 1743 2109 1791 situ
2149 1754 2298 1791 unum
2336 1742 2547 1790 verti-s
2518 1767 2554 1810 'zi

226 1817 382 1866 calem
419 1832 507 1866 seu
545 1819 905 1869 azimuthalem.
986 1822 1036 1882 3)
1075 1818 1287 1867 Rursum
1325 1824 1439 1867 sunt
1475 1816 1719 1880 quaedam
1757 1815 2023 1880 sphaerae,
2079 1829 2206 1878 quae
2244 1813 2309 1864 ad
2348 1814 2533 1872 binas
2517 1814 2554 1849 5⁹

224 1889 493 1939 horizontis
533 1905 728 1955 crenas,
783 1894 961 1955 quibus
999 1894 1042 1940 is
1082 1890 1403 1940 meridianum
1442 1891 1597 1953 capit,
1638 1890 1779 1938 binos
1816 1889 2000 1939 habent
2036 1887 2202 1951 polos,
2242 1902 2273 1936 a
2310 1874 2554 1953 quibus&-

226 1965 435 2011 nectitur
485 1965 842 2025 semicirculus,
894 1967 964 2014 sic
1002 1971 1058 2013 ut
1095 1966 1224 2014 circa
1258 1964 1403 2027 polos
1439 1965 1565 2013 verti
1601 1964 1783 2026 possit,
1841 1963 1924 2026 qui
1963 1959 2295 2011 semicirculus
2334 1951 2554 2022 vicem'fn'

227 2037 612 2100 uniuscujusque
652 2039 816 2087 circuli
840 2040 1139 2103 positionum
1178 2044 1427 2102 praestare
1451 2042 1630 2100 potest.
1709 2036 1763 2099 4)
1802 2035 2028 2099 Denique
2067 2036 2115 2082 in
2142 2032 2362 2097 sphaeris
2401 2046 2525 2084 seu

229 2108 429 2157 armillis
460 2113 651 2173 magnis
674 2110 916 2160 interdum
956 2110 1199 2160 adduntur
1236 2109 1333 2159 duo
1371 2110 1537 2159 circuli
1575 2109 1905 2171 latitudinum,
1946 2122 2031 2172 per
2067 2106 2210 2171 polos
2237 2106 2549 2181 eclipticas

235 2188 543 2231 transeuntes
582 2189 631 2234 et
667 2198 754 2247 per
791 2183 1066 2246 eclipticam
1103 2183 1328 2232 mobiles.

382 2254 578 2317 Quibus
625 2257 827 2304 ‹do-culis
870 2254 1095 2305 utuntur
1143 2258 1432 2318 ynomonici
1477 2256 1620 2304 ultra
1670 2269 1772 2316 eos,
1823 2257 1914 2318 qui
1959 2261 2080 2303 sunt
2129 2256 2187 2302 in
2237 2242 2523 2316 sphaco-affl

234 2325 525 2375 Gnomon-ici
563 2335 757 2391 praeter
793 2328 941 2394 plana
977 2329 1231 2378 meridiani
1270 2334 1319 2378 et
1356 2329 1662 2377 horizontum
1702 2329 1919 2377 omnium
1955 2327 2059 2377 sub
2085 2329 2230 2376 unius
2254 2327 2350 2376 loci
2387 2334 2521 2376 me-.

232 2399 420 2448 ridiano
468 2398 566 2449 alia
616 2403 814 2465 insuper
857 2404 951 2450 tria
997 2408 1270 2466 agnoscunt
1314 2414 1495 2466 genera
1540 2401 1820 2465 planorum,
1872 2414 2019 2465 super
2069 2400 2248 2464 quibus
2288 2395 2551 2475 describifT

233 2471 413 2521 debent
460 2475 713 2523 sciaterica
758 2474 1028 2535 declinata,
1079 2474 1311 2524 inclinata
1351 2481 1399 2524 et
1437 2474 1755 2535 deincliuata,
1804 2474 1899 2524 hoc
1936 2480 2012 2524 est
2049 2471 2294 2524 declinata
2331 2477 2380 2523 et
2416 2468 2518 2521 ἶσα-ι

235 2543 417 2593 clinata
453 2546 612 2594 simul.
688 2546 928 2597 Inclinata
965 2554 1249 2612 competunt
1285 2549 1334 2596 in
1373 2548 1580 2598 circulos
1618 2547 1831 2608 eosdem,
1871 2548 1956 2611 qui
1992 2548 2291 2611 positionum
2330 2539 2514 2601 circfflss
2548 2542 2549 2545 ¹

235 2616 484 2666 dicuntur:
526 2617 769 2669 declinata
806 2622 854 2668 in
894 2620 1101 2670 circulos
1135 2621 1414 2683 verticales,
1453 2623 1502 2670 in
1541 2622 1719 2685 quibus
1758 2626 2032 2683 agnoscunt
2066 2619 2343 2684 gnomonici
2382 2631 2514 2669 verm..v
2551 2645 2554 2656 ‹

241 2690 436 2740 ticalem
475 2695 783 2754 primarium,
823 2695 907 2756 qui
946 2693 1136 2742 ducitur
1173 2708 1259 2758 per
1294 2697 1540 2744 sectiones
1575 2699 1771 2743 mutuas
1810 2693 2074 2743 horizontis
2112 2699 2161 2744 et
2198 2693 2452 2757 aequatori
2553 2695 2554 2698 ’

234 2762 380 2825 polos
416 2763 603 2814 habens
653 2768 893 2816 sectiones
932 2765 1198 2815 horizontis
1238 2774 1288 2816 et
1326 2767 1605 2828 meridiani,
1658 2772 1713 2815 ut
1749 2767 1814 2816 sit
1850 2767 1914 2816 ad
1951 2766 2271 2816 meridianum
2319 2770 2453 2816 rectu
2494 2777 2513 2795 *¹

238 2850 296 2884 ex
335 2850 434 2885 una
481 2838 631 2902 plaga
679 2844 906 2903 spectans
943 2848 1076 2888 recta
1112 2840 1387 2902 meridiem,
1441 2855 1500 2890 ex
1539 2842 1770 2903 opposita
1819 2840 2212 2904 septentrionem.
2290 2836 2386 2888 Hic
2423 2834 2517 2889 est*

240 2907 325 2956 ille
364 2908 587 2971 circulus,
626 2912 675 2959 in
716 2912 855 2975 cujus
892 2912 1041 2975 plano
1082 2912 1388 2962 delineantur
1423 2913 1681 2975 horologia
1719 2912 1917 2975 solaria,
1957 2928 2086 2977 quae
2133 2910 2381 2963 verticalis
2417 2904 2516 2983 τάξ,

239 2981 428 3042 gularia
458 2983 788 3047 appellantur3
830 2991 878 3035 et
913 2985 1059 3047 hujus
1091 2987 1304 3048 primarii
1330 2985 1578 3035 verticalis
1610 2993 1834 3048 respectu
1871 2987 2169 3050 reliquorum
2194 2961 2507 3035 verticalium⁴

237 3053 390 3115 plana
429 3055 654 3105 dicuntur
691 3058 935 3107 declinare
973 3058 1056 3107 vel
1092 3057 1155 3106 ad
1194 3064 1353 3107 ortum
1390 3058 1472 3108 vel
1508 3059 1572 3107 ad
1611 3073 1865 3122 occasum,
1915 3066 2121 3124 excepto
2155 3059 2304 3123 plano
2344 3060 2498 3123 ipsius

227 3127 512 3189 meridiani,
552 3129 684 3192 quod
722 3137 856 3180 recta
895 3136 1051 3181 ortum
1091 3138 1140 3180 et
1175 3144 1402 3181 oceasum
1439 3138 1644 3195 spectat.
2462 3123 2536 3170 Γ

383 3199 694 3252 Deinclinata
731 3203 880 3266 plana
916 3211 1172 3253 censentur
1209 3207 1386 3266 omnia,
1425 3216 1554 3269 quae
1591 3207 1642 3252 in
1681 3205 1805 3254 tales
1839 3205 2046 3254 circulos
2083 3206 2326 3254 maximos
2361 3218 2495 3255 com·

240 3275 426 3333 petunt,
467 3275 550 3335 qui
589 3289 748 3338 neque
789 3290 876 3339 per
913 3276 1201 3338 horizontis,
1255 3292 1416 3341 neque
1460 3293 1548 3341 per
1583 3278 1835 3333 verticalis
1870 3279 2088 3341 primarii
2126 3278 2365 3341 cujusque
2398 3265 2495 3336 lod

241 3358 349 3391 cum
386 3345 654 3395 meridiano
694 3351 934 3398 sectiones
975 3350 1229 3412 ducuntur,
1269 3366 1394 3414 quae
1434 3358 1594 3401 tamen
1633 3349 1927 3400 reducuntur
1964 3350 2027 3400 ad
2066 3351 2300 3401 inclinata
2326 3333 2494 3401 altuni

244 3415 370 3464 dinis
407 3416 510 3479 poli
546 3420 747 3481 majoris
786 3419 865 3469 vel
902 3425 1118 3484 minoris,
1159 3436 1307 3487 quam
1345 3431 1420 3474 est
1454 3425 1550 3473 loci
1587 3424 1841 3488 propositi.

392 3488 632 3539 Omnibus
669 3495 928 3554 generibus
964 3495 1220 3558 planorum
1259 3498 1539 3546 tribuuntur
1574 3497 1650 3546 sui
1688 3495 1965 3556 meridiani,
2018 3497 2102 3559 qui
2153 3501 2266 3545 sunt
2304 3511 2363 3547 ex
2401 3483 2500 3546 cin?-

243 3561 366 3610 culis
391 3561 786 3625 declinationum,
824 3568 1229 3629 respondentibus
1257 3571 1449 3619 circulis
1486 3569 1758 3619 latitudinis
1784 3567 2017 3630 locorum,
2057 3570 2202 3619 rectis
2239 3569 2302 3618 ad
2337 3570 2492 3635 plana,

242 3649 446 3696 quorum
485 3643 600 3684 sunt
642 3638 924 3685 meridiani.
982 3642 1065 3688 ubi
1102 3641 1235 3704 plani
1275 3642 1592 3692 horizontalis
1630 3647 1678 3691 et
1726 3641 1863 3705 plani
1911 3642 2159 3691 verticalis
2195 3644 2409 3706 primarii
2437 3637 2492 3690 iii

243 3710 418 3769 quovis
444 3707 553 3757 loco
592 3709 814 3772 adeoque
840 3711 1093 3773 planorum
1134 3717 1348 3764 omnium
1372 3717 1668 3779 reliquorum
1705 3714 2080 3764 horizontalium
2119 3722 2168 3765 et
2191 3711 2490 3766 verticalimu

227 3781 334 3838 „sub
373 3779 545 3830 eodem
581 3782 852 3832 meridiano
891 3783 1018 3832 idem
1057 3792 1131 3834 est
1167 3789 1272 3849 ipse
1309 3789 1606 3838 meridianus
1641 3787 1894 3852 sphaerae.

1118 3872 1231 3922 FIN
1234 3874 1293 3923 IS
1331 3875 1514 3924 LIBRI
1550 3875 1615 3924 II.
