2554 4140
895 110 1243 169 Regiomontani
1273 110 1319 158 et
1347 110 1589 159 Waltheri.
2313 112 2416 162 745

151 260 325 309 Martis
365 262 463 309 situ
501 266 551 311 et
587 261 762 311 habitu
800 261 863 310 ad
907 263 970 325 Θ
1013 262 1199 312 dierum
1237 263 1382 310 trium
1419 267 1582 311 motus
1626 267 1670 312 1
1715 265 1809 323 53,
1848 266 1904 310 ut
1942 275 1987 311 a.
2033 262 2193 310 1596:
2242 257 2420 320 quibus

149 332 328 382 ablatis
366 334 668 398 relinquetur
706 333 770 382 ad
811 341 894 384 26.
934 337 1052 398 Apr.
1095 341 1178 385 29.
1221 330 1358 402 24¹!2
1400 337 1495 396 Π,
1536 343 1772 398 quantum
1812 340 1860 383 et
1898 339 2144 399 computo.

296 406 437 454 Anno
480 412 635 456 1471.
675 413 759 456 26.
799 407 902 456 Jul.
953 423 1095 457 mane
1134 409 1178 459 h,
1219 413 1266 457 3.
1311 410 1446 457 visus
1497 415 1569 458 est
1624 415 1662 465 (ς
1722 410 1768 455 in
1815 407 1947 456 linea
1984 420 2072 470 per
2118 403 2288 453 oculos
2339 399 2415 462 ὅ,

148 492 259 526 cum
297 479 404 541 ejus
443 479 652 529 latitudo
693 486 1000 542 computetur
1028 478 1085 529 0⁰
1115 477 1268 547 54¹l2‘
1294 488 1443 530 austr.
1522 480 1652 543 Quia
1689 495 1804 542 ergo
1844 479 2096 528 stellarum
2133 477 2244 526 loca
2282 480 2420 524 erant

152 550 208 599 1⁰
249 549 298 599 3¹
337 553 403 611 Π
447 558 496 601 et
535 550 593 601 2⁰
633 555 720 602 221
762 555 857 614 Π,
900 568 1010 603 cum
1047 554 1131 602 lat.
1177 559 1221 603 2.
1265 558 1349 617 311.
1392 559 1540 603 austr.
1582 560 1630 602 et
1671 558 1717 603 5.
1753 558 1815 602 31
1860 568 1934 611 a.,
1976 554 2066 601 erit
2102 551 2243 598 locus
2286 555 2323 605 (ς
2368 549 2418 594 in

146 623 242 671 hac
290 622 423 671 linea
464 630 511 673 Ο.
557 630 622 674 14
676 627 759 686 Π.
836 626 982 674 Hunc
1027 640 1145 674 vero
1196 618 1357 675 locum
1406 627 1565 675 lineae
1612 627 1757 688 hujus
1811 626 2037 673 scribitur
2078 630 2116 680 <f
2159 635 2418 685 superasse

148 694 212 743 ad
266 698 500 746 orientem
551 713 638 760 per
691 706 916 760 quartam
965 699 1187 748 diametri
1225 695 1316 764 Q,
1373 698 1424 746 id
1473 704 1546 747 est
1585 699 1657 748 8¹:
1712 700 1882 760 itaque
1928 702 2177 759 spectatus
2230 695 2320 743 fuit
2371 695 2421 740 in

149 765 206 816 0⁰
234 768 319 818 22¹
351 770 435 829 Π.
513 767 575 819 Et
615 771 899 820 confirmata
938 778 1011 820 est
1050 772 1172 820 haec
1198 773 1478 821 observatio
1518 786 1604 834 per
1643 771 1789 819 aliam
1832 771 2260 827 circumstantiam,
2307 781 2417 816 cum

147 840 337 899 dicitur,
388 843 493 905 ejus
547 843 609 892 ab
652 844 793 892 oculo
834 846 983 892 boreo
1035 844 1316 892 distantiam
1363 859 1605 907 aequasse
1647 844 1928 892 distantiam
1977 842 2103 891 oculi
2143 842 2349 890 austrini
2389 855 2419 886 a

145 915 243 962 sibi
281 915 459 964 vicina.
535 915 690 966 Plane
729 919 928 979 inquam
968 917 1091 966 haec
1128 919 1238 979 ipsa
1275 916 1484 966 latitudo
1525 919 1767 980 arguitur,
1817 930 1964 978 quam
2003 920 2265 977 comput03
2307 912 2419 960 lon-

145 986 316 1047 gitudo
355 991 512 1037 minor
551 1004 699 1051 quam
740 990 870 1039 oculi
910 991 1059 1038 borei.
1140 991 1289 1053 Atqui
1317 990 1533 1039 calculus
1561 990 1759 1039 exhibet
1800 995 1837 1046 (ς
1891 988 2024 1051 long.
2064 989 2113 1034 in
2154 987 2421 1036 eccentrico

151 1055 244 1108 18⁰
270 1055 428 1128 35²l5‘
470 1062 551 1122 Υ,
591 1064 749 1110 visam
789 1077 904 1111 vero
947 1060 1005 1110 0⁰
1045 1058 1196 1129 31¹s2⁴
1240 1065 1335 1123 Π,
1379 1063 1617 1112 excedens
1656 1069 1710 1111 ut
1749 1064 1798 1110 in
1840 1061 1900 1127 ,ὅ
1949 1068 1997 1109 et
2046 1063 2121 1124 ff.

305 1132 442 1183 Haec
499 1149 608 1183 cum
658 1135 894 1184 hactenus
951 1135 1373 1199 deprehendantur
1425 1137 1549 1184 inter
1600 1151 1651 1184 se
1702 1135 2080 1194 consentientia,
2140 1145 2422 1195 quanquam

150 1219 332 1266 magno
388 1221 498 1254 cum
537 1206 705 1256 labore
763 1215 810 1256 et
865 1207 1077 1256 sollicita
1125 1210 1558 1271 circumspectione
1608 1209 1786 1257 fuerint
1837 1205 2207 1268 investiganda,
2258 1206 2423 1252 nescio

150 1285 330 1339 tamen,
371 1282 459 1341 qui
497 1279 597 1340 fiat,
639 1281 771 1342 quod
810 1281 982 1329 ultima
1019 1281 1396 1343 Regiomontani
1437 1283 1743 1340 observatio,
1790 1295 1937 1343 quam
1974 1279 2148 1329 habuit
2190 1283 2234 1326 7.
2275 1277 2420 1331 Mart.

150 1356 304 1411 1474,
344 1366 441 1400 non
481 1355 659 1415 exiguo
701 1354 958 1402 intervallo
999 1353 1218 1403 discedat
1257 1370 1286 1402 a
1325 1360 1591 1403 ceterarum
1623 1369 1879 1404 consensu.
1954 1359 1991 1409 (ς
2042 1353 2170 1401 enim
2197 1352 2422 1399 scribitur

145 1426 281 1472 visus
321 1427 601 1474 orientalior
627 1427 781 1474 Asino
822 1428 969 1475 boreo
1008 1442 1095 1490 per
1133 1427 1421 1475 diametrum
1448 1427 1620 1476 Lunae
1658 1435 1706 1477 et
1733 1426 1931 1490 quidem
1956 1428 2110 1474 iturus
2149 1424 2305 1472 fuerat
2330 1423 2421 1471 sub

145 1512 271 1558 eum,
311 1499 407 1546 nisi
439 1499 544 1562 jam
582 1500 819 1563 inciperet
859 1499 1014 1562 dirigi.
1092 1500 1249 1549 Stella
1287 1501 1376 1548 fuit
1422 1502 1471 1547 in
1501 1497 1559 1549 Ο0
1586 1498 1634 1550 8¹
1674 1504 1712 1560 εὶ
1752 1515 1862 1549 cum
1900 1499 1984 1548 lat.
2023 1496 2080 1546 3⁰
2109 1493 2156 1545 8‘
2181 1497 2255 1559 b.;
2296 1495 2421 1545 adde

149 1570 440 1620 diametrum
478 1573 675 1632 Lunae,
734 1575 1056 1621 constituetur
1105 1587 1219 1635 ergo
1262 1573 1395 1621 Mars
1448 1575 1494 1620 in
1536 1571 1594 1621 0⁰
1634 1572 1720 1621 42¹
1762 1579 1824 1639 Q
1884 1573 2019 1634 atqui
2061 1575 2289 1632 computo
2330 1583 2422 1631 ego

149 1649 194 1693 1
221 1640 355 1711 19¹!2
381 1651 436 1699 Ω.
495 1644 691 1694 Excedo
718 1645 939 1694 multum.
998 1645 1231 1694 Latitudo
1259 1646 1455 1709 quidem
1483 1649 1710 1708 provenit
1738 1652 1784 1695 3.
1807 1651 1874 1695 24
1902 1646 1950 1694 1).
1987 1644 2299 1704 decrescens;
2330 1642 2423 1690 hoc
2481 1650 2486 1655 ·

145 1717 290 1781 plane
316 1678 390 1766 e2st
414 1717 479 1779 id,
521 1717 652 1780 quod
680 1718 816 1778 dixit,
857 1720 1016 1767 visum
1045 1733 1152 1767 esse
1184 1720 1325 1781 quasi
1351 1721 1442 1767 sub
1471 1719 1692 1768 Asellum
1719 1721 1915 1779 iturum,
1957 1723 2011 1766 ut
2038 1718 2120 1779 qui
2157 1715 2244 1765 lat.
2287 1711 2344 1764 3⁰
2375 1713 2423 1764 8¹

143 1790 377 1839 habebat.
452 1791 654 1840 Nullum
681 1792 799 1839 mihi
824 1797 960 1854 patet
999 1792 1262 1854 effugium3
1304 1792 1407 1841 dies
1435 1791 1620 1840 nullam
1659 1794 1869 1841 sustinet
1895 1791 2102 1855 culpam,
2146 1790 2262 1851 quia
2303 1794 2341 1845 ό
2381 1802 2422 1837 c.

144 1865 407 1912 stationem
435 1871 522 1926 est,
550 1864 668 1912 nihil
695 1865 928 1914 sensibile
956 1865 1250 1928 proficiens'
1239 1881 1285 1912 m
1313 1871 1448 1914 motu
1476 1867 1602 1914 intra
1628 1866 1809 1915 multos
1838 1864 1967 1925 dies;
2008 1862 2151 1912 stella
2177 1867 2309 1911 certa
2335 1866 2423 1922 est,

143 1951 235 1986 nec
272 1935 375 1985 ulla
413 1937 560 2000 hujus
598 1938 872 1986 latitudinis
912 1941 960 1984 in
1000 1939 1208 2000 vicinia3
1257 1940 1540 1987 aestimator
1566 1940 1713 1987 etiam
1750 1939 1899 1998 fidus,
1949 1938 2029 1999 qui
2071 1935 2289 2000 profecto
2329 1949 2425 1983 non

144 2011 416 2059 censuisset
453 2013 597 2058 unius
637 2011 859 2059 diametri
886 2011 1055 2059 Lunae
1095 2013 1307 2075 spatium
1347 2011 1563 2074 aliquod,
1605 2012 1738 2074 quod
1767 2018 1794 2061 3
1836 2011 1918 2059 vel
1957 2015 1987 2059 4
2029 2013 2284 2071 aequaret:
2329 2009 2423 2054 nisi

145 2083 405 2146 confugere
443 2085 652 2134 velimus
694 2084 757 2132 ad
783 2084 1167 2147 typographum,
1210 2091 1261 2132 ut
1301 2086 1405 2146 ipse
1444 2098 1531 2147 pro
1569 2090 1631 2145 „3
1661 2085 1922 2133 diametros
1950 2080 2052 2149 §⁶⁶
2094 2083 2266 2145 legerit
2309 2095 2426 2144 „per

145 2156 435 2205 diametrum
491 2157 714 2206 Lunae“.
791 2158 867 2206 De
917 2157 1012 2206 hoc
1064 2159 1213 2220 igitur
1266 2159 1534 2206 eccentrico
1574 2157 1683 2206 loco
1734 2158 2127 2220 exspectabimus
2183 2153 2425 2217 judicium

143 2230 542 2279 observationum
580 2232 903 2292 sequentium.
981 2230 1143 2278 Locus
1184 2233 1480 2279 eccentricus
1521 2236 1626 2279 erat
1667 2229 1761 2280 280
1801 2231 1885 2279 22’
1930 2236 1986 2293 52.

288 2303 533 2351 Desinunt
572 2303 653 2352 hic
694 2304 1067 2353 observationes
1106 2303 1486 2367 Regiomontani
1522 2304 1719 2354 relictae
1747 2304 2061 2365 Noribergae,
2103 2315 2211 2349 cum
2238 2299 2425 2362 Regio-

148 2382 418 2424 montanus
458 2393 487 2425 a
525 2375 663 2425 Sixto
703 2376 792 2425 IV.
832 2376 1040 2425 Romam
1086 2383 1322 2426 evocatus
1363 2376 1718 2426 emendationis
1765 2376 2031 2427 calendarii
2071 2388 2246 2435 causa,
2295 2387 2424 2422 anno

145 2454 305 2498 1476.
348 2453 395 2498 8.
436 2448 539 2498 Jul.
582 2455 799 2498 mortuus
840 2455 913 2498 est
952 2453 999 2496 in
1040 2449 1348 2499 xenodochio
1387 2450 1591 2499 Romae.

445 2522 812 2585 Sequuntur
852 2520 1359 2572 Observationes
1399 2521 1751 2572 Bernhardi
1790 2521 2112 2573 Waltheri

925 2595 1319 2658 Noribergae
1358 2595 1640 2645 habitae.

286 2667 421 2716 Nihil
459 2669 647 2727 mirum,
688 2668 730 2715 si
767 2667 1051 2716 Waltherus
1090 2670 1214 2717 inter
1252 2670 1392 2717 initia
1442 2668 1580 2717 radio
1620 2682 1710 2719 suo
1750 2665 1967 2715 nondum
2006 2668 2079 2715 uti
2129 2667 2249 2715 citra
2289 2681 2425 2716 erro-

141 2755 244 2789 rem
289 2743 464 2804 potuit.
543 2741 669 2788 Nam
722 2739 985 2789 distantiae
1040 2742 1100 2789 ad
1148 2747 1226 2790 17.
1272 2741 1392 2804 Sept
1449 2757 1492 2789 a.
1539 2746 1676 2791 1475
1731 2741 2037 2790 examinatae
2087 2739 2425 2802 prodigiosam

144 2813 263 2862 dant
317 2820 354 2871 (ς
411 2813 738 2862 latitudinem.
817 2814 992 2876 Itaque
1033 2816 1186 2863 tutius
1226 2821 1299 2863 est
1337 2815 1587 2863 attendere
1637 2814 1699 2863 ad
1738 2815 1896 2862 lineas
1934 2827 2020 2875 per
2058 2812 2226 2861 stellas
2265 2814 2423 2874 binaS‚

147 2889 341 2949 quoties
398 2887 600 2951 plancta
648 2888 697 2933 in
749 2886 858 2935 illas
920 2886 1149 2936 incidisse
1207 2893 1483 2936 annotatur.
1574 2887 1672 2937 Sed
1725 2892 1890 2935 tamen
1939 2891 2138 2948 propter
2177 2895 2237 2939 0²
2283 2881 2320 2950 'b
2368 2894 2406 2943 ἅ

143 2959 190 3008 d.
237 2965 317 3008 18.
360 2959 493 3022 Sept.
534 2960 921 3009 examinabimus
963 2961 1225 3010 observata
1264 2962 1455 3010 vicinae
1496 2960 1591 3009 diei
1633 2963 1717 3010 23.
1761 2959 1917 3023 Sept.,
1971 2958 2168 3021 quando
2214 2966 2251 3016 ό
2309 2966 2422 3008 ante

147 3047 229 3081 cor
267 3037 307 3092 Ω,
351 3032 441 3081 14⁰
482 3031 581 3090 39¹,
622 3038 734 3096 post
773 3026 922 3095 caput
962 3034 1028 3093 l]
1071 3036 1322 3096 sequentis
1366 3031 1460 3082 240
1497 3033 1582 3082 31¹
1621 3034 1815 3082 stetisse
1857 3037 2136 3096 annotatur,
2177 3032 2420 3082 indicibus

143 3105 461 3202 transversali
502 3110 620 3167 210,
661 3105 788 3154 fuste
829 3110 933 3155 824
975 3113 1023 3154 et
1052 3107 1237 3170 4953&
1316 3107 1434 3155 Erat
1474 3113 1635 3155 autem
1677 3119 1759 3155 cor
1801 3111 1840 3169 εἰ
1882 3106 1932 3152 in
1970 3102 2064 3154 220
2092 3103 2178 3154 31’
2208 3111 2263 3171 52,
2307 3121 2422 3170 ergo

322 3247 361 3302 *)
393 3249 580 3289 Joannes
614 3248 862 3302 Schonerus‚
895 3251 970 3302 qui
1002 3248 1171 3299 collegit
1203 3251 1520 3291 observationes
1552 3250 1877 3300 Regiomontani
1910 3252 1951 3289 et
1979 3250 2196 3301 Waltheri,
2231 3250 2282 3292 de
2314 3263 2422 3306 „usu

145 3308 251 3347 radii
283 3303 580 3347 astronomici‘
614 3309 784 3359 ejusque
825 3309 1133 3347 constructione
1174 3309 1277 3348 haec
1314 3310 1547 3359 praemisit:
1588 3311 1662 3348 flat
1693 3310 1866 3349 baculus
1899 3320 1971 3348 seu
2013 3308 2136 3348 fustis
2170 3311 2194 3350 6
2226 3308 2292 3350 vel
2328 3310 2426 3361 plu-

144 3367 250 3405 rium
311 3367 566 3416 cubitorum,
622 3376 715 3403 eum
754 3366 915 3404 divides
967 3368 1010 3405 in
1049 3369 1185 3417 partes
1237 3367 1433 3417 aequales
1499 3368 1729 3435 quotlibet3
1783 3367 1932 3406 deinde
1978 3368 2086 3406 fiant
2138 3368 2309 3408 brachia
2341 3370 2426 3408 sive

144 3425 384 3474 pinnacidia
416 3424 670 3462 diversarum
703 3425 1008 3476 quantitatum,
1044 3436 1149 3474 quae
1181 3426 1266 3463 sint
1299 3426 1507 3475 perforata
1538 3427 1580 3464 in
1615 3423 1768 3478 medio,
1802 3429 1849 3464 ut
1879 3426 2002 3466 fustis
2031 3426 2190 3465 intrare
2222 3429 2356 3477 possit
2387 3432 2428 3467 et

147 3487 192 3521 nt
222 3483 379 3521 saciant
410 3483 583 3531 angulos
616 3487 750 3520 rectos
785 3494 877 3521 cum
909 3494 970 3534 eo,
1006 3484 1064 3520 ita
1097 3487 1250 3531 tamen,
1284 3484 1396 3534 quod
1430 3484 1537 3522 circa
1569 3496 1662 3523 eum
1695 3485 1794 3524 hinc
1823 3485 1921 3523 inde
1944 3484 2107 3523 traduci
2140 3490 2294 3537 queant
2325 3487 2424 3525 abs-

145 3553 227 3593 que
259 3541 571 3591 impedimento.
627 3539 818 3590 Applica
849 3542 951 3579 susti
983 3552 1111 3579 unum
1147 3541 1196 3579 de
1228 3542 1499 3591 pinnacidiis,
1533 3542 1645 3594 quod
1670 3543 1985 3583 convenientius
2007 3545 2231 3594 apparebit
2263 3543 2424 3582 distan-

145 3600 227 3637 tiae
259 3597 473 3638 stellarum
505 3597 916 3639 considerandarum.
980 3598 1074 3649 Quo
1108 3599 1218 3637 facto
1252 3599 1401 3638 traduc
1432 3601 1726 3650 pinnacidium
1759 3602 1854 3640 hinc
1890 3601 1987 3640 inde
2019 3602 2061 3640 in
2095 3601 2259 3653 baculo,
2294 3602 2425 3641 donec

145 3658 293 3696 ambae
325 3655 472 3695 stellae
506 3658 560 3695 ab
587 3657 621 3695 A
655 3653 799 3707 (altero
833 3659 1010 3696 termino
1042 3658 1144 3695 susti
1167 3658 1287 3696 oculo
1311 3658 1548 3711 applicato)
1573 3671 1646 3710 per
1668 3660 1864 3699 acumina
1886 3658 2184 3699 claviculorum
2208 3658 2422 3711 (terminos

147 3713 394 3765 pinnacidii)
428 3714 663 3755 videantur.
727 3715 932 3754 Numerus
964 3712 1147 3765 partium
1180 3716 1412 3765 pinnacidii
1454 3713 1513 3770 (v
1550 3730 1584 3759 c.
1618 3718 1661 3756 in
1694 3720 1780 3758 210
1811 3721 1947 3769 partes
1987 3719 2189 3770 aequales
2232 3719 2424 3767 partibus

152 3774 330 3822 singulis
362 3773 462 3811 susti
498 3772 670 3825 divisi),
715 3774 775 3812 sic
815 3774 857 3811 in
900 3774 1009 3812 fuste
1042 3774 1310 3826 quiescentis,
1345 3774 1479 3812 sinum
1514 3776 1693 3825 primum
1733 3778 1943 3830 insinuat,
1986 3788 2180 3815 numerus
2213 3781 2350 3815 autem
2380 3776 2425 3815 in

148 3832 260 3871 suste
291 3833 345 3870 ab
380 3829 500 3870 oculo
534 3830 586 3869 ad
616 3842 750 3883 usque
783 3832 938 3871 lincam
972 3831 1146 3871 fiduciae
1180 3832 1413 3881 pinnacidii
1446 3834 1582 3873 sinum
1615 3836 1842 3875 secundum
1876 3834 2108 3875 denotabit.

322 3888 453 3930 Usum
491 3888 598 3931 radii
640 3889 719 3930 hoc
762 3892 952 3942 exemplo
998 3891 1185 3942 explicat
1227 3890 1486 3934 Schouerus:
1528 3893 1651 3933 Anno
1693 3892 1849 3934 Christi
1883 3894 2012 3935 1475.
2048 3893 2118 3935 17.
2150 3893 2245 3938 Oct.
2279 3892 2423 3934 obser-
