2554 4140
804 128 943 174 Liber
972 127 1166 174 Tertius,
1224 129 1339 175 Pars
1371 128 1590 175 Secunda.
2222 131 2290 180 23
2306 133 2331 180 1

234 275 375 340 Quid
413 276 493 323 hic
545 275 915 325 observandum
968 279 1255 326 summaria
1306 279 1506 326 ratione
1556 276 1615 325 de
1664 244 1995 326 diversorum*
2028 279 2338 340 punctorum

90 350 341 412 eclipticas
375 347 832 397 declinationibus?
894 347 950 414 1)'
978 349 1034 398 In
1074 349 1426 413 quadrantibus
1465 349 1718 412 eclipticas
1762 365 1804 416 a·
1829 357 2038 413 quatuor
2078 340 2339 397 cardinali-

90 423 183 470 bus
219 423 412 484 punctis
450 421 793 483 incipientibus
831 429 1040 485 puncta,
1097 437 1223 485 quae
1261 421 1521 471 distiterint
1560 419 1830 485 aequaliter
1867 437 1897 471 a
1935 423 2126 487 punctis
2165 421 2340 483 aequi-

90 492 394 553 noctialibus,
434 493 550 541 bina
588 498 637 541 et
673 493 788 541 bina
826 508 893 542 sc.
933 496 1140 544 invicem
1181 496 1447 560 opposita„
1472 494 1922 557 habent‘aequales
1963 489 2339 555 declinationes3
2400 543 2405 546 .

89 569 161 615 sic
198 567 344 614 etiam
382 570 561 630 puncta
597 564 684 614 illa
723 568 752 612 4
793 567 916 615 inter
953 582 1019 627 se,
1062 582 1188 630 quae
1215 566 1484 631 aequaliter
1523 582 1552 615 a
1589 565 1782 632 punctis
1822 561 2161 615 solstitialibus
2201 565 2341 614 disti-

0 654 1 660 *
79 640 248 697 ierint,
289 637 382 687 hoc
419 637 695 687 discrimine
733 644 909 698 tamen,
949 646 1004 688 ut
1042 653 1170 703 quae
1207 637 1270 689 ab
1309 640 1479 690 eodem
1518 634 1766 688 solstitiali
1805 644 1983 702 puncto
2022 633 2139 687 bina
2161 645 2343 703 puncta

3 2288 5 2355 Ῐ
97 2318 311 2360 sumtum
329 2312 446 2360 fuit:
478 2325 577 2374 qua

90 711 350 760 distiterint
386 711 688 773 aequaliter,
743 712 827 780 illa
863 712 1076 762 habeant
1115 712 1334 775 ejusdem
1371 715 1537 777 puncti
1576 708 1847 761 solstitialis
1896 710 2341 773 denominationes3

90 794 216 847 quac
253 783 317 830 ab
355 783 526 832 eodem
565 785 889 846 aequinoctio,
931 787 1196 834 contrarias
1234 788 1359 835 inter
1396 800 1464 835 se.

234 853 287 920 2)
323 855 380 903 In
418 858 660 905 tricesimo
698 857 851 919 gradu
890 858 951 906 ab
992 860 1314 921 aequinoctiis
1343 864 1456 908 ante
1492 863 1719 921 retroque
1747 851 2006 906 declinatio
2034 861 2106 904 est
2132 856 2344 905 semissis

90 942 346 978 maximae.

235 1001 291 1050 Si
326 1003 591 1051 inclinatio
630 1003 742 1051 axis
769 1001 981 1051 Telluris
1019 1009 1090 1051 cst
1124 1006 1279 1051 causa
1304 1000 1652 1069 declinationis
1688 1000 1962 1064 eclipticas,
1999 1002 2110 1049 etsi
2147 995 2236 1050 illa
2261 1002 2346 1048 in-

91 1076 297 1124 clinatio
334 1077 447 1123 acris
483 1081 657 1123 manet
694 1081 926 1123 constans
961 1090 1055 1137 per
1079 1078 1336 1138 inteyrum
1375 1090 1604 1124 annum.-
1642 1078 1732 1137 qui
1764 1076 1820 1138 fit
1845 1076 2017 1136 ἱρέων,
2059 1073 2196 1136 quod
2213 1083 2347 1135 par-

90 1151 221 1196 tium
258 1148 510 1209 eclipticas
544 1162 651 1196 non
687 1149 915 1195 omnium
957 1149 1128 1197 eadem
1168 1156 1238 1197 cst
1273 1149 1581 1198 declinatio?
1626 1144 1734 1197 Etsi
1784 1144 2037 1196 inclinatio
2085 1147 2190 1194 axis
2229 1138 2347 1194 Tel-

91 1221 209 1268 luris
246 1233 438 1284 semper
484 1226 558 1269 est
609 1219 781 1268 eadem
830 1235 976 1284 super
1011 1219 1211 1285 planum
1251 1219 1530 1285 ecl‘ipticae,
1581 1221 1800 1284 situsque
1853 1219 2019 1269 omnes
2057 1218 2203 1282 hUJus
2241 1219 2346 1267 axis

92 1295 216 1340 inter
251 1308 303 1341 se
353 1292 601 1356 paralleli,
651 1293 722 1341 sic
771 1298 825 1341 ut
869 1307 1059 1358 semper
1108 1301 1278 1359 vergat
1316 1293 1457 1359 polus
1496 1294 1675 1344 Terrae
1723 1291 2020 1364 aquilonaris
2070 1294 2117 1340 in
2163 1296 2346 1356 partem

91 1365 225 1413 illam
257 1365 495 1428 sphaerae
515 1365 577 1412 ti-
1375 1388 1461 1435 mg,
1487 1392 1545 1430 39.
2307 1390 2311 1391 ff

91 1451 287 1494 nrum,
333 1436 419 1486 ubi
459 1451 576 1488 cen-

92 1517 225 1560 setur
284 1513 571 1575 principium

96 1584 293 1632 Cancri:
356 1574 407 1632 at
475 1598 571 1634 non

96 1667 286 1720 semper
330 1658 488 1720 vergit
523 1659 571 1704 in

95 1729 275 1789 Solem,
299 1729 574 1778 circumter·-

95 1808 176 1850 tur
222 1802 349 1850 enim
398 1798 574 1865 globus

97 1875 278 1924 Terrae
315 1885 424 1923 cum
463 1889 569 1934 axe,
656 1915 717 1949 m
769 1933 771 1941 Ι

98 1948 226 2012 polis
297 1953 344 1996 et
410 1950 573 1996 centro
618 1944 765 2016 5³.÷2jff;‚‘=,i

100 2021 226 2070 circa
274 2019 460 2081 Solem,
521 2027 577 2068 ut
630 2000 808 2094 ;3.22i!3,³‘''¹iv

86 2093 221 2143 nbro
236 2093 301 2141 11.
318 2093 413 2141 dici
425 2107 575 2156 coep-
652 2069 785 2155 ¹⁹⁵²&ss

99 2172 205 2214 tum
248 2176 405 2229 exque
456 2165 574 2215 doc-

99 2240 226 2287 trina
248 2238 466 2287 theorica
491 2253 575 2288 as-

101 2385 463 2434 circumlatione
506 2384 574 2445 fit,

101 2463 157 2506 ut
205 2456 350 2520 polus
395 2457 575 2524 Terrae

106 2530 428 2593 aquilonaris,
461 2542 576 2578 ver-

101 2615 223 2667 gens
254 2605 300 2650 in
329 2601 581 2663 Cancrum,
620 2601 771 2650 Terra
810 2603 900 2651 sub
922 2602 1270 2666 Capricornum
1310 2599 1488 2662 delata,
1531 2607 1701 2663 vergat
1740 2601 1788 2647 in
1817 2598 1997 2660 Solem,
2039 2601 2219 2662 quippe
2253 2597 2345 2645 sub

103 2676 288 2725 Cancro
328 2677 503 2736 visum,
543 2674 713 2724 eadem
751 2689 866 2725 vero
906 2677 1202 2740 transposita
1240 2675 1330 2723 sub
1370 2675 1564 2736 signum
1603 2674 1777 2722 Cancri
1817 2674 2112 2736 oppositum,
2153 2673 2259 2734 ipse
2298 2670 2348 2718 in

104 2748 153 2797 id
190 2750 381 2812 signum
419 2754 474 2796 ut
510 2755 656 2797 antea
692 2760 925 2811 vergens,
978 2764 1008 2796 a
1045 2747 1158 2796 Sole
1197 2749 1408 2807 abnuat,
1448 2749 1631 2811 quippe
1669 2748 1753 2809 qui
1791 2747 1885 2808 ipsi
1926 2752 2040 2793 tunc
2080 2747 2130 2791 in
2167 2742 2346 2806 Capri·-

106 2833 251 2870 corno
291 2826 507 2885 apparet.
587 2821 902 2884 Consequens
954 2823 1100 2883 igitur
1139 2828 1234 2881 est,
1283 2827 1337 2868 ut
1385 2821 1478 2868 sub
1520 2818 1697 2882 Arietis
1748 2826 1796 2868 et
1839 2818 2012 2866 Librae
2052 2817 2204 2880 signis
2243 2815 2349 2864 axis

106 2894 301 2954 Terrae,
340 2908 509 2942 versus
539 2893 777 2942 Cancrum
817 2892 1014 2956 quidem
1053 2893 1327 2953 inclinatus,
1367 2899 1422 2941 ut
1460 2898 1617 2953 antea,
1659 2890 1744 2940 sed
1775 2890 1936 2940 Solem
1979 2889 2165 2939 habens
2205 2903 2236 2937 a
2271 2887 2350 2936 la-

105 2973 219 3028 tere,
258 2978 348 3016 nec
386 2972 569 3015 annuat
600 2966 673 3014 illi
713 2975 802 3014 nec
839 2966 1038 3026 abnuat,
1079 2965 1164 3015 sed
1201 2971 1385 3015 rectum
1423 2965 1600 3014 efficiat
1626 2964 1857 3027 angulum
1898 2970 2007 3011 cum
2031 2962 2177 3022 linea,
2222 2974 2349 3025 quae

106 3045 271 3089 centra
308 3040 436 3089 Solis
483 3046 532 3087 et
567 3039 745 3088 Terrae
786 3041 1041 3088 connectit.
1122 3039 1211 3086 His
1261 3038 1406 3101 igitur
1454 3039 1704 3100 principiis
1750 3035 1977 3098 efficitur,
2033 3041 2086 3083 ut
2125 3032 2211 3084 Sol
2263 3046 2350 3082 seu

108 3112 342 3176 ecliptica,
383 3113 473 3160 sub
514 3127 611 3175 qua
648 3111 732 3160 Sol
770 3120 1004 3174 perpetuo
1047 3111 1251 3171 videtur,
1292 3113 1339 3158 in
1368 3110 1545 3159 Arietis
1586 3115 1633 3157 et
1660 3109 1835 3158 Librae
1875 3109 2123 3171 principiis
2164 3115 2351 3170 aequa·—

107 3185 216 3235 liter
251 3187 313 3234 ab
351 3193 554 3248 utroque
590 3184 704 3247 polo
743 3184 922 3233 Terrae
960 3186 1113 3243 absit,
1167 3182 1216 3231 id
1256 3188 1328 3232 est
1365 3184 1414 3229 in
1452 3188 1788 3244 aequatorem‚
1848 3180 1932 3243 qui
1979 3180 2187 3230 circulus
2226 3181 2352 3228 inter

106 3258 248 3321 polos
286 3258 475 3307 medius
513 3263 608 3318 est,
659 3255 863 3318 incidat,
919 3258 965 3303 in
1016 3255 1201 3304 Cancro
1242 3254 1448 3303 declinet
1499 3253 1560 3302 ad
1600 3254 1763 3318 polum
1802 3253 1983 3303 Terrae
2012 3253 2249 3313 boreum,
2302 3253 2350 3299 in

109 3331 403 3394 Capricorno
442 3330 504 3379 ad
543 3330 831 3390 australem3
884 3335 933 3377 et
970 3327 1100 3390 quod
1141 3339 1441 3389 consequens
1480 3332 1577 3386 est,
1630 3331 1684 3375 ut
1722 3326 1836 3376 Sole
1885 3328 2089 3375 transire
2141 3327 2250 3374 viso
2291 3340 2350 3374 ex

111 3403 403 3467 Capricorno
443 3406 490 3452 in
523 3404 747 3462 Arietem,
789 3402 1047 3450 declinatio
1087 3401 1192 3462 ejus
1231 3398 1455 3448 australis
1493 3398 1729 3463 paulatim
1769 3395 2017 3449 decrescat
2057 3405 2105 3448 et
2144 3411 2352 3448 evanes-

112 3482 203 3538 cat,
242 3490 526 3539 rursumque
564 3478 627 3525 ab
657 3475 821 3524 Ariete
860 3476 907 3522 in
948 3472 1183 3522 Cancrum
1224 3474 1406 3521 oriatur
1442 3472 1676 3537 paulatim
1704 3471 2158 3535 consummeturqu'e
2199 3470 2353 3520 decli-

111 3551 244 3598 natio
283 3549 689 3613 septentrionalis.

973 3662 1475 3711 Ascensiones.

263 3769 398 3832 Quid
441 3769 699 3831 appellant
746 3766 1025 3815 astronomi
1076 3765 1409 3811 ascensionem
1462 3769 1506 3812 et
1550 3752 1950 3815 descensionem?
2004 3763 2163 3823 Idem,
2223 3761 2354 3824 quod

116 3839 291 3892 Graeci
335 3841 539 3892 vocibus
595 3840 876 3904 compositis
924 3837 1220 3902 συγιινατολη
1268 3842 1317 3885 et
1364 3841 1732 3902 συηκαταῦυσις,
1786 3848 1844 3890 ac
1889 3839 1931 3889 si
1982 3837 2129 3889 latine
2178 3833 2353 3886 dixeris
