2554 4140
823 124 963 173 Liber
990 121 1185 173 Tertius.
1243 125 1356 171 Pars
1385 120 1550 172 Prima.
1683 147 1685 150 ·
2210 127 2315 179 225

218 276 358 341 Quid
389 281 460 323 est
496 273 781 335 amplitudo
805 275 1008 323 ortiva?
1043 275 1132 324 Est
1168 289 1309 324 arcus
1333 273 1615 334 horizontis,
1654 275 1949 338 interceptus
1981 275 2105 324 inter
2130 288 2319 338 aequa-

70 356 227 398 torem
264 355 312 397 et
346 351 579 411 punctum
619 346 816 395 orientis
868 346 1054 396 stellae.
1132 345 1424 410 Quanquam
1477 345 1805 395 denominatio
1858 349 2064 410 primum
2115 347 2317 397 fluxisse

67 421 264 470 videtur
287 436 318 469 a
342 418 795 469 constellationibus
832 417 1033 483 integris
1062 422 1452 484 quaesitumque,
1489 433 1635 482 quam
1663 419 1878 482 amplum
1904 420 2169 469 horizontis
2195 435 2316 484 spa-

70 496 190 542 tium
229 498 434 556 occupet
471 491 670 540 oriendo
709 492 1017 541 constellatio
1058 493 1307 556 quaelibet
1343 506 1453 542 cum
1491 491 1714 540 omnibus
1753 491 1906 540 stellis
1946 495 1990 542 ei
2027 493 2234 545 tributis,

214 564 474 630 Quomodo
510 567 825 627 coynoscitur
860 565 983 614 haec
1020 566 1304 627 amplitudo
1341 567 1507 615 ortiva
1521 602 1534 625 ,
1577 579 1664 613 seu
1700 567 1854 612 etiam
1891 579 2040 614 arcus
2075 567 2314 615 horizon—

65 641 150 701 tis,
200 653 301 701 quo
345 637 534 686 distant
573 643 772 699 puncta
808 644 949 687 ortus
985 645 1032 686 et
1067 653 1268 688 occasus
1303 637 1506 688 stellae?
1577 636 1636 685 In
1674 636 1882 700 sphaera
1921 638 2118 699 quidem
2157 638 2209 686 id
2246 637 2309 686 ad

68 710 261 760 oculum
286 716 423 774 patet
442 715 636 773 praeter
659 715 874 776 propter,
913 716 1121 773 quantus
1147 711 1412 761 horizontis
1438 723 1578 760 arcus
1604 711 1936 772 intercipiatur
1960 711 2085 760 inter
2122 725 2311 773 aequa-

65 790 216 837 torem
254 790 303 833 et
338 790 521 847 puncta
558 789 691 832 ortus
730 797 996 833 occasusve
1033 783 1220 846 stellae,
1258 784 1374 848 polo
1413 783 1648 849 sphaerae
1687 782 1748 832 ad
1780 782 1968 846 justam
2008 782 2318 833 altitudinem

65 863 224 907 erecto
263 862 312 905 et
347 855 493 905 stella
528 857 578 903 in
614 851 916 905 horizontem
952 855 1194 905 revoluta.

208 929 293 979 Sin
337 931 510 978 ‘autem
556 928 607 976 id
656 935 881 978 accurate
925 928 1063 978 lubet
1109 923 1363 992 explorare
1784 955 1866 996 mg,
1889 952 1947 989 37.

66 1002 279 1064 calculo,
331 1016 440 1051 cum
479 1001 688 1065 sphaera
721 1016 819 1050 non
857 1000 980 1050 adeo
1020 1001 1215 1051 subtilis
1253 1016 1360 1051 esse
1775 995 1785 1001 ⁷

0 1138 1 1142 Ἰ
47 1077 243 1139 -possitz
298 1074 348 1123 id
384 1075 489 1123 fieri
526 1080 690 1137 potest
726 1076 775 1121 in
815 1073 987 1123 eodem
1025 1074 1268 1137 triangulo
1308 1081 1362 1123 ut

0 1189 1 1200 ,
62 1148 326 1210 hactenus,
382 1147 470 1196 sed
514 1148 721 1196 faciliori
756 1145 1003 1195 methodo,
1078 1147 1204 1196 Nam
1242 1146 1357 1196 dato

0 1258 2 1268 l
64 1221 167 1283 PV,
206 1235 321 1270 arcu
357 1220 483 1270 inter
518 1219 687 1285 polum
725 1226 773 1269 et
810 1222 1064 1280 verticem,
1113 1221 1197 1282 qui
1234 1219 1358 1269 dici-

1 1305 3 1318 *
62 1300 141 1343 tur
177 1295 457 1356 aequatoris
495 1292 726 1353 altitud0,
765 1307 881 1341 arcu
916 1291 994 1342 PS
1030 1294 1154 1342 inter
1189 1293 1358 1355 polum

1 1360 4 1375 ’
63 1374 112 1416 et
146 1365 341 1416 stellam
377 1365 596 1429 ejusdem
633 1365 991 1429 hemisphaerii,
1032 1367 1117 1428 qui
1141 1365 1358 1430 comple-

2 1459 5 1486 a
61 1447 276 1490 mentum
327 1439 666 1488 declinationis
717 1445 813 1498 est,
862 1437 1069 1501 denique
1119 1453 1235 1488 arcu
1273 1438 1356 1488 VS

0 1558 5 1572 ,
62 1515 187 1562 inter
238 1509 471 1563 v'erticem
523 1518 571 1561 et
623 1511 839 1572 stellam,
905 1513 989 1574 qui
1043 1526 1233 1575 semper
1284 1517 1357 1560 est

0 1580 6 1650 f
62 1585 334 1650 quadrans,
382 1586 563 1649 qnippe
613 1584 756 1633 stella
804 1586 854 1632 in
890 1583 1142 1634 horizonte
1178 1586 1354 1648 posita,

5 1702 7 1709 ⁴
60 1660 310 1722 quaeritur
358 1658 484 1707 SVP
534 1657 615 1707 vel
661 1656 792 1706 SVA
839 1656 1046 1720 angulus
1094 1657 1178 1706 ad'
1207 1659 1358 1707 verti-

6 1739 7 1758 ³
60 1746 179 1793 cem,
221 1732 306 1794 qui
342 1733 537 1780 metitur
574 1744 739 1779 arcum
771 1730 1036 1779 horizontis
1074 1732 1199 1779 inter
1234 1730 1357 1780 stel-

6 1800 8 1826 ἶ
57 1803 157 1853 lam
182 1812 231 1853 et
259 1803 516 1854 meridiani
539 1802 896 1853 semicirculum
923 1804 1221 1865 viciniorem,
1262 1803 1356 1853 hoc

57 1891 303 1942 processu.

751 1959 985 2001 Declinatio
1016 1964 1161 2002 stellae
1190 1962 1285 2016 40⁰,
1325 1959 1444 2005 sinus
1478 1965 1621 2005 64279

779 2019 899 2060 Altit.
932 2022 1165 2074 aequatoris
1194 2020 1288 2075 42⁰,
1330 2023 1621 2064 sinusf66913

229 2080 393 2120 Divisio
428 2078 658 2134 (appositis
690 2079 715 2119 5
749 2076 936 2131 cyphris)
974 2080 1117 2130 prodit
1145 2081 1285 2120 sinum
1316 2082 1462 2121 96064
1502 2094 1622 2121 arcus
1656 2079 1736 2122 73⁰
1766 2080 1849 2127 52¹,
1879 2082 1954 2133 qui
1986 2085 2048 2120 est
2079 2080 2315 2132 amplitudo

9 2131 11 2163 ἶ
63 2141 218 2189 ortiva,
253 2141 371 2189 cujus
403 2131 752 2189 complementum
786 2136 864 2177 16⁰
893 2137 936 2178 8¹
966 2142 1028 2177 est
1056 2150 1173 2178 arcus
1203 2140 1313 2178 inter
1347 2140 1509 2179 stellam
1541 2143 1581 2179 et
1611 2139 1901 2188 meridianum,
1933 2142 2105 2193 ejusque
2143 2139 2315 2192 duplum

63 2197 142 2240 32⁰
171 2200 239 2239 16¹
272 2202 332 2237 est
364 2197 562 2236 distantia
594 2199 706 2236 ortus
737 2200 777 2236 et
807 2207 978 2236 occasus
1007 2197 1053 2235 in
1083 2200 1199 2248 parte
1231 2195 1458 2238 horizontis
1488 2196 1821 2250 septentrionali.
1848 2194 1898 2245 ²³⁸)

205 2269 257 2320 Si
298 2269 558 2320 declinatio
597 2276 672 2319 est
693 2269 975 2332 meridiana,
1018 2272 1163 2321 etiam
1203 2271 1334 2334 quod
1358 2271 1520 2336 prodit
1556 2288 1587 2322 a
1623 2270 1892 2322 meridiana
1920 2271 2068 2337 plaga
2093 2271 2314 2322 denomi-

0 2358 13 2370 Ἀ
61 2346 310 2394 nationem
346 2345 556 2403 sortitur,
599 2348 758 2392 cetera
795 2344 1020 2406 utrinque
1058 2344 1229 2393 eadem
1267 2352 1397 2397 sunt.

0 2410 9 2458 l
207 2417 377 2466 Potest
411 2430 499 2479 pro
537 2415 632 2465 hoc
667 2415 911 2479 triangulo
950 2416 1145 2466 formari
1184 2417 1331 2466 aliud·
1356 2418 1450 2467 sub.
1472 2418 1636 2479 Terra,
1677 2432 1786 2468 cum
1822 2417 2216 2482 septentrionalis
2243 2421 2316 2466 est

63 2488 232 2551 stella,
283 2488 364 2539 vel
401 2502 546 2552 super
582 2488 809 2550 Terram,
865 2504 974 2538 cum
1011 2489 1369 2553 meridionalis,
1419 2493 1544 2541 inter
1592 2491 1796 2540 circulos
1835 2490 2174 2540 declinationis
2214 2488 2311 2552 SQ,

0 2570 16 2603 ν
65 2561 366 2612 horizontem
403 2561 483 2611 ST
535 2567 583 2611 et
631 2563 946 2624 aequatorem
988 2561 1099 2625 QT,
1155 2578 1263 2612 cum
1303 2563 1484 2627 angulo
1533 2570 1691 2625 recto,
1744 2570 2007 2627 manetque
2058 2577 2313 2627 processus

0 2634 4 2699 l
67 2633 211 2686 idem.
285 2635 419 2683 Data
456 2635 583 2683 enim
620 2641 736 2683 sunt
774 2637 1045 2697 quantitate
1085 2635 1278 2685 eadem:
1328 2636 1456 2686 latus
1496 2652 1644 2685 unum
1681 2635 1761 2699 SQ
1801 2637 1997 2700 quidem
2036 2635 2312 2696 declinatiO,

0 2722 17 2754 ι’
69 2709 279 2772 angulus
321 2707 361 2770 Q
411 2713 571 2756 rectus
619 2714 668 2756 et
717 2707 925 2770 angulus
964 2707 1089 2771 STQ
1127 2711 1251 2759 inter
1300 2710 1566 2759 horizontis
1618 2724 1703 2759 seu
1756 2709 2088 2773 amplitudinis
2128 2709 2314 2757 ortivae

67 2795 228 2831 arcum
266 2781 541 2844 quaesitum
565 2778 644 2828 ST
667 2785 715 2829 et
748 2787 1075 2844 aequatorem,
1117 2782 1254 2845 cujus
1279 2797 1504 2833 mensura
1543 2789 1617 2832 est
1642 2782 1850 2832 altitudo
1890 2782 2171 2845 aequatoris
2196 2780 2308 2828 HA.

9 2838 16 3001 k
207 2870 254 2917 4.
317 2866 578 2931 Quomodo
612 2866 682 2929 fit,
721 2874 780 2916 ut
801 2868 1230 2917 constellationum
1257 2870 1496 2919 aliarum.
1519 2872 1643 2918 situs
1663 2876 1909 2931 spectetur
1946 2868 2135 2918 diurno
2171 2873 2315 2917 motu

0 2956 1 2963 ¹
69 2954 262 2990 eversus
275 2977 292 3005 ,
345 2941 573 2990 aliarum
623 2939 871 2989 minime?
923 2939 1117 2989 Accidit
1162 2941 1256 2991 hoc
1307 2941 1462 2992 stellis
1499 2947 1695 3006 propter
1734 2942 2100 2991 conversionem
2147 2940 2312 2989 vultus

11 3003 14 3058 ἶ
68 3015 351 3076 spectatoris
390 3013 535 3062 erecti
574 3013 747 3060 stantis
785 3014 833 3060 in
870 3011 1042 3077 plagas
1082 3015 1360 3076 contrarias,
1401 3015 1450 3062 in
1489 3029 1611 3077 quas
1646 3019 1899 3065 transeunt
1925 3013 2111 3076 stellae,
2152 3015 2312 3063 autin

11 3063 16 3155 l
69 3083 263 3149 plagam
300 3100 489 3149 semper
527 3084 746 3134 eandem.
1856 3082 1859 3085 ⁴

13 3217 16 3225 .
79 3228 84 3233 ,
214 3173 503 3237 Quotupleoe
540 3179 608 3221 est
643 3175 766 3220 situs
789 3173 1016 3223 eversio?
1070 3172 1280 3237 Duplex,
1320 3188 1407 3235 pro
1448 3171 1629 3235 duplici
1669 3171 1943 3222 discrimine
1973 3172 2227 3230 stellarum
2263 3174 2312 3220 in

14 3262 16 3295 i
72 3243 275 3307 sphaera
313 3247 541 3308 obliqua3
582 3259 679 3294 una
715 3244 948 3309 plenaria,
986 3245 1139 3294 altera
1175 3246 1458 3309 semiplena,
1498 3250 1550 3293 ut
1589 3259 1698 3293 cum
1722 3259 1795 3305 ea,
1835 3259 1962 3309 quae
2001 3251 2129 3295 stare
2169 3245 2312 3296 vide-

14 3309 20 3420 't
72 3315 259 3379 bantur,
294 3326 468 3383 postea
505 3322 657 3367 strata
695 3324 945 3381 apparent.
1020 3318 1199 3366 Earum
1240 3321 1365 3366 enim
1406 3316 1844 3380 constellationum,
1884 3332 2011 3381 quae
2049 3333 2147 3368 non
2180 3320 2314 3367 occi-

75 3386 193 3438 dunt
238 3393 288 3439 in
325 3391 600 3441 elevatione
652 3391 752 3454 poli
800 3391 983 3452 majore
1031 3404 1176 3451 quam
1217 3387 1324 3446 45⁰,
1375 3405 1501 3454 quae
1539 3395 1652 3439 sunt
1701 3396 1838 3441 extra
1875 3391 2180 3455 complexum
2219 3389 2310 3452 VQ

16 3482 19 3494 =
75 3461 237 3512 circuli
287 3463 509 3527 paralleli
559 3468 672 3523 (Fig.
704 3471 801 3517 34),
857 3478 1001 3526 quem
1039 3462 1085 3510 V
1123 3463 1354 3512 verticale
1400 3468 1629 3527 punctum
1669 3464 1716 3510 in
1758 3465 1914 3527 primo
1953 3462 2095 3513 motu⁴
2128 3463 2313 3513 descri-

75 3532 159 3595 bit,
194 3533 287 3584 hae
323 3550 421 3586 non
458 3537 683 3587 videntur
721 3539 887 3585 everti.
961 3536 1085 3583 Nam
1123 3536 1384 3598 figurarum
1419 3541 1583 3599 partes
1619 3550 1706 3586 seu
1730 3537 1947 3586 membra
1986 3536 2155 3588 eadem
2182 3551 2312 3586 sem-

0 3643 1 3646 *
75 3618 158 3669 per
181 3606 244 3656 ad
279 3608 445 3671 polum
470 3609 638 3658 mundi
675 3615 788 3658 sunt
816 3608 1082 3667 ordinatae,
1122 3622 1312 3671 semper
1349 3610 1495 3672 igitur
1519 3607 1700 3669 vertex,
1739 3611 1789 3657 in
1817 3623 2106 3673 quocunque
2131 3614 2310 3672 puncto

0 3694 22 3732 1·
75 3677 291 3740 paralleli
326 3684 403 3730 sui
440 3684 755 3742 constitutus,
795 3683 951 3744 vergit
990 3697 1020 3729 a
1059 3680 1425 3731 constellatione
1451 3683 1500 3730 in
1538 3681 1752 3745 plagam,
1793 3684 1841 3730 in
1868 3683 2022 3745 quaP
2048 3683 2193 3744 polus
2223 3686 2309 3742 est,

75 3750 179 3799 sive
223 3766 369 3815 supra
414 3754 582 3818 polum
619 3762 852 3818 appareat
891 3752 1223 3814 constellati0,
1273 3755 1379 3805 sive
1432 3753 1556 3803 infra
1592 3753 1743 3803 illum.
1819 3754 1968 3804 Stans
2006 3756 2153 3817 igitur
2191 3767 2310 3802 cou-

76 3821 331 3886 templator
354 3827 425 3876 sic
459 3827 667 3891 adspicit
691 3827 887 3891 figuras,
927 3828 1052 3876 sicut
1077 3827 1119 3875 si
1142 3827 1373 3877 verticem
1396 3827 1487 3876 sub
1512 3828 1619 3891 ipso
1645 3826 1760 3891 polo
1786 3826 1990 3878 haberet
2026 3829 2076 3875 in
2102 3825 2312 3890 sphaera

163 3921 315 3963 Kopion
337 3922 470 3966 Opera.
506 3925 571 3961 v1.
1903 3914 1967 3962 15
