2554 4140
169 109 277 159 684
950 104 1226 150 Tabularum
1254 98 1647 162 Rudolphinarum

173 262 407 296 numerum
438 247 758 305 quadruplices
790 248 1024 305 addasque
1056 248 1278 294 currentis
1309 261 1476 294 annum
1506 261 1785 306 expressum,
1817 262 1952 307 quam
1981 262 2200 296 summam
2231 251 2431 308 Scaliger

167 314 366 371 appellat
396 326 539 358 annos
569 313 722 369 Iphiti.

313 386 374 432 Ut
403 384 607 442 Phlegon
639 385 911 442 Trallianus,
947 386 1175 431 referente
1196 386 1413 444 Eusebio,
1445 392 1490 432 4.
1520 400 1637 433 anno
1665 388 1843 446 Olymp.
1864 390 1996 437 CCII.
2029 390 2262 435 annotavit
2291 390 2428 448 eclip-

173 453 243 497 sin
276 451 393 497 Solis
424 450 667 495 maximam
695 451 808 496 hora
839 452 928 497 diei
961 453 1000 498 6.
1062 451 1290 497 Eusebius
1323 452 1390 501 de>
1412 464 1465 496 ea
1495 452 1653 509 eclipsi
1682 453 1918 510 intelligit,
1961 469 2076 511 quae
2107 455 2299 512 contigit
2328 455 2429 500 Ser-

167 522 324 561 vatore
355 516 401 559 in
433 527 567 560 cruce
597 517 844 574 pendente,
877 517 995 562 festo
1026 516 1281 574 paschatis3
1316 517 1568 574 quaeritur,
1601 522 1740 574 quoto
1769 518 1816 562 id
1845 520 1983 566 fuerit
2013 535 2130 565 anno
2160 521 2431 567 incarnatio·

171 582 256 626 nis.
317 582 442 638 Ergo
473 581 720 638 completas
753 582 824 627 Ol.
853 582 933 629 201
970 582 1266 640 quadruplica
1297 588 1342 627 et
1371 582 1489 627 adde
1521 589 1731 639 quartum
1765 596 2053 643 expressum,
2089 586 2142 630 fit
2170 586 2257 632 808
2288 587 2430 644 Iphiti

169 659 370 692 currens.
430 646 573 691 Aufer
594 647 692 703 776,
726 647 1014 693 intervallum
1044 647 1091 691 in
1113 647 1309 703 synopsi,
1339 652 1484 692 restat
1514 647 1780 693 32111001οἰ
1834 649 1996 694 Annus
2018 663 2139 709 ergo,
2171 665 2304 708 quem
2324 652 2433 700 dicit

167 710 384 768 Phlegon,
419 711 491 757 vel
522 725 550 756 a
579 712 774 758 solstitio
807 712 943 769 hujus
976 712 1044 756 32.
1080 710 1243 766 coepit,
1274 711 1359 768 vel,
1394 712 1515 767 quod
1545 713 1846 766 verisimilius,
1878 727 1904 757 a
1934 715 2093 760 bruma
2118 717 2430 777 antecedente,

168 777 431 834 complexus
464 778 638 834 pascha
669 779 773 823 anni
803 779 969 822 incarn
996 777 1067 823 32
1127 777 1192 821 Et
1224 777 1330 832 quia
1349 778 1502 833 passio
1526 777 1694 823 Christi
1726 784 1848 824 certe
1869 779 2026 824 incidit
2053 781 2099 825 in
2131 781 2334 849 anteced.
2359 786 2429 841 31,

167 842 240 887 hic
278 841 575 900 intelligimus
616 843 772 888 vitium
815 842 1054 887 obvenisse
1093 841 1356 896 Phlegontis
1397 842 1544 887 textui
1590 848 1646 888 et·
1672 842 1951 887 numeralem
1980 861 2006 901 γ
2041 844 2088 888 10
2128 839 2171 890 ὁ
2190 851 2426 898 1001010111

171 908 218 953 81
246 921 353 953 vero
384 910 634 955 numeratio
679 910 834 955 oblata
863 908 1086 965 inceperit
1116 922 1161 964 p.
1197 908 1300 953 Chr.
1333 907 1529 964 annique
1569 921 1660 952 non
1705 907 1918 951 continue
1956 909 2243 955 retrocedant
2273 912 2346 967 (de
2375 913 2431 956 iis

168 974 291 1019 enim
331 976 522 1021 seorsim
561 977 717 1021 itidem
759 974 1021 1031 agendum),
1064 973 1180 1018 adde
1219 973 1278 1017 ad
1319 985 1397 1018 eos
1435 978 1666 1017 currentes
1707 970 1991 1016 intervallum
2031 986 2086 1017 ex
2119 977 2303 1031 synopsi
2341 991 2432 1022 non

165 1053 362 1099 currenS,
395 1041 476 1086 sed
507 1042 802 1100 completum3
833 1040 897 1084 ita
927 1039 1126 1096 prodibit
1156 1039 1430 1092 0110051110,
1460 1039 1507 1083 in
1528 1052 1618 1095 quo
1640 1037 1798 1094 incipit
1823 1050 1968 1084 annus
1991 1038 2184 1093 oblatus,
2215 1053 2242 1084 a
2272 1054 2427 1087 mense

164 1104 344 1164 quidem
374 1112 420 1151 et
451 1107 523 1152 die
554 1109 611 1153 ad
641 1106 925 1153 intervallum
957 1105 1188 1162 adscripta
1216 1105 1260 1148 in
1294 1102 1496 1162 synopsi.

312 1173 440 1217 Teon
480 1179 716 1220 comment.
754 1174 801 1218 in
839 1170 1149 1216 Ptolemaeum
1186 1171 1329 1215 refert
1367 1170 1577 1228 eclipsin,
1607 1180 1725 1225 quae
1763 1168 1954 1225 contigit
1994 1182 2112 1214 anno
2150 1169 2433 1216 Diocletiano

163 1238 232 1283 81.
298 1237 555 1296 Quaeritur,
590 1245 727 1296 quoto
762 1240 807 1284 id
841 1240 979 1286 fuerit
1010 1253 1127 1284 anno
1158 1238 1416 1284 tabularum
1436 1239 1637 1282 istarum.
1699 1235 1918 1292 Synopsis
1944 1235 2129 1281 exhibet
2148 1236 2431 1282 intervallum

164 1302 555 1348 Diocletianorum
588 1305 686 1360 284,
724 1318 830 1362 ergo
863 1305 1114 1362 completos
1146 1305 1231 1351 283
1263 1305 1380 1350 adde
1411 1305 1469 1349 ad
1499 1307 1754 1348 currentem
1784 1301 1866 1358 81,
1897 1301 2050 1359 prodit
2079 1301 2179 1348 364.
2211 1302 2297 1347 inc.
2331 1316 2431 1348 cur·

166 1380 290 1413 rens.
314 1367 499 1423 ·HuJ‘us
537 1369 674 1425 igitur
705 1371 810 1415 anni
843 1370 884 1414 d.
915 1371 983 1416 29.
1016 1370 1132 1426 Aug.
1166 1369 1316 1427 coepit
1346 1369 1416 1414 81.
1448 1367 1732 1414 Diocletiani.

307 1433 379 1478 Sic
417 1433 609 1491 Leopoli
648 1435 842 1480 Russiae
894 1436 1092 1493 scriptae
1143 1442 1250 1481 sunt
1304 1436 1463 1480 literae
1511 1435 1566 1480 de
1611 1433 1794 1480 Calend.
1835 1424 2134 1492 Armenorum
2182 1433 2239 1478 ad
2276 1433 2430 1478 Barth.

164 1498 414 1543 Scultetum
446 1498 798 1545 Goerliciensem
830 1501 1062 1547 consulem
1094 1515 1210 1546 anno
1242 1502 1540 1546 Armenorum
1578 1501 1702 1547 1044
1762 1499 1824 1545 Ut
1856 1499 1988 1555 scias,
2032 1503 2199 1555 quotus
2229 1498 2433 1544 incarna-

168 1563 318 1621 tionis,
352 1563 530 1620 respice
561 1565 618 1610 ad
650 1579 800 1611 aeram
831 1567 1153 1625 Armenorum3
1197 1567 1313 1612 haec
1343 1567 1482 1612 habet
1510 1565 1795 1611 intervallum
1829 1565 1936 1620 552,
1984 1576 2090 1620 ergo
2123 1560 2239 1610 adde
2270 1565 2433 1622 compl.

165 1629 263 1674 551.
285 1640 343 1674 ex
365 1630 563 1687 synopsi,
594 1638 862 1687 procreatur
881 1633 969 1679 inc.
994 1633 1121 1688 1595,
1145 1632 1276 1690 cujus
1297 1645 1451 1677 mense
1467 1633 1678 1688 Augusto
1698 1629 1849 1687 coepit
1868 1627 1946 1674 ille
1967 1629 2095 1676 1044.
2114 1629 2425 1675 Armenorum.

308 1705 531 1757 Praecepta
562 1708 736 1749 63—73
766 1707 965 1759 leguntur
997 1720 1124 1760 supra
1153 1709 1224 1749 fol.
1263 1709 1348 1749 604
1380 1720 1434 1750 ss.

311 1774 507 1820 Praec.
537 1777 607 1822 74.
666 1778 888 1824 Feriam
918 1779 1167 1836 prodere
1198 1777 1311 1824 diei
1340 1777 1398 1821 in
1430 1776 1573 1822 aliis
1596 1788 1871 1822 annorum
1894 1774 2108 1820 formis
2140 1779 2196 1820 et
2224 1775 2430 1820 inAra-

167 1849 308 1894 bica.
383 1844 435 1894 Si
485 1849 734 1909 quaeritur
781 1848 840 1898 de
891 1849 1012 1898 feria
1052 1847 1147 1898 diei
1201 1849 1250 1895 in
1302 1861 1430 1897 anno
1471 1846 1775 1910 Gregoriano
1837 1847 2103 1905 ceterisve,
2161 1845 2295 1908 prius
2347 1843 2430 1893 ille

166 1917 426 1967 reducatur
463 1918 526 1967 ad
566 1919 692 1970 diem
732 1923 846 1969 anni
886 1921 1077 1971 Juliani
1117 1921 1514 1984 respondentem,
1565 1927 1680 1969 tunc
1723 1919 1872 1982 hujus
1913 1919 2136 1981 quaesita
2184 1917 2304 1966 feria
2342 1919 2432 1967 erit

167 1997 216 2039 et
252 1990 400 2042 illius.
479 1992 544 2040 At
583 1993 829 2056 singulare
868 2001 944 2044 est
981 1994 1239 2044 artificium
1278 1995 1394 2042 anni
1422 1994 1635 2053 Arabici,
1677 1991 1811 2056 quod
1838 1992 2159 2043 omittendum
2188 2004 2285 2038 non
2312 1995 2430 2039 erat.

162 2064 222 2111 Ei
270 2066 421 2113 servit
470 2080 582 2128 pars
624 2067 820 2116 inferior
858 2067 1057 2117 tabulae
1096 2066 1511 2126 hebdomadicae,
1565 2081 1674 2115 cum
1714 2063 1932 2129 ejusdem
1971 2067 2127 2115 fronte
2168 2065 2427 2124 communi,

165 2151 371 2200 cumque
409 2136 646 2188 laterculo
686 2139 994 2202 periodorum
1034 2146 1144 2195 (vido
1174 2144 1314 2199 infra).
1392 2138 1536 2201 Quod
1576 2140 1705 2187 enim
1751 2139 1894 2204 nobis
1944 2139 1994 2187 in
2034 2136 2237 2188 Juliano
2280 2150 2428 2199 prae-

163 2215 263 2258 stat
300 2209 464 2274 cyclus
490 2210 618 2260 Solis
657 2213 818 2261 brevis
858 2227 1096 2261 annorum
1139 2214 1222 2274 28,
1261 2213 1356 2261 hoc
1384 2211 1629 2260 Arabibus
1669 2211 1867 2274 expedit
1904 2209 2098 2275 longior
2136 2210 2240 2258 210
2273 2215 2430 2258 anno-

164 2297 295 2343 rum,
351 2297 477 2345 quae
537 2285 599 2333 ab
651 2286 761 2348 ipsa
814 2300 925 2334 aera
981 2285 1196 2334 Arabica
1250 2286 1421 2348 incipit
1478 2289 1768 2346 constatque
1825 2283 1973 2347 cyclis
2028 2283 2433 2331 triacontetericis

166 2358 368 2418 septem.
444 2355 570 2405 Sunt
607 2358 755 2421 igitur
791 2359 844 2406 in
883 2373 1023 2407 areas
1062 2360 1227 2406 inserti
1254 2360 1465 2421 primum
1503 2355 1948 2406 triaconteteridum
1991 2356 2296 2419 singularum
2319 2355 2432 2402 anni

173 2427 414 2493 completi,
457 2428 630 2479 deinde
669 2432 813 2479 unius
853 2431 978 2495 cycli
1007 2433 1124 2480 anni
1150 2430 1332 2493 singuli
1358 2435 1619 2491 currentes,
1666 2429 1875 2492 denique
1900 2443 2091 2481 menses
2124 2430 2186 2476 12
2215 2427 2432 2477 Arabici.

311 2501 405 2549 Pro
447 2516 503 2551 eo
543 2504 703 2566 igitur,
747 2504 878 2567 quod
916 2503 980 2553 ad
1021 2510 1273 2553 numerum
1317 2517 1555 2552 annorum
1594 2502 1915 2551 Arabicorum
1954 2501 2075 2549 nihil
2114 2499 2330 2560 additur,
2370 2499 2432 2548 ad

163 2573 492 2636 indagandum
532 2576 722 2640 cyclum
750 2577 1172 2636 triaconteteridis‚
1216 2577 1432 2625 vicissim
1473 2582 1574 2625 tres
1597 2575 1698 2624 fieri
1739 2572 1918 2624 debent
1943 2577 2189 2638 ingressus
2215 2574 2264 2619 in
2291 2586 2431 2622 areas

163 2645 562 2711 hebdomadicae,
601 2650 786 2712 primus
823 2665 911 2713 per
943 2648 1363 2699 triaconteteridas
1404 2647 1671 2711 completas
1703 2645 1935 2714 (abjectis
1972 2646 2184 2713 periodis
2209 2646 2431 2708 integris)

168 2719 412 2780 residuas,
475 2719 526 2784 2)
566 2737 651 2785 per
691 2729 958 2772 currentem
1012 2723 1139 2787 cycli
1177 2723 1401 2772 triacont.
1454 2727 1502 2770 et
1557 2717 1616 2788 3)
1654 2736 1739 2784 per
1776 2734 1991 2770 mensem
2041 2724 2334 2778 currentem,
2385 2724 2433 2766 et

166 2807 224 2841 ex
262 2794 417 2842 fronte
457 2797 670 2859 excerpti
708 2796 912 2844 totidem
953 2795 1260 2845 characteres
1299 2793 1560 2856 adjiciendi
1586 2799 1699 2841 sunt
1738 2806 1938 2842 numero
1975 2793 2070 2842 diei
2095 2792 2276 2841 mensis
2303 2790 2430 2840 Ara-

169 2866 264 2915 bici
301 2869 581 2930 proposit0,
623 2868 927 2931 abjectisque
967 2884 997 2917 0
1033 2863 1223 2917 summa
1261 2867 1548 2929 septenariis
1585 2872 1803 2914 remanet
1839 2865 1974 2913 feria.

311 2950 646 3002 Exemplum.
707 2954 829 2993 Anno
864 2954 1041 3003 Hegirae
1072 2955 1174 2996 926.
1205 2953 1272 2992 die
1305 2953 1344 2994 7.
1379 2953 1533 2991 mensis
1566 2951 1738 2991 Scheval
1769 2954 1955 2990 mortuus
1987 2954 2049 2990 est
2078 2949 2272 3004 Solimus,
2308 2949 2420 2989 ¹'l'ur-

172 3018 311 3049 carum
335 3008 560 3059 Sultanus;
593 3015 725 3064 quota
755 3012 800 3052 id
829 3012 912 3051 fuit
940 3012 1076 3051 feria?
1137 3013 1174 3052 A
1205 3012 1289 3052 926
1321 3011 1456 3060 abjice
1487 3009 1674 3060 proxime
1705 3010 1906 3048 minorem
1927 3006 2118 3048 laterculi
2148 3010 2247 3058 840,
2279 3009 2421 3058 perio-

171 3067 317 3106 dorum
348 3069 507 3108 scilieet
538 3074 747 3123 quatuor,
792 3073 948 3110 restant
977 3071 1050 3113 86.
1109 3069 1160 3109 10
1192 3070 1270 3108 1100
1300 3069 1466 3108 residuo
1510 3071 1608 3107 sunt
1638 3067 1720 3107 1100
1762 3068 1865 3117 cycli
1897 3068 2090 3108 triacont.
2135 3078 2189 3106 50.
2224 3067 2323 3106 anni
2355 3067 2423 3115 60,

169 3125 242 3175 qui
273 3126 372 3164 dant
401 3138 451 3165 ex
481 3126 620 3167 fronte
642 3129 718 3180 ΙΙΙ,
752 3128 908 3168 residui
941 3131 996 3169 26
1033 3129 1138 3169 dant
1160 3128 1211 3177 II
1245 3127 1398 3167 mensis
1429 3139 1526 3166 vero
1550 3124 1729 3167 Scheval
1761 3127 1836 3166 dat
1860 3124 1953 3165 VII.
2014 3126 2120 3175 Ergo
2153 3125 2209 3164 ad
2241 3124 2350 3163 diem
2382 3125 2423 3167 7.

166 3183 320 3221 mensis
350 3183 458 3223 adde
489 3187 537 3237 3,
583 3188 609 3226 2
643 3191 683 3226 et
714 3189 737 3228 7
784 3191 825 3226 et
854 3188 992 3237 aince
1023 3187 1209 3226 vicissim
1242 3187 1526 3239 septenarios,
1571 3185 1729 3224 residui
1758 3187 1855 3236 sunt
1886 3185 1932 3237 5,
1979 3183 2061 3223 fuit
2102 3195 2196 3232 ergo
2237 3181 2343 3221 feria
2372 3181 2424 3232 V,

168 3239 283 3292 quod
312 3242 435 3279 etiam
466 3244 609 3309 prodit
638 3245 829 3287 historia.
868 3266 909 3272 —
949 3245 995 3286 Si
1026 3245 1236 3294 redegeris
1270 3245 1310 3286 7.
1345 3244 1521 3283 Scheval
1555 3243 1607 3282 ad
1640 3239 1749 3283 diem
1778 3241 2012 3297 Julianum,
2042 3243 2078 3281 is
2110 3242 2188 3280 erit
2218 3241 2288 3282 20.
2314 3240 2420 3292 Sep-

165 3298 294 3339 temb
327 3309 436 3338 anno
467 3301 718 3357 inc.1520;
754 3305 789 3342 si
819 3304 944 3354 hujus
975 3304 1118 3343 feriam
1152 3303 1417 3352 quaesiveris,
1450 3314 1499 3340 ea
1531 3303 1612 3340 erit
1642 3302 1764 3340 etiam
1797 3302 1898 3339 feria
1929 3301 1980 3339 V.

312 3355 380 3395 Sic
417 3368 526 3397 anno
571 3363 704 3411 primo
743 3362 924 3411 Hegirae
958 3363 1116 3413 primus
1155 3361 1397 3400 Muharram
1436 3359 1561 3409 primi
1590 3360 1745 3398 mensis
1783 3363 1914 3411 quota
1946 3359 2082 3398 feria?
2146 3358 2210 3397 Ab
2253 3367 2360 3396 anno
2396 3359 2419 3397 1

175 3413 338 3452 detrahi
367 3418 506 3463 potest
536 3429 584 3456 ex
617 3419 818 3459 laterculo
850 3419 970 3471 nihil,
1001 3420 1304 3459 triaconteteris
1337 3422 1399 3457 est
1428 3419 1551 3456 etiam
1583 3415 1702 3456 nulla
1775 3418 1881 3465 Ergo
1914 3429 2007 3456 cum
2035 3415 2372 3455 triaconteteride
2394 3418 2421 3455 0

172 3481 343 3521 excerpe
374 3471 471 3524 VII,
507 3486 598 3513 cum
630 3489 736 3517 anno
772 3481 793 3518 1
828 3462 1000 3529 excerpe
1029 3478 1080 3530 V,
1115 3489 1207 3517 cum
1237 3488 1378 3516 mense
1408 3476 1648 3515 Muharram
1682 3486 1852 3531 excerpe
1885 3475 1980 3524 VII,
2011 3474 2063 3513 ad
2094 3474 2203 3513 diem
2234 3474 2360 3522 igitur
2398 3476 2419 3513 1

167 3530 276 3573 adde
306 3530 346 3579 7
379 3530 419 3579 5,
454 3532 476 3570 7
511 3536 552 3570 et
581 3535 716 3582 aince
747 3538 1025 3589 septenarios,
1065 3536 1314 3575 formabitur
1344 3536 1451 3574 seria
1480 3534 1550 3573 VI.
1586 3537 1729 3584 estque
1758 3534 1916 3582 primus
1947 3534 2036 3572 11105
2067 3542 2188 3573 aerae
2219 3531 2423 3570 Arabicae

171 3588 349 3637 Hegirae
382 3589 451 3630 16.
482 3587 608 3635 Julii;
640 3589 744 3631 feria
774 3593 846 3633 VI.
910 3595 1006 3633 Alia
1038 3597 1178 3633 tamen
1210 3597 1322 3633 secta
1352 3594 1549 3644 Arabum,
1583 3603 1705 3642 quam
1735 3594 1966 3643 sequuntur
1994 3589 2260 3641 Alphonsini,
2291 3589 2420 3628 tradit

172 3646 282 3685 diem
315 3644 382 3687 15
414 3646 541 3700 Julii,
575 3649 643 3688 27.
678 3648 858 3704 Ghaeac,
891 3653 1033 3691 feriam
1065 3653 1117 3694 V.

315 3723 505 3770 Praee.
540 3725 612 3770 75.
651 3725 728 3768 De
760 3726 920 3782 cyclo
950 3728 1146 3772 Lunae
1177 3739 1279 3772 seu
1309 3738 1490 3771 aureo
1520 3735 1765 3769 numero.
1875 3717 1941 3768 Ut
2015 3719 2178 3784 cyclus
2249 3719 2418 3768 Lunae

173 3792 423 3855 habeatur,
467 3791 685 3843 indicans
722 3793 975 3844 novilunia
1011 3811 1098 3859 per
1133 3801 1289 3846 totum
1328 3809 1526 3857 annum,
1565 3795 1669 3843 sine
1703 3791 1886 3844 tabulis
1912 3793 2246 3847 astronomicis
2285 3792 2417 3859 (ecce
