2554 4140
187 118 289 168 344
1016 110 1251 167 Epitomes
1281 109 1600 155 Astronomiae

181 260 405 310 nitidior.
445 274 572 324 quae
611 258 972 310 vicissitudines
1011 273 1122 309 cum
1158 261 1256 308 sint
1291 271 1543 322 perenueS,
1582 261 1780 322 sapiunt
1817 261 2008 346 animae
2044 261 2209 324 potius
2246 260 2436 323 praesi-

184 334 331 396 dium,
372 347 518 396 quam
556 334 740 382 formae
777 331 1029 395 simplicis

331 408 379 455 3.
419 406 537 470 Ipsa
574 408 723 455 etiam
761 420 846 469 per
884 420 937 454 se
975 405 1060 452 lux
1097 410 1359 467 cognatum
1399 403 1516 466 quid
1555 410 1628 453 est
1681 407 1894 467 animae,
1942 421 2038 454 non
2091 406 2250 452 minus
2289 418 2436 466 quam

182 495 329 545 supra
363 479 446 530 lib,
484 479 523 527 I.
577 478 637 528 de
685 478 844 528 calore
892 478 988 527 hoc
1038 477 1166 525 idem
1219 477 1310 525 fuit
1347 477 1730 540 comprohatum.
1806 478 1941 526 Nihil
1991 480 2118 527 enim
2156 491 2307 540 penes
2346 492 2435 526 nos

181 553 520 612 inflammatur,
560 551 609 599 id
650 559 723 601 est
760 551 1056 599 luminosum
1094 549 1315 610 efficitur,
1355 550 1487 612 quod
1524 564 1622 598 non
1660 551 1722 599 ab
1761 553 1926 599 anima
1964 551 2131 613 aliqua
2160 551 2207 597 in
2234 563 2443 612 corpore

180 627 325 675 suerit
361 630 681 687 prognatum:
723 630 777 672 ut
812 623 948 686 ligna
984 623 1047 671 ab
1088 624 1250 671 anima
1285 623 1466 686 stirpis,
1506 624 1703 686 spiritus
1741 625 1844 671 vini
1882 625 1944 672 ab
1986 626 2150 672 anima
2177 628 2436 684 vegetante

183 701 318 758 vitis,
372 697 612 747 scintillae
655 712 721 747 ex
767 697 891 745 ferro
940 701 988 745 et
1032 692 1310 757 lapidibuS,
1365 710 1492 758 quae
1542 710 1618 744 res
1661 702 1777 745 sunt
1814 702 2044 745 excoctae
2083 698 2131 743 in
2171 695 2437 744 visceribus

183 772 362 820 Terrae
401 771 464 819 ab
503 773 667 819 anima
703 771 897 820 Terrae.
972 767 1157 816 Lucem
1196 782 1313 816 vero
1359 774 1621 830 cognatum
1660 769 1779 831 quid
1815 783 1924 818 esse
1963 770 2169 818 flammis
2204 770 2439 817 nostrati-

183 847 273 893 bus
312 849 447 908 patet
484 843 612 905 inde,
654 845 771 905 quia
807 842 891 890 lux
930 841 1230 890 condensata
1265 841 1478 903 speculis
1517 844 1653 890 cavis
1691 849 1777 891 aut
1801 844 1939 890 vitris
1966 844 2199 891 convexis
2225 840 2439 890 incendit

182 924 236 966 ut
273 917 496 965 flammae
537 922 585 965 et
623 917 874 964 carbones,
946 913 1121 976 Itaque
1161 928 1335 976 corpus
1373 913 1517 975 Solis,
1557 917 1606 962 in
1645 929 1744 978 quo
1781 914 1868 962 lux
1909 915 2086 964 insidet
2123 907 2466 978 originaliter,¹

183 995 561 1040 consentaneum
611 996 685 1037 est
734 989 898 1036 anima
944 986 1217 1050 praeditum
1269 1001 1401 1049 esse,
1451 1002 1576 1050 quae
1623 987 2020 1037 inflammationis
2069 987 2201 1036 illius
2253 993 2436 1047 auctor,

159 1068 347 1112 custos
386 1068 435 1111 et
472 1062 797 1112 continuatrix
833 1062 912 1108 sit.

327 1137 377 1183 4.
427 1135 531 1184 Nec
575 1134 711 1183 aliud
761 1132 967 1182 suadere
1012 1131 1206 1181 videtur
1243 1131 1373 1182 Solis
1425 1132 1636 1182 officium
1675 1135 1724 1181 in
1762 1131 1968 1194 munde,
2018 1138 2074 1181 ut
2109 1134 2236 1182 sicut
2275 1134 2439 1182 omnia

181 1209 566 1273 illuminaturus,
605 1206 765 1256 lucem
803 1211 878 1255 est
915 1206 1116 1254 sortitus
1153 1207 1204 1252 in
1242 1220 1333 1254 suo
1372 1219 1596 1269 corpore,
1651 1207 1722 1255 sic
1759 1208 1922 1254 omnia
1963 1205 2312 1267 calefacturus,
2352 1220 2437 1254 ca-

181 1283 349 1343 lorem,
389 1282 552 1330 omnia
571 1279 925 1340 vivificaturus,
963 1280 1119 1326 vitam
1158 1281 1307 1327 etiam
1343 1281 1449 1341 ipse
1484 1279 1800 1342 corporalem,
1842 1281 2004 1329 omnia
2030 1286 2262 1340 moturuS,
2302 1280 2436 1342 prin·
2488 1296 2494 1301 ·

186 1357 366 1419 cipium
405 1360 453 1402 et
491 1355 595 1418 ipse
634 1358 795 1401 motus
834 1359 883 1400 et
914 1354 983 1400 sic
1021 1353 1234 1400 animam
1270 1353 1319 1399 in
1358 1366 1411 1401 se
1450 1351 1647 1401 habeat.

330 1426 471 1476 Num
510 1428 664 1475 etiam
698 1431 916 1474 mentem
955 1430 1049 1474 aut
1084 1425 1471 1488 intelliyentiam
1509 1425 1661 1474 addes
1697 1424 1828 1474 Solis
1877 1427 2107 1486 animae,
2159 1440 2290 1487 quae
2326 1440 2438 1473 mo·
2499 1454 2508 1458 -

183 1501 386 1549 deretur
422 1500 558 1548 hunc
595 1500 701 1559 ejus
738 1505 934 1547 motum
972 1500 1108 1546 circa
1146 1498 1334 1547 axem?
1371 1496 1451 1545 Ad
1488 1505 1649 1547 motus
1687 1497 1884 1560 quidem
1909 1500 2076 1547 munia
2100 1498 2217 1546 nihil
2245 1499 2438 1562 penitus

186 1587 308 1637 opus
347 1578 422 1622 est
457 1577 634 1622 mente.
694 1571 821 1620 Nam
858 1570 1021 1634 plaga,
1060 1572 1109 1618 in
1150 1586 1298 1634 quam
1324 1570 1540 1620 volvitur
1565 1571 1667 1632 Sol,
1707 1578 1782 1620 est
1818 1586 1850 1620 a
1873 1573 2028 1634 primo
2053 1585 2212 1620 rerum
2238 1576 2439 1633 exortu3

185 1647 457 1695 constantia
493 1659 610 1694 vero
649 1643 916 1693 volutionis
957 1650 1006 1693 et
1042 1643 1278 1707 periodici
1309 1646 1559 1707 temporis,
1598 1651 1654 1693 ut
1677 1658 1830 1709 supra·
1850 1644 2159 1707 explicatum,
2200 1643 2440 1707 dependet

184 1736 214 1769 a
252 1720 562 1784 proportione
601 1719 843 1768 constanti
879 1718 1129 1780 potentiae
1167 1719 1383 1767 motricis
1423 1717 1487 1765 ad
1526 1719 1881 1767 contumaciam
1918 1719 2166 1768 materiae.
2222 1717 2438 1767 Directio
2528 1731 2534 1737 ’

183 1807 302 1842 vero
341 1793 447 1841 axis
485 1793 700 1856 corporis
727 1789 912 1839 Solaris
950 1792 1000 1838 in
1037 1789 1236 1856 plagam
1272 1796 1508 1854 perpetuo
1548 1790 1751 1840 eandem
1792 1792 1931 1853 quies
1968 1793 2132 1854 potius
2164 1796 2252 1851 est,
2291 1806 2438 1854 quam

184 1867 358 1915 mentis
405 1880 552 1928 opuS,
607 1866 788 1927 quippe
839 1879 871 1912 a
919 1864 1076 1927 primo
1119 1878 1278 1913 rerum
1319 1871 1427 1913 ortu
1465 1863 1601 1914 nulla
1637 1867 1687 1912 in
1724 1878 1866 1913 axem
1903 1864 2035 1913 facta
2073 1871 2148 1914 est
2185 1866 2438 1928 impressio
2528 1894 2535 1908 ,

183 1944 344 1988 motus
381 1937 545 2001 hujus.
608 1936 942 1986 Dii-ectionem
981 1950 1097 1986 vero
1136 1938 1242 1986 axis
1281 1937 1471 1987 medius
1509 1939 1658 1987 etiam
1695 1936 1903 1986 circulus
1930 1939 2055 1987 inter
2078 1939 2185 1987 axis
2212 1944 2441 1998 extrema,
2531 1970 2534 1973 Δ

182 2010 350 2076 ΡοΙοε,
402 2012 680 2061 necessario
718 2011 942 2073 sequitur
980 2016 1028 2059 et
1065 2024 1157 2058 axe
1195 2016 1423 2060 manente
1460 2017 1650 2066 manet
1676 2010 1865 2059 ,iisdem
1901 2017 2138 2074 perpetuo
2176 2011 2285 2060 fixis
2323 2011 2445 2060 sub·

185 2084 450 2134 ordinatus.
525 2083 643 2146 Ipsa
681 2083 891 2146 denique
929 2084 1174 2148 prensatio
1214 2097 1470 2146 corporum
1507 2083 1915 2147 planetariorum,
1971 2098 2094 2147 quos
2133 2083 2220 2134 Sol
2256 2090 2446 2133 rotatus

186 2159 486 2220 circumagit,
528 2155 796 2220 corporalis
831 2163 906 2206 est
942 2158 1112 2217 virtus,
1149 2169 1249 2205 non
1289 2157 1530 2218 animalis,
1570 2170 1668 2205 non
1706 2155 1947 2206 mentalis.

329 2231 392 2278 Et
429 2230 553 2279 haec
591 2227 789 2292 quidem
829 2229 891 2278 ob
918 2234 1104 2278 motum
1129 2227 1259 2278 dicta
1284 2236 1444 2278 sunto.
1511 2230 1751 2290 Ceterum,
1794 2244 1918 2292 quas
1944 2230 2247 2292 conjecturas
2280 2194 2378 2278 de
2365 2243 2445 2276 m-
2524 2215 2529 2223 '¹

183 2301 457 2366 telligentia
494 2302 773 2365 suppeditet
810 2302 1133 2352 consideratio
1169 2301 1532 2352 harmoniarum
1572 2303 1872 2365 coelestium,
1913 2301 1973 2351 de
2014 2316 2072 2352 eo
2111 2301 2226 2351 vide
2263 2301 2347 2350 lib.
2379 2302 2440 2351 V.
2506 2356 2510 2361 Ι

182 2374 420 2425 Harmon.
460 2383 607 2439 caput
645 2376 885 2424 ultimum.

326 2449 533 2512 Eryone
561 2448 649 2498 Sol
684 2451 950 2511 yyratione
985 2450 1068 2496 sui
1105 2450 1330 2510 corporis
1365 2449 1660 2512 circumfert
1687 2448 1966 2510 planetas?
2004 2447 2330 2510 ecquomodo
2355 2448 2446 2498 hoc

172 2528 363 2585 potest,
415 2536 530 2570 cum
578 2528 751 2570 careat
788 2521 876 2570 Sol
922 2520 1183 2582 manibus,
1235 2522 1418 2583 quibus
1452 2529 1659 2585 premet
1687 2522 1957 2583 planetam
1994 2528 2138 2570 tanto
2175 2521 2460 2587 intervallo·

93 2651 95 2654 ⁴
181 2596 434 2644 absentem
471 2609 737 2658 secumque
775 2595 1076 2644 convolutus
1113 2595 1470 2658 circumayat?
1519 2595 1615 2644 Pro
1667 2594 1895 2643 manibus
1933 2601 2007 2643 est
2044 2596 2138 2659 ipsi
2175 2595 2329 2642 virtus
2367 2595 2445 2643 sui
2504 2631 2509 2637 .

127 2707 131 2710 .
180 2670 423 2731 corporis,
474 2667 619 2723 lineis
664 2669 807 2717 rectis
854 2670 903 2715 in
943 2681 1137 2716 omnem
1173 2667 1341 2716 mundi
1380 2667 1751 2733 amplitudinem
1790 2669 1999 2728 emissa,
2053 2681 2182 2730 quae
2221 2681 2278 2715 eo
2318 2669 2441 2730 ipso,

181 2740 312 2805 quod
364 2747 438 2790 est
486 2743 674 2805 species
721 2742 961 2805 corporiS,
1014 2756 1112 2790 una
1163 2755 1272 2790 cum
1323 2755 1522 2805 corpore
1560 2741 1693 2791 Solis
1731 2746 1920 2789 rotatur
1959 2742 2111 2790 instar
2145 2735 2442 2805 rapidissimi
2487 2779 2502 2789 ,.

181 2815 402 2875 vorticiS,
462 2820 614 2864 totam
667 2813 797 2863 illam
850 2815 1079 2863 circuitus
1129 2813 1529 2879 amplitudinem,
1550 2814 1657 2868 ,ad
1701 2818 2144 2877 quantamcumque
2198 2815 2466 2882 pertingit,-

182 2902 337 2950 aeque
377 2887 596 2938 celeriter
631 2902 922 2951 pervaganS‚
962 2894 1112 2951 atque
1139 2886 1225 2937 Sol
1264 2889 1314 2937 in
1351 2889 1699 2951 angustissimo
1739 2901 1830 2936 suo
1869 2890 2029 2952 spatio
2068 2889 2197 2936 circa
2230 2892 2446 2936 centrum

183 2976 235 3009 se
275 2962 528 3009 convelffltit

330 3033 500 3082 Posses
537 3048 649 3082 rem
688 3034 864 3095 aliquo
902 3033 1127 3095 exemplo
1164 3033 1464 3082 declarare?
1498 3033 1738 3082 Nimirum
1776 3031 1859 3081 hic
1895 3031 2115 3082 subsidio
2142 3033 2278 3081 venit
2302 3032 2444 3081 nobis

184 3104 269 3153 illa
307 3106 585 3169 sympathia
621 3107 862 3169 magnetis
901 3113 951 3156 et
986 3105 1202 3169 lingulae
1239 3107 1450 3191 ferreae,
1489 3112 1716 3191 magnete
1755 3105 1999 3166 imbutae,
2041 3106 2180 3167 cujus
2219 3106 2308 3154 illa
2343 3106 2443 3154 vim

183 3179 353 3226 attritu
405 3179 652 3228 combibit.
729 3178 971 3229 Converte
1016 3185 1294 3242 magnetem
1344 3180 1393 3227 in
1432 3181 1613 3228 vicinia
1658 3178 1903 3241 lingulae,
1957 3184 2264 3228 convertetur
2301 3177 2475 3227 simul·

183 3250 385 3313 lingula.
449 3251 554 3300 Etsi
578 3254 824 3315 prensatio
863 3252 1066 3302 formae
1087 3251 1311 3328 diversae
1349 3259 1438 3315 est,
1478 3252 1617 3302 vides
1655 3257 1838 3312 tamen,
1876 3253 1946 3300 uti
1984 3265 2144 3314 neque
2182 3251 2262 3300 hic
2293 3242 2444 3301 inter-

187 3324 330 3374 cedat
362 3321 494 3370 ullus
532 3330 784 3374 contactus
823 3339 1093 3391 corporum
2228 3356 2231 3360 ,
2476 3335 2479 3338 ’

334 3395 538 3445 Certum
577 3397 779 3458 quidem
815 3406 886 3446 est
921 3400 1225 3463 exemplum,
1265 3406 1322 3447 at
1358 3400 1657 3448 obscurum:
1693 3399 1891 3459 explica
1920 3397 2046 3459 quid
2067 3399 2132 3445 sit
2156 3399 2320 3445 virtus
2345 3399 2443 3445 ista

187 3476 233 3518 et
282 3483 382 3532 quo
430 3482 491 3517 ex
542 3483 716 3516 rerum
753 3486 946 3532 yenere.
1021 3473 1159 3522 Sicut
1198 3471 1294 3520 duo
1334 3479 1449 3522 sunt
1486 3485 1712 3537 corpora,
1763 3485 1970 3525 movens
2010 3475 2058 3518 et
2104 3475 2320 3529 motum,
2372 3471 2443 3518 sic

188 3548 302 3592 sunt
339 3542 487 3590 etiam
526 3540 651 3589 duae
686 3545 959 3606 potentiae,
1000 3546 1179 3608 quibus
1216 3551 1379 3594 motus
1417 3544 1809 3594 administratur:
1849 3542 2004 3592 altera
2043 3547 2119 3592 est
2153 3544 2356 3605 passiva
2393 3547 2443 3590 et

188 3610 345 3679 magis
383 3613 447 3662 ad
482 3614 736 3662 materiam
773 3629 1003 3678 vergenS,
1044 3617 1312 3666 similitudo
1349 3618 1536 3667 scilicet
1574 3617 1789 3679 corporis
1825 3615 2055 3680 planetae
2095 3629 2203 3663 cum
2242 3627 2441 3678 corpore
2478 3607 2486 3618 “
2549 3639 2554 3652 .

191 3689 336 3749 Solis,
374 3688 425 3734 in
461 3681 617 3734 forma
655 3700 899 3747 corporea,
940 3695 987 3736 et
1022 3706 1134 3754 pars
1173 3690 1371 3753 quidem
1410 3692 1624 3756 corporis
1660 3689 1934 3752 planetarii,
1974 3688 2132 3736 amica
2169 3687 2290 3747 Soli,
2330 3700 2439 3751 pars

193 3764 444 3828 opposita,
488 3760 710 3823 inimica3
768 3760 919 3810 altera
957 3765 1177 3823 potentia
1223 3770 1296 3812 est
1334 3766 1500 3813 activa
1538 3769 1586 3812 et
1622 3763 1778 3823 magis
1817 3761 2021 3810 formam
2058 3762 2283 3823 sapiens,
2334 3758 2438 3808 scil.

193 3834 325 3905 quod
362 3847 536 3906 corpus
561 3831 691 3884 Solis
731 3835 832 3885 vim
868 3833 1017 3885 habet
1053 3836 1327 3887 attrahendi
1363 3839 1612 3908 planetam
1649 3840 1784 3905 parte
1823 3837 1929 3900 ejus
1964 3836 2136 3896 amica,
2175 3833 2444 3905 repellendi
