2554 4140
906 119 1253 177 Regiomontani
1283 122 1329 164 et
1359 117 1603 168 Waltheri.
2289 118 2389 168 763

125 270 422 331 aequatione
470 267 707 327 seculari,
757 282 885 329 quae
933 284 1073 318 suam
1109 268 1293 318 habeat
1340 267 1612 317 ordinatam
1664 267 2018 316 restitutionem
2057 263 2284 330 (similem
2331 265 2391 324 ei,

125 357 272 403 quam
311 343 358 388 in
405 343 615 404 apogaei
653 344 1123 404 eccentricitatisqne
1161 341 1308 402 Solis,
1348 342 1495 403 inque
1524 342 1943 403 aequinoctiorum
1983 339 2390 401 obliquitatisque

125 415 380 478 eclipticas
421 413 776 462 variationibus
816 417 1073 464 commenti
1114 420 1227 463 sunt
1252 414 1624 477 antecessores),
1665 412 1966 477 pensandum
2002 426 2126 460 esse.
2190 410 2392 459 Interim

123 501 239 534 vcro
279 486 512 535 utendum
552 484 884 535 additionibus
924 493 972 536 et
1010 488 1422 536 subtractionibus
1449 488 1690 549 empiricis
1729 494 1865 534 extra
1901 485 2120 533 ordinem
2157 483 2392 546 legesque

122 566 467 621 perpetuorum
506 564 749 619 motuum,
792 559 990 608 cuilibet
1028 560 1223 618 secu10,
1268 561 1497 623 Dionysii
1536 559 1723 607 scilicet
1762 564 1811 606 et
1848 557 2117 606 Ptolemaei
2160 562 2209 605 et
2246 555 2392 604 Wal-

121 633 247 680 theri
283 629 441 697 (plura
483 633 609 679 enim
649 644 746 678 non
771 630 924 697 sunt),
965 633 1369 691 accommodatiS,
1412 638 1464 680 ut
1503 647 1589 680 eae
1616 631 1891 679 additiones
1921 630 1999 678 vel
2035 630 2392 678 subtractiones

123 704 217 752 hac
267 706 456 752 ratione
493 706 791 752 retineantur
842 706 888 751 in
938 707 1172 754 memoria
1224 707 1595 767 posteritatique
1636 705 2043 762 transmittantur,
2099 715 2227 765 quae
2278 715 2393 749 suas

116 791 319 839 quoque
359 778 727 825 observationes
774 777 1008 839 adjunget
1063 778 1356 839 tandemque
1396 777 1567 839 adjuta
1618 777 1681 825 ab
1720 777 1806 835 iis,
1858 790 1982 838 quas
2020 789 2110 823 nos
2150 775 2194 822 ei
2232 779 2392 821 trans-

121 851 379 908 mittimu8‚
429 849 556 898 hanc
604 863 800 911 quoque
839 850 1113 899 secularem
1152 852 1529 911 restitutionem,
1583 863 1710 912 quae
1748 849 1916 910 procul
1957 847 2105 896 dubio
2146 846 2392 910 circularis

122 928 218 983 est,
257 924 307 968 in
347 922 505 971 lucem
543 928 693 971 eruet.

269 994 380 1044 Hoc
419 997 567 1057 igitur
603 1000 831 1057 spectans
871 996 1011 1058 coepi
1050 994 1298 1058 duplicare
1333 995 1560 1058 epochae,
1601 994 1795 1042 insertis
1821 992 2226 1052 interlinearibuS,
2267 1006 2394 1054 quae

120 1074 310 1116 motum
348 1069 548 1130 quidem
599 1068 813 1116 medium
852 1082 881 1114 a
922 1066 980 1115 00
1023 1069 1103 1128 Y,
1160 1068 1406 1131 aphelium
1446 1083 1561 1115 vero
1611 1067 1780 1115 itidem
1820 1082 1850 1114 a
1891 1061 2072 1126 0⁰·Y,
2123 1071 2172 1114 et
2209 1064 2389 1112 nodum

118 1140 346 1189 similiter
383 1155 413 1188 a
458 1137 516 1189 00
560 1141 618 1204 Y
666 1140 988 1188 demitterent.
1064 1141 1136 1189 Ex
1178 1141 1254 1188 his
1293 1141 1490 1204 epochis
1531 1143 1572 1189 si
1612 1144 1918 1202 computetur
1957 1139 2264 1201 Dionysiana
2303 1138 2394 1186 ob-

119 1215 356 1274 servatio,
397 1212 682 1262 tantundem
720 1215 975 1276 praevenit
1011 1213 1173 1261 locum
1214 1230 1243 1261 a
1282 1214 1523 1277 Dionysio
1562 1213 1852 1272 indicatum,
1909 1217 2171 1274 quantum,
2213 1211 2296 1273 qui
2336 1225 2396 1259 ex

123 1286 442 1334 Ptolemaicis
483 1292 815 1348 computatur,
871 1285 1077 1334 eundem
1118 1293 1229 1350 post
1267 1301 1319 1334 se
1358 1287 1614 1349 relinquit,
1658 1300 1777 1334 suae
1818 1284 1911 1332 diei
1948 1283 2185 1332 relictum.
2265 1283 2391 1344 Ergo

117 1359 212 1407 hoc
250 1359 478 1422 Dionysii
526 1359 692 1407 seculo
744 1357 801 1408 20
843 1358 891 1407 6¹
931 1366 1095 1408 essent
1144 1358 1380 1418 addendi,
1436 1358 1643 1407 latitudo
1694 1359 1841 1406 etiam
1895 1363 1932 1413 (ζ
1990 1355 2044 1404 fit
2095 1354 2180 1405 20¹
2219 1355 2389 1418 major,

118 1430 252 1494 quod
291 1437 450 1480 stante
489 1432 748 1481 latitudine
799 1431 897 1480 fixa
934 1432 1238 1480 Ptolemaica
1282 1428 1336 1479 1⁰
1378 1431 1462 1480 20¹
1512 1433 1573 1479 ab
1628 1431 1973 1480 observatione
2011 1429 2238 1490 redargui
2293 1442 2390 1476 non

119 1510 297 1569 potest,
338 1510 392 1552 ut
431 1506 500 1553 ita
539 1505 599 1552 de
636 1505 753 1553 nodi
793 1504 1027 1553 cardinali
1068 1505 1256 1568 epocha
1297 1504 1555 1552 difficultas
1594 1505 1655 1552 sit
1676 1503 1826 1552 nulla.
1892 1502 2246 1550 Ptolemaicam
2273 1515 2390 1550 vero

122 1593 183 1633 00
231 1583 269 1633 ὅ
314 1575 386 1643 Θ
431 1583 493 1626 10
547 1579 646 1626 fere
697 1578 930 1640 gradibus
978 1578 1058 1626 hic
1111 1578 1326 1627 calculus
1381 1579 1670 1640 praevertit,
1730 1591 1845 1637 ergo
1895 1575 2168 1624 Ptolemaei
2220 1574 2388 1624 seculo

121 1647 179 1698 3⁰
221 1649 307 1700 55¹
347 1658 510 1699 essent
548 1650 781 1711 addendi,
822 1652 864 1698 si
902 1657 1030 1700 recte
1071 1651 1284 1700 locatum
1324 1657 1399 1699 est
1435 1650 1683 1714 aphelium
1723 1648 1909 1696 initiale
1948 1650 1998 1695 in
2039 1647 2097 1696 00
2139 1648 2220 1708 Y,
2260 1647 2392 1709 quod

119 1722 297 1772 iisdem
334 1723 395 1772 de
434 1725 610 1783 eamne,
653 1725 831 1787 quibus
871 1739 1019 1786 supra
1044 1724 1354 1788 repudiatum
1380 1724 1472 1771 suit
1505 1723 1730 1770 ultimum
1756 1721 2027 1781 consilium,
2066 1720 2391 1783 periculosum

120 1796 258 1845 factu
300 1796 507 1858 videtur,
548 1798 641 1845 nisi
679 1799 840 1860 ipsum
882 1799 1027 1846 etiam
1067 1797 1312 1860 aphelium
1354 1795 1601 1858 inaequali
1640 1800 1776 1844 motu
1815 1801 2131 1858 transponere
2170 1793 2304 1843 velit.

327 1934 735 1992 Consideratio
785 1935 1256 1993 observationum
1303 1933 1750 2005 Regiomoniani
1798 1936 1856 1990 et
1904 1932 2186 1990 Waltheri

1006 2038 1161 2095 circa
1209 2036 1505 2122 Yenerem.
2072 2044 2076 2048 ’

263 2162 509 2224 Principio
562 2163 856 2221 notandum,
906 2177 1017 2211 cnm
1053 2163 1164 2211 loca
1200 2161 1406 2211 Veneris
1458 2162 1550 2210 sub
1601 2160 1708 2209 fixis
1748 2159 1992 2223 pendeant
2031 2174 2061 2208 a
2101 2158 2223 2208 locis
2261 2158 2391 2207 Solis

118 2236 210 2283 sub
249 2234 386 2295 fixis,
438 2236 509 2283 sic
548 2242 600 2282 ut
639 2251 768 2284 error
816 2238 865 2283 in
907 2235 1021 2285 Sole
1061 2234 1299 2284 redundet
1338 2237 1384 2282 in
1425 2234 1695 2295 Venerem,
1743 2248 1944 2282 causam
1995 2238 2158 2282 tamen
2206 2231 2392 2281 nullam

121 2323 251 2368 esse,
293 2322 377 2356 cur
415 2307 474 2356 de
513 2308 633 2356 locis
679 2309 742 2371 Θ
783 2310 873 2358 sub
914 2309 1024 2357 fixis
1065 2308 1298 2357 dubitem.

269 2381 410 2429 Anno
451 2383 578 2429 enim
622 2384 775 2430 1460.
819 2385 901 2430 27.
946 2382 1064 2430 Dec.
1110 2381 1283 2443 „Luna
1322 2383 1368 2428 in
1411 2381 1720 2445 oppositione
1762 2393 1878 2427 vera
1915 2377 2256 2428 luminarium“
2303 2377 2391 2426 de-

118 2454 289 2502 ficiens
316 2453 380 2502 ad
406 2454 528 2501 fixas
555 2447 629 2502 est
655 2455 931 2515 observata,
961 2461 1009 2503 et
1037 2454 1198 2518 prodit
1224 2453 1443 2503 calculus
1470 2468 1607 2502 meus
1634 2452 1763 2502 Solis
1788 2453 2146 2515 praecisissimc
2174 2451 2384 2501 eundem

125 2529 273 2574 situm
301 2526 472 2575 Lunae
511 2526 573 2575 ad
611 2527 752 2592 fixas,
792 2530 875 2590 qui
915 2528 1204 2576 observatus
1244 2533 1332 2575 est.
1406 2527 1470 2574 Et
1508 2528 1746 2589 incipiunt
1786 2525 2156 2574 observationes
2183 2524 2389 2574 Veneris

119 2602 285 2648 statim
334 2602 558 2662 sequenti
610 2615 737 2648 anno
783 2602 936 2649 1461.
1018 2601 1144 2662 Ergo
1184 2616 1230 2649 a.
1275 2600 1429 2653 1461.
1488 2601 1569 2647 14.
1610 2600 1730 2649 Dec.
1774 2612 1910 2661 vesp.
1951 2599 2062 2646 visa
2099 2603 2174 2646 est
2227 2599 2392 2646 statim

122 2673 285 2721 futura
324 2682 383 2726 οἵ
430 2667 468 2735 T)
514 2670 573 2735 Ω.
652 2673 708 2720 Ιη
748 2673 826 2722 die
864 2687 960 2722 non
1004 2679 1078 2722 est
1116 2687 1244 2721 error
1297 2672 1440 2720 facile
1481 2670 1785 2721 statuendae.
1866 2671 1959 2719 Die
2001 2671 2129 2719 enim
2171 2671 2218 2719 6.
2259 2676 2391 2719 recte

121 2748 423 2805 numeravit,
483 2745 640 2793 indice
680 2746 837 2805 Luna,
879 2746 956 2795 dic
996 2760 1193 2808 quoque
1239 2747 1318 2793 17.
1360 2747 1583 2807 sequenti
1622 2745 1871 2809 proxime,
1913 2743 2071 2792 indice
2111 2743 2281 2806 eclipsi
2320 2739 2390 2809 Q

120 2818 180 2867 de
219 2818 328 2866 loco
355 2815 456 2884 Θ,
494 2833 638 2880 quem
677 2819 838 2881 prodit
880 2817 935 2867 5⁰
962 2818 1048 2867 ‘24‘
1077 2821 1168 2883 fg,
1211 2833 1319 2866 cum
1360 2833 1450 2880 ego
1492 2818 1537 2866 (1.
1584 2820 1663 2865 14.
1690 2817 1810 2865 Dec.
1851 2818 2096 2865 inveniam
2138 2812 2196 2864 20
2224 2814 2271 2864 7‘
2307 2817 2390 2882 ἦ.

123 2891 254 2939 Dato
296 2893 441 2953 igitur
480 2891 587 2939 loco
624 2887 690 2955 T),
730 2892 992 2941 habebitur
1031 2894 1178 2941 etiam
1217 2891 1354 2939 locus
1395 2888 1452 2951 Ω.
1533 2890 1598 2938 At
1636 2889 1680 2938 d.
1725 2891 1769 2937 6.
1799 2890 1920 2938 Dec.
1963 2895 2191 2952 computo
2231 2888 2391 2938 locum

119 2959 158 3026 ἶ)
204 2961 298 3011 290
330 2966 412 3011 14‘
439 2964 533 3027 Ζ),
574 2965 658 3012 sed
698 2978 807 3012 cum
848 2972 1124 3028 computem
1164 2964 1324 3013 locum
1369 2971 1405 3020 (ζ
1452 2965 1627 3012 certius
1669 2964 1716 3009 in
1763 2962 1814 3009 10
1847 2959 2001 3029 ll¹s2¹
2024 2970 2152 3022 1:553,
2195 2966 2242 3010 et
2282 2977 2391 3011 cum

119 3032 158 3100 ῒ)
202 3043 317 3084 tunc
367 3036 511 3084 suerit
565 3037 856 3085 observatus
913 3038 965 3084 1⁰
1007 3038 1092 3085 34‘
1141 3036 1427 3085 antecedere
1483 3043 1553 3095 A,
1608 3035 1779 3084 certior
1824 3036 1971 3096 igitur
2023 3036 2114 3083 suit
2161 3035 2299 3084 locus
2348 3031 2386 3100 ῒ)

123 3110 413 3158 observatus
442 3108 534 3157 290
563 3105 718 3175 37¹l2¹
747 3114 816 3169 ᾖ.
890 3110 1021 3158 Huic
1059 3110 1183 3159 adde
1225 3124 1309 3173 pro
1350 3109 1521 3158 diebus
1553 3110 1582 3156 8
1624 3108 1718 3156 hoc
1753 3109 1851 3155 situ
1891 3114 1938 3161 et
1973 3106 2260 3157 habitudine
2289 3109 2390 3170 53¹,

125 3184 214 3231 erit
249 3177 287 3245 ῒ)
332 3180 411 3230 vel
452 3184 498 3227 in
541 3179 599 3229 00
631 3182 677 3229 7¹
714 3191 816 3235 1:155:
855 3183 931 3232 vel
975 3186 1021 3229 in
1064 3184 1111 3231 0.
1144 3178 1286 3249 30¹]2
1313 3191 1441 3243 11:553,
1484 3187 1532 3230 ct
1571 3178 1612 3245 S.)
1651 3187 1764 3229 ante
1803 3180 1933 3228 hunc
1970 3180 2150 3230 locum.
2239 3181 2393 3230 Vide-

122 3255 339 3316 bantur,
391 3255 549 3316 inquit
590 3255 902 3314 observator,
950 3257 1075 3304 mihi
1115 3253 1156 3320 ῼ
1207 3262 1252 3303 et
1287 3251 1325 3319 ῒ)
1381 3256 1640 3315 conjuncti
1692 3253 1971 3302 secundum
2021 3253 2391 3317 lonyitudinem

126 3327 349 3385 zodiaci,
401 3333 495 3375 aut
542 3329 714 3374 statim
768 3328 1140 3391 conjunyendi,
1194 3327 1453 3376 accedente
1502 3327 1691 3374 Venere
1739 3326 1809 3373 ad
1860 3326 2167 3376 Saturnum.
2251 3327 2392 3376 Tunc

123 3397 166 3464 ῼ
205 3400 416 3448 habebat
464 3399 523 3447 de
560 3408 659 3451 15:55:
698 3395 748 3446 1⁰
786 3400 861 3447 51‘
908 3401 1015 3463 fere
1062 3416 1153 3462 per
1203 3415 1443 3448 numeros
1493 3400 1759 3462 Alphonsi,
1811 3394 1848 3463 ῒ)
1895 3391 2021 3448 υενό
2050 3396 2111 3449 00
2154 3400 2236 3448 24¹
2274 3410 2387 3452 15:13.

124 3473 393 3533 Sequentia
432 3486 639 3520 errorem
669 3472 866 3530 habent,
908 3487 1016 3520 curn
1043 3475 1140 3530 ait,
1179 3488 1283 3520 ecce
1321 3472 1661 3535 differentiam
1699 3473 1755 3518 in
1795 3474 1887 3532 15‘,
1931 3478 1978 3520 et
2003 3473 2195 3522 videtur
2221 3473 2391 3535 legen-

125 3544 239 3593 dum
285 3543 336 3592 1⁰
376 3547 477 3594 27‘.
551 3545 627 3593 De
680 3544 935 3593 latitudine
989 3545 1129 3604 dicit,
1183 3548 1332 3593 fuisse
1386 3550 1643 3606 utrumque
1695 3544 2090 3606 meridionalem,
2145 3544 2185 3609 S?
2227 3552 2386 3593 tamen

123 3615 563 3665 meridionaliorem
604 3617 813 3666 Saturno
855 3620 1139 3679 quantitate
1181 3618 1312 3666 Solis
1353 3620 1598 3678 yeminati
1643 3618 1919 3667 secundum
1970 3621 2388 3679 aestimationem,

28 3730 34 3735 .
124 3690 171 3737 h.
211 3704 248 3736 e.
290 3685 358 3750 1⁰,
399 3689 533 3751 quod
567 3696 613 3737 et
648 3706 894 3738 numerus
930 3691 1150 3753 ponebat
1189 3691 1545 3751 Alphonaz'nus.

273 3762 515 3823 Computo
556 3763 700 3824 igitur
741 3765 785 3810 0.
831 3765 898 3809 44
935 3771 1057 3821 15:152,
1112 3761 1194 3810 lat.
1243 3766 1286 3812 1.
1329 3765 1394 3810 44
1436 3769 1611 3824 austr.,
1666 3777 1772 3812 cum
1825 3779 1882 3813 cx
1921 3760 1958 3828 ἲ)
2002 3764 2121 3811 locis
2161 3760 2387 3811 indicatis

123 3835 233 3884 visa
270 3837 334 3883 sit
374 3833 451 3884 vel
489 3841 603 3886 ante
644 3834 701 3885 00
744 3836 789 3883 7‘
826 3844 927 3888 :5:52
976 3836 1054 3884 vel
1095 3841 1207 3885 ante
1247 3834 1305 3884 0⁰
1346 3835 1430 3885 31¹
1467 3843 1596 3909 rm,
1671 3836 1842 3901 Itaque
1897 3841 1938 3887 si
1978 3850 2122 3886 verus
2162 3841 2235 3884 est
2283 3834 2387 3884 cal-
