2560 4100
895 79 897 82 Α
986 93 1056 139 De
1086 93 1298 151 Epitome
1327 94 1657 141 Astronomiae.
2394 106 2460 154 39

200 245 478 308 cognitione
516 243 894 291 certissimarum
933 242 1245 306 epOcharum.
1324 242 1469 305 Quod
1511 245 1611 305 ais,
1668 247 1715 293 in
1756 248 1980 309 Epitome
2020 250 2176 298 multa
2214 264 2462 301 occurrere

198 317 445 366 intellectu
493 315 712 364 difficilia
763 322 1058 380 captumque
1107 317 1377 379 turbantia,
1434 316 1484 364 id
1531 317 1646 367 huic
1698 320 1923 382 Epitome
1976 325 2190 385 primum
2235 338 2333 371 non
2390 332 2464 373 est

196 391 466 453 partimque
503 404 589 452 per
628 388 853 438 accidens
892 396 991 451 est,
1044 391 1165 451 quia
1203 391 1362 445 minus
1400 390 1522 440 sorte
1564 393 1815 441 turbarent
1862 395 2162 445 intellectum
2209 412 2459 460 nunquam

197 463 432 510 imbutum
471 461 826 527 hypothesibus
865 464 1130 526 antiquis„

338 560 621 611 Griigerus:
682 563 857 602 Interim
895 566 1033 602 tamen
1072 574 1155 602 non
1200 574 1368 613 possum
1411 564 1514 616 quin
1557 576 1685 603 unum
1726 568 1851 618 atque
1891 567 2066 607 alterum
2099 573 2138 609 te
2168 583 2321 620 rogem.
2383 572 2465 612 Cur

193 621 578 673 prosthaphaereses
611 626 848 671 computare
880 622 1004 661 doces
1036 634 1087 661 ex
1119 623 1225 661 areis
1257 623 1562 671 triangulorum
1593 625 1775 663 numeris
1809 625 1910 664 adeo
1942 627 2141 682 prolixis,
2181 642 2274 669 cum
2304 634 2467 681 possint

194 693 265 731 per
296 681 543 719 sufficientia
574 680 803 719 dedomena
834 692 855 719 e
885 679 1086 720 lateribus
1119 685 1160 720 et
1190 679 1353 730 angulis
1386 682 1752 733 compendiosius‘.>
1785 683 1945 734 Fateor,
1978 697 2042 723 me
2074 687 2153 725 hoc
2184 701 2266 728 non
2299 692 2463 744 assequi

193 737 234 778 et
263 739 397 788 ignoti
426 739 529 777 mihi
560 739 679 777 nulla
711 738 877 790 cupido.

287 887 290 889 .
334 826 673 889 Keplerus:
731 826 961 888 QuaeriS,
1018 842 1101 875 cur
1150 828 1617 892 prosthaphacreses
1659 836 1940 894 computare
1983 830 2186 882 doceam
2240 850 2298 883 ex
2338 840 2463 887 areis

197 899 587 964 triangulorum?
664 901 942 964 Respexisti
994 901 1164 966 procul
1219 901 1368 950 dubio
1408 902 1472 950 ad
1519 903 1601 951 fol.
1647 904 1749 951 686
1801 904 2052 966 Epitomes
2095 910 2191 965 (vet.
2226 914 2461 971 editionis).

193 974 502 1038 RespondeO,
546 975 661 1035 quia
699 976 978 1027 institutum
1015 988 1177 1025 mcum
1217 981 1313 1035 est,
1366 977 1781 1039 computationem
1824 977 2063 1027 deducere
2104 994 2163 1028 ex
2202 980 2463 1044 hypothesi

122 1059 124 1062 ’
191 1063 446 1098 causarum
497 1046 820 1109 naturalium,
872 1049 998 1095 sicut
1054 1051 1245 1096 veteres
1285 1048 1529 1098 deducunt
1582 1065 1692 1099 eam
1743 1066 1802 1099 ex
1859 1051 2122 1115 hypothesi
2176 1054 2464 1105 circulorum

189 1122 509 1185 perfectorum
548 1128 867 1183 motuumque
920 1123 967 1167 in
1008 1122 1069 1168 iis
1109 1121 1443 1184 aequabilium
1481 1124 1567 1172 vel·
1603 1125 1759 1186 quasi.
1826 1124 1942 1173 Jam
1981 1141 2099 1174 vcro
2141 1141 2291 1176 causa
2317 1145 2463 1180 verae

190 1195 431 1255 tarditatis
471 1200 520 1242 et
559 1194 836 1242 velocitatis
876 1199 1103 1256 planetae
1141 1209 1229 1257 per
1280 1210 1453 1243 auram
1498 1197 1780 1246 aetheream
1833 1206 1906 1247 est
1953 1198 2186 1249 distantia
2236 1201 2464 1263 planetae

190 1285 220 1317 a
252 1268 382 1328 Sole,
423 1268 558 1316 fonte
596 1273 771 1329 motus,
814 1268 970 1330 maj0r
1008 1268 1089 1317 'vel
1130 1271 1300 1329 minor,
1342 1284 1457 1318 area
1495 1285 1612 1319 vero
1654 1273 1872 1320 continet
1912 1272 2169 1322 distantias
2209 1288 2377 1324 omnes
2418 1286 2465 1327 et

190 1357 304 1390 area
343 1338 573 1404 'trianguli
613 1343 830 1389 continet
877 1347 1130 1390 excessum
1172 1342 1512 1391 distantiarum
1561 1359 1708 1407 supra
1759 1345 2029 1396 mediocres
2083 1347 2163 1397 vel
2204 1347 2460 1400 defectum.

188 1415 319 1464 Illud
358 1415 688 1467 demonstravi
725 1414 850 1463 libro
890 1415 979 1476 IV,
1019 1415 1113 1463 hoc
1150 1422 1288 1479 parte
1328 1418 1484 1481 prima
1521 1417 1634 1465 libri
1677 1418 1737 1467 V.

336 1490 438 1550 Ais,
479 1488 943 1552 prosthaphaereses
981 1502 1127 1551 posse
1168 1492 1439 1553 computari
1476 1491 1870 1554 compendiosius
1909 1509 1996 1557 per
2043 1495 2336 1545 sufficientia
2375 1497 2464 1547 de-

191 1562 398 1612 domena
436 1577 495 1611 ex
521 1561 757 1610 lateribus
782 1569 829 1610 et
861 1564 1070 1625 angulis
1124 1562 1229 1627 Ego
1251 1566 1432 1625 negavi
1459 1563 1554 1613 hoc
1577 1564 1659 1614 fol.
1693 1567 1796 1614 671
1833 1574 1923 1621 (lib.
1956 1575 1992 1613 V
2024 1579 2140 1625 parte
2170 1577 2204 1627 Ι.
2251 1577 2300 1618 N.
2334 1573 2376 1630 5)
2415 1578 2465 1621 et

189 1636 349 1686 adhuc
373 1651 516 1699 nego,
562 1635 726 1683 Proba
754 1637 873 1698 ipse,
915 1641 1141 1698 recteque
1168 1651 1245 1685 me
1272 1637 1404 1686 dices
1429 1652 1626 1700 negare.
1675 1637 1743 1688 Ut
1769 1641 1810 1687 si
1850 1642 1913 1689 sit
1953 1644 2284 1693 eccentricitas
2323 1650 2376 1692 ut
2413 1648 2471 1693 in.

192 1709 347 1762 Marte
377 1710 532 1759 9265.
590 1708 808 1757 Primum
845 1711 892 1756 in
921 1709 1077 1757 forma
1102 1709 1408 1760 Ptolemaica
1435 1713 1498 1759 sit
1526 1709 1859 1761 eccentricitas
1900 1718 2157 1777 aequantis
2203 1718 2376 1766 18530
2417 1725 2464 1768 et

189 1784 271 1832 via
294 1783 520 1847 planetae
558 1782 800 1844 perfectus
842 1782 1063 1844 circuluS,
1105 1789 1159 1830 ut
1183 1784 1231 1830 in
1259 1784 1562 1834 Ptolemaeo.
1628 1786 1788 1835 Datur
1820 1788 1967 1851 igitur
1994 1788 2078 1835 ΒΕ
2111 1791 2337 1853 100000,
2379 1792 2461 1840 ΒΟ

192 1859 362 1918 9265,
402 1856 494 1905 ΒΑ
533 1855 700 1904 itidem
744 1856 911 1916 9265,
967 1861 1319 1920 praetereaque
1359 1858 1490 1906 DCE
1607 1856 1612 1861 ’

189 1945 249 1980 ex
287 1936 548 1995 tempore.⁴
593 1928 651 1976 In
690 1930 937 1992 triangulo
976 1932 1126 1992 igitur
1163 1930 1290 1979 BCE
1343 1931 1488 1980 datur

187 2004 312 2054 ECB
352 2011 400 2053 et
445 2004 603 2054 latera
643 2001 741 2064 CB,
781 2002 866 2050 BE
898 2006 956 2063 (A
986 2005 1076 2062 Sol,
1109 2007 1146 2051 B
1170 2012 1375 2053 centrum
1408 2022 1486 2054 ec·
1666 1992 1704 2067 ,A

186 2080 387 2137 centrici,
422 2081 454 2125 C
475 2085 679 2125 centrum
700 2079 951 2138 aequantis,
985 2080 1025 2124 Ε
1047 2080 1246 2138 planeta,
1279 2083 1362 2126 ED
1384 2096 1485 2139 per·
1625 2035 1910 2186 ,JN

185 2146 490 2204 pendicularis
520 2146 568 2190 in
598 2145 675 2190 ΑΟ
707 2147 1041 2205 continuatam,
1073 2147 1154 2192 AF
1186 2149 1485 2205 perpendicu-
1615 2150 1623 2162 ‘
1691 2156 1722 2187 B
1911 2186 1913 2188 ,

1595 2169 1619 2203 s

186 2213 293 2258 laris
323 2214 370 2258 in
400 2213 480 2257 ΕΒ
512 2213 842 2270 continuatam,
878 2214 916 2258 si
948 2229 1064 2271 opus
1096 2217 1195 2272 est).
1243 2209 1311 2260 Ut
1337 2213 1484 2274 igitur
1622 2163 1693 2340 Ἴ

188 2283 271 2331 BE
312 2282 375 2330 ad
416 2281 481 2344 Ο,
539 2286 609 2333 sic
647 2282 730 2332 ΒΟ
771 2283 835 2332 ad
873 2284 1000 2332 ΒΕΟ
1041 2284 1281 2348 (intelligo
1321 2300 1482 2348 angu-
1652 2330 1679 2364 c

186 2357 343 2404 lorum
389 2358 559 2416 sinus).
659 2355 799 2407 Haec
847 2363 922 2407 est
979 2356 1075 2406 una
1122 2358 1479 2423 multiplicatio,

186 2430 268 2479 ΒΟ
307 2432 355 2478 in
394 2432 554 2478 sinum
593 2429 647 2479 Ο.
723 2430 839 2480 Jam
878 2427 1020 2492 BEC,
1062 2431 1187 2480 Ε-ΟΒ
1221 2432 1479 2495 jungendi,
1684 2344 1689 2506 Ι
2111 2441 2261 2510 ὲ
2336 2476 2341 2480 ,
2387 2494 2413 2526 F

188 2519 375 2553 summa
424 2503 733 2553 subrahenda
786 2520 817 2553 a
855 2506 884 2552 2
926 2507 1093 2564 rectiS,
1145 2511 1298 2554 restat
1334 2506 1477 2555 EBG.
1677 2511 1707 2546 D

189 2568 316 2626 Hinc
355 2577 512 2639 EBA3
561 2583 610 2626 et
648 2578 823 2626 dantur
860 2579 969 2638 ΕΒ,
1008 2579 1126 2644 -ΒΑ,
1203 2578 1319 2628 Sive
1368 2595 1482 2643 ergo
1528 2581 1632 2644 jam
1674 2582 1888 2644 opereris
1928 2595 2014 2643 per
2052 2580 2169 2637 El),
2225 2581 2331 2628 sive
2368 2597 2455 2643 per

189 2651 299 2714 BF,
340 2650 452 2711 ΡΑ,
491 2650 674 2700 laboris
713 2651 901 2714 aliquid
939 2658 1188 2713 nascetur,
1218 2660 1292 2700 ut
1330 2655 1611 2703 inveniatur
1651 2663 1783 2704 totus
1823 2654 1949 2702 ΟΕΑ
1993 2659 2040 2702 et
2080 2652 2166 2699 EA
2207 2652 2455 2705 distantia.

189 2724 244 2772 In
282 2726 429 2787 priori
467 2724 622 2773 forma
661 2724 854 2774 additur
894 2725 1020 2774 ΒΕΟ
1061 2725 1124 2775 ad
1163 2726 1292 2774 OED
1334 2734 1381 2777 et
1419 2743 1504 2792 per
1546 2730 1679 2777 BED
1722 2729 1992 2791 excerpitur
2041 2741 2100 2774 ex
2139 2726 2328 2775 sinibus
2368 2729 2456 2777 ΕΙ)

191 2805 239 2847 et
262 2799 368 2859 DB,
412 2800 491 2846 cui
528 2797 723 2848 additur
747 2799 852 2846 BA.
911 2797 979 2848 Ut
1016 2801 1164 2863 igitur
1202 2801 1290 2848 ΕΙ)
1331 2801 1394 2850 ad
1432 2802 1543 2862 DA,
1585 2805 1654 2852 sic
1697 2807 1830 2852 totus
1869 2799 1932 2849 ad
1970 2805 2251 2862 tangentem
2289 2802 2458 2865 anguli

1906 1902 1989 1943 Fig.
2019 1901 2052 1944 2,

193 2872 345 2931 DEA,
385 2871 513 2921 unde
552 2873 830 2921 subtractus
858 2872 1003 2937 DEC,
1043 2879 1196 2922 restat
1222 2874 1365 2923 ΟΕΑ.
1443 2875 1581 2925 Haec
1624 2883 1698 2926 est
1737 2874 1952 2924 secunda
1992 2875 2235 2936 operatio,
2277 2874 2455 2925 divisio

190 2945 387 2994 scilicet.
444 2945 611 2995 Tertio
638 2945 804 3009 anguli
829 2945 968 2994 DEA
1008 2948 1295 2996 exscribitur
1332 2962 1535 3012 secanS,
1573 2955 1621 2999 et
1658 2954 1712 2996 ut
1750 2954 1882 2997 totus
1922 2945 1984 2995 ad
2023 2947 2152 2995 hunc
2190 2956 2453 3011 secantem,

190 3021 260 3067 sic
295 3018 383 3068 ED
423 3018 487 3068 ad
524 3019 628 3068 EA.
703 3019 844 3069 Haec
883 3025 956 3068 est
994 3022 1136 3070 tertia
1177 3024 1412 3085 operati0,
1454 3021 1797 3085 multiplicatio
1837 3017 2039 3070 scilicet.
2104 3021 2208 3070 Nec
2245 3023 2455 3085 brevior,

192 3091 277 3146 scd
312 3092 506 3155 longior
546 3102 618 3142 est
656 3095 739 3142 via
775 3107 863 3157 per
899 3093 1198 3156 triangulum
1225 3095 1384 3143 ABF:
1426 3097 1474 3145 in
1515 3110 1573 3144 eo
1614 3095 1756 3144 datur
1784 3095 1928 3155 ABF,
1970 3095 2059 3143 AB
2099 3101 2145 3143 et
2186 3095 2226 3144 F
2265 3103 2453 3158 rectus3

193 3164 303 3215 hinc
340 3165 531 3216 duabus
571 3166 1062 3234 multiplicationibus
1099 3167 1342 3217 habentur
1362 3168 1465 3229 AF,
1506 3169 1606 3229 FB,
1650 3171 1728 3217 cui
1766 3167 1892 3217 adde
1930 3167 2031 3220 BE.
2109 3166 2178 3217 Ut
2215 3183 2330 3233 ergo
2372 3171 2454 3219 EF

193 3237 256 3287 ad
292 3239 406 3301 FA,
458 3242 528 3290 sic
567 3247 698 3289 totus
739 3240 802 3289 ad
840 3247 1123 3303 tangentem
1162 3241 1321 3300 FEA,
1365 3242 1443 3289 cui
1482 3241 1678 3291 additus
1718 3242 1864 3302 FEC,
1898 3241 2015 3290 facit
2054 3241 2181 3290 AEC
2221 3244 2453 3306 prostha-

192 3311 462 3375 pha'eresin.
542 3314 603 3362 Et
639 3320 693 3363 ut
731 3319 864 3363 totus
902 3313 966 3362 ad
1004 3319 1251 3362 secantem
1289 3314 1435 3376 FEA,
1476 3317 1547 3365 sic
1585 3316 1667 3364 FE
1707 3316 1770 3365 ad
1813 3315 1901 3363 ΕΑ
1942 3315 2239 3364 distantiam.

335 3386 558 3436 Secundo
597 3388 647 3434 in
685 3388 841 3436 forma
863 3387 1215 3451 Copernicana.
1274 3387 1379 3436 Erit
1405 3392 1517 3448 (Fig.
1551 3390 1597 3444 3)
1625 3389 1709 3438 ΒΟ
1742 3385 1985 3454 13897¹s2
2026 3395 2074 3438 et
2113 3389 2193 3438 ΟΕ
2235 3386 2448 3458 4632112

194 3456 427 3524 daturque
452 3459 586 3509 FBA
613 3476 672 3511 ex
699 3467 915 3525 tempore
943 3461 1147 3524 ejusque
1176 3459 1582 3524 complementum
1602 3462 1755 3511 CBA:
1796 3476 1910 3526 ergo
1939 3464 1988 3509 in
2018 3461 2163 3522 ABG,
2205 3469 2260 3511 ut
2296 3463 2451 3526 pluri-

194 3545 322 3582 mum
362 3533 747 3600 obliquanguIO,
798 3535 940 3584 datur
978 3533 1186 3598 angulus
1224 3534 1266 3582 B
1306 3540 1354 3583 et
1392 3538 1519 3585 circa
1559 3551 1670 3585 eum
1708 3536 1863 3585 latera
1903 3534 2009 3595 ΟΒ,
2058 3536 2164 3584 BA.
2240 3535 2449 3584 Rursum

195 3605 338 3668 igitur
376 3605 521 3658 ducta
558 3607 946 3671 perpendiculari
973 3608 1060 3656 AF
1099 3609 1148 3655 in
1188 3607 1270 3656 ΟΒ
1309 3611 1659 3670 continuatam,
1699 3625 1784 3673 per
1824 3609 2056 3672 angulum
2097 3610 2137 3657 B
2180 3624 2449 3672 excerpun-

197 3683 271 3725 tur
290 3679 375 3727 AF
415 3686 463 3729 et
486 3680 587 3743 FB,
629 3696 754 3744 quae
787 3682 971 3745 juncta¹
997 3682 1093 3745 ipsi
1127 3679 1210 3729 BC
1249 3681 1366 3731 facit
1392 3682 1488 3734 CF.
1563 3681 1631 3732 Ut
1668 3685 1815 3746 igitur
1842 3682 1928 3731 AF
1970 3682 2032 3731 ad
2070 3682 2169 3744 FC,
2211 3684 2280 3730 sic
2316 3687 2446 3730 totus

0 3732 10 3742 ⁸
106 3814 110 3819 .
198 3748 262 3798 a'd
294 3757 572 3817 tangentem
610 3754 780 3818 anguli
818 3755 963 3817 CAF,
1003 3753 1131 3803 unde
1170 3753 1363 3804 ablatus
1400 3756 1533 3805 BAF
1573 3756 1803 3819 relinquit
1833 3755 1978 3804 ΟΑΒ.
2057 3753 2124 3805 Ut
2161 3769 2275 3804 vero
2314 3759 2446 3803 totus

198 3820 260 3873 ad
295 3834 538 3877 secantem
577 3828 746 3892 anguli
773 3827 918 3891 CAF,
956 3829 1029 3879 sic
1059 3828 1144 3878 AF
1184 3827 1247 3876 ad
1274 3828 1374 3880 AC.
1440 3829 1503 3880 Et
1541 3831 1660 3895 quia
1698 3845 1805 3880 cum
1833 3828 1960 3879 CAF
2000 3829 2206 3879 habetur
2244 3833 2292 3877 et
2317 3826 2444 3878 ACF
