2554 4140
1107 76 1376 133 Praecepta.
1444 56 1447 57 ⁷
2260 87 2326 137 69
2331 88 2363 136 3

100 224 308 287 busnam
333 241 394 277 ex
417 227 577 277 causis
601 226 697 290 hoc
719 227 792 288 sic
817 227 1033 292 eveniat,
1063 226 1306 290 ponitque
1330 225 1524 288 aliquas
1553 231 1708 276 certas
1739 232 1787 277 et
1811 234 1958 292 captu
1983 234 2366 295 computatuque

97 298 265 349 faciles
302 299 455 364 legeS,
495 299 782 362 exploranS,
822 306 983 348 utrum
1021 314 1102 361 ea,
1143 313 1272 362 quae
1312 299 1720 349 observationum
1759 305 2052 353 testimoniis
2091 309 2206 353 sunt
2244 318 2365 353 con-

100 372 310 432 firmata,
352 388 411 422 ex
448 374 508 421 iis
546 378 766 423 motuum
801 372 996 435 legibus
1034 371 1386 436 sequantur?
1684 407 1694 411 >
2363 416 2365 418 .

243 446 331 494 Est
346 448 493 509 1g1tur
512 444 908 508 distinguendum
931 445 1187 516 diligenter
1207 445 1424 503 interea,
1454 458 1581 506 quae
1609 445 1724 493 artis
1742 448 1885 508 periti
1919 448 2196 509 observant,
2221 454 2270 498 et
2290 463 2365 511 ea,

101 532 227 580 quae
264 526 466 581 ponunt,
505 525 560 566 ut
596 517 681 566 illa
719 520 980 568 observata
1015 533 1102 581 per
1139 510 1260 567 haec
1296 519 1458 579 posita
1497 517 1721 565 efficiant.
1803 517 2075 583 Utrumque
2101 524 2365 586 peritorum

99 593 216 638 artis
254 597 343 652 est,
380 597 607 642 neutrum
644 590 707 639 ad
745 594 1068 656 promiscuam
1107 591 1244 653 vulgi
1282 590 1504 638 notitiam
1543 591 1778 654 pertinet;
1821 598 2060 655 tantoque
2094 595 2364 658 proclivius

101 670 188 722 est,
229 662 381 712 altera
420 679 528 714 cum
552 665 719 714 alteris
759 664 1071 714 confundere.
1130 663 1271 713 Haec
1298 677 1414 712 vero
1458 663 1502 710 si
1542 664 1664 710 bene
1691 663 1869 711 fuerint
1895 667 2084 716 interea
2123 668 2366 730 distincta,

99 741 214 784 tuuc
249 738 517 800 apparebit,
559 737 792 800 quidnam
831 753 923 800 ego
962 753 1023 787 ex
1060 738 1215 786 veteri
1251 736 1549 785 astronomia
1587 736 1836 797 retineam,
1888 739 2004 799 quid
2045 739 2291 801 abjiciam.

241 809 352 858 Non
390 817 464 859 est
502 811 789 875 hypothesis
827 817 914 860 aut
949 812 1129 874 positio
1167 810 1295 869 ficta,
1337 824 1445 859 cum
1471 807 1721 869 tradimuS,
1763 809 1989 871 planetas
2027 827 2222 862 emenso
2253 828 2365 862 cur-

13 880 26 885 *
98 882 251 932 riculo
289 884 338 930 in
377 885 580 947 pristina
616 887 795 933 reverti
835 886 1057 947 vestigia,
1098 876 1318 936 sedfhoc
1357 883 1700 937 observatione
1740 889 1933 931 constat
1974 891 2021 932 et
2058 886 2367 947 planetarum

98 955 356 1005 collatione
394 971 504 1006 cum
541 957 650 1006 fixis
690 959 845 1018 certiS,
885 957 948 1006 ad
988 971 1110 1020 quas
1150 956 1220 1004 illi
1257 962 1370 1018 post
1412 960 1544 1004 certa
1582 962 1854 1017 temporum
1894 958 2155 1007 intervalla
2192 974 2364 1008 rever-

99 1033 277 1076 tuntur.
352 1029 496 1079 Hanc
532 1031 939 1106 restitutionem,
960 1031 1011 1078 in
1048 1030 1169 1078 lato
1188 1044 1334 1078 sensu
1375 1029 1511 1078 vocis
1551 1027 1864 1091 circularem,
1917 1044 2010 1092 ego
2050 1045 2365 1094 nequaquam

100 1102 280 1164 abjicio
318 1115 411 1151 nec
449 1103 690 1170 convello.

242 1174 354 1223 Non
394 1182 467 1225 est
503 1191 662 1239 neque
699 1176 794 1224 hoc
823 1175 1011 1237 fictum,
1051 1174 1131 1223 vel
1171 1189 1303 1224 ame
1342 1173 1606 1236 abjectum,
1648 1173 1781 1236 quod
1807 1173 1958 1223 habet
1986 1175 2207 1225 doctrina
2233 1148 2370 1226 side-

97 1246 227 1307 raliS,
266 1246 490 1309 planetas
528 1251 578 1296 in
618 1250 857 1314 oppositis
898 1250 1041 1298 coeli
1059 1249 1181 1297 locis
1234 1246 1577 1309 inaequalibus
1616 1246 1890 1295 intervallis
1945 1263 1976 1296 a
2013 1249 2164 1298 Terra
2215 1249 2298 1300 vel
2335 1265 2367 1298 a

97 1320 227 1370 Solis
265 1326 429 1370 centro
477 1323 527 1368 in
563 1322 696 1372 linea
733 1328 868 1372 recta
918 1321 1182 1371 discedere.
1258 1321 1365 1369 Etsi
1416 1321 1544 1368 enim
1585 1319 1835 1379 distantia,
1870 1335 1969 1369 non
2009 1328 2083 1370 est
2122 1325 2370 1387 proprium

98 1393 344 1455 obJectum
382 1396 545 1455 visus,
594 1401 646 1444 at
682 1401 796 1444 sunt
833 1401 1123 1457 argumenta,
1155 1396 1374 1458 propria,
1429 1393 1606 1455 quibus
1648 1392 1898 1446 oculorum
1938 1395 2229 1445 testimonio
2257 1396 2367 1445 dic-

96 1469 212 1515 tatis
251 1465 310 1516 de
354 1467 624 1517 intervallis
663 1468 908 1518 reddimur
947 1470 1092 1531 certi;
1142 1469 1183 1516 si
1223 1469 1446 1515 nimirum
1486 1473 1534 1515 et
1573 1479 1748 1530 corpus
1789 1473 1836 1515 et
1875 1474 2038 1516 motus
2088 1476 2363 1533 temporum

99 1537 382 1602 aequalium
419 1542 471 1588 in
510 1555 607 1589 uno
648 1542 774 1591 coeli
812 1541 923 1590 loco
964 1543 1061 1589 sint
1098 1540 1162 1589 ad
1186 1555 1383 1589 sensum
1422 1554 1590 1602 parva,
1633 1541 1680 1586 in
1717 1542 1943 1602 opposito
1983 1557 2178 1605 magna.
2242 1542 2368 1592 Nam

96 1611 230 1675 quod
267 1613 606 1663 Fracastorius
646 1621 695 1664 et
733 1621 846 1664 ante
884 1629 992 1662 eum
1022 1614 1347 1676 Albategnius
1376 1613 1535 1662 Arabs
1563 1619 1846 1677 posuerunt,
1889 1613 2171 1665 distantiam
2197 1615 2370 1664 sideris

96 1693 291 1736 manere
329 1689 634 1748 invariatam,
675 1687 838 1737 media
875 1701 1007 1745 ver0,
1048 1688 1182 1736 sidus
1223 1689 1348 1736 inter
1386 1694 1435 1738 et
1461 1687 1622 1735 visum
1648 1687 1950 1749 interposita,
1993 1688 2220 1738 densiora
2260 1703 2368 1738 esse

97 1775 155 1808 ex
195 1774 292 1807 una
330 1760 495 1824 plaga,
534 1763 718 1810 rariora
756 1775 815 1831 err
854 1763 1109 1821 contraria,
1150 1763 1587 1824 apparentiamque
1626 1759 1726 1807 illic
1764 1760 2030 1822 majorem,
2085 1762 2367 1823 hic‘mino-

95 1847 197 1881 rem
234 1832 458 1894 reddere,
501 1834 551 1881 id
589 1835 779 1883 somnio
819 1833 1027 1882 similius
1067 1839 1154 1894 est,
1197 1849 1344 1896 quam
1383 1834 1615 1899 positioni
1650 1832 1884 1882 eruditae.
1962 1835 2095 1884 Dato
2137 1836 2279 1896 enim,
2320 1836 2371 1882 in

96 1907 206 1955 loco
246 1905 371 1955 coeli
409 1921 505 1955 uno
546 1908 733 1970 majora
779 1906 916 1956 reddi
952 1906 1242 1971 spectabilia
1291 1921 1377 1970 per
1415 1907 1541 1955 hanc
1590 1907 1909 1970 positionem,
1969 1906 2086 1971 quid
2135 1907 2219 1957 fiet
2257 1908 2369 1972 pla-

97 1981 223 2027 netis
265 1978 391 2040 aliis,
431 1994 636 2042 quorum
676 1986 837 2029 motus
877 1986 925 2029 et
963 1994 1168 2044 corpora
1208 1979 1382 2029 eodem
1419 1983 1469 2028 in
1508 1980 1617 2029 loco
1654 1979 1778 2028 coeli
1816 1985 2099 2044 spectantur
2137 1980 2366 2031 minora?

98 2050 196 2101 Sed
234 2051 356 2100 nihil
394 2059 468 2102 est
506 2067 628 2120 opus
667 2055 1116 2118 argumentatione,
1155 2068 1255 2102 rem
1294 2056 1464 2118 ipsam,
1506 2058 1560 2100 ut
1596 2067 1684 2116 par
1724 2059 1812 2116 est,
1853 2053 2050 2116 largior,
2091 2054 2367 2104 intervallis

23 2156 26 2161 -
98 2125 257 2174 sidera
295 2125 636 2189 inaequalibus
674 2129 743 2177 ire
782 2129 909 2177 circa
948 2126 1169 2188 Terram,
1221 2141 1330 2187 seu,
1393 2133 1447 2175 ut
1487 2140 1595 2174 cum
1633 2129 1923 2175 astronomis
1972 2127 2173 2190 loquar,
2235 2130 2370 2176 viam

25 2221 30 2226 ·
98 2198 310 2248 siderum
349 2214 455 2249 esse
495 2202 842 2262 eccentricam3
895 2214 1145 2262 nunquam
1184 2199 1276 2249 hoc
1316 2214 1406 2263 ego
1445 2199 1724 2262 negandum
1764 2203 1945 2249 censui.
2023 2200 2237 2250 Rursum
2275 2216 2366 2250 nec

26 2280 29 2287 ·
98 2273 219 2322 haec
265 2279 338 2322 est
376 2270 552 2337 positio
594 2273 731 2335 ficta,
788 2288 897 2323 cum
937 2272 1169 2338 dicimUS,
1222 2277 1437 2323 centrum
1486 2273 1742 2322 eccentrici
1780 2272 1949 2322 Lunae
2002 2275 2163 2338 spatio
2204 2288 2368 2322 anno-

50 2363 54 2368 ·
97 2361 205 2394 rum
243 2342 347 2414 8¹]2
387 2346 656 2396 describere
696 2362 900 2412 parvum
940 2313 1172 2396 circulum
1214 2348 1341 2397 circa
1370 2351 1586 2418 centrum
1615 2345 1810 2396 Terrae.
1888 2345 2126 2396 Videmus
2166 2361 2214 2397 n.
2257 2346 2370 2396 dia-

99 2425 303 2468 metrum
341 2421 556 2482 coi-poris
596 2420 766 2470 Lunae
806 2426 855 2469 et
892 2425 1051 2468 motus
1092 2419 1288 2470 diurnos
1327 2414 1456 2468 nunc
1495 2421 1544 2467 in
1585 2419 1772 2468 Cancro
1813 2433 1920 2469 esse
1961 2422 2213 2482 minimOS,
2253 2428 2369 2484 post

99 2507 280 2540 annum
319 2494 367 2540 in
407 2493 597 2554 Leone,
652 2499 765 2558 post
802 2495 850 2539 in
889 2493 1090 2556 Virgine
1143 2500 1191 2542 et
1230 2495 1300 2543 sic
1341 2491 1594 2556 deincepS,
1651 2491 1806 2542 donec
1851 2496 2036 2542 exactis
2077 2495 2218 2544 annis
2262 2491 2373 2560 8¹l2

99 2564 218 2629 ordo
256 2571 529 2615 revertatur
569 2564 632 2615 ad
672 2566 928 2616 Cancrum.

242 2637 359 2687 Jam
397 2653 531 2696 vem,
574 2653 682 2694 cum
722 2639 930 2688 artifices
970 2645 1282 2701 quaererent,
1325 2638 1617 2701 quibusnam
1656 2637 1930 2686 rationibus
1971 2638 2243 2687 efficeretur
2282 2639 2367 2687 via

100 2707 390 2774 eccentri'ca}
418 2713 744 2776 positionibus
784 2711 988 2761 diversis
1028 2718 1142 2760 sunt
1182 2714 1270 2772 usi,
1312 2726 1370 2761 ex
1410 2711 1588 2774 quibus
1628 2710 1735 2770 hoc,
1777 2710 1909 2772 quod
1950 2713 1999 2758 in
2037 2726 2088 2760 re
2129 2718 2215 2772 est,
2260 2711 2368 2760 effi-

54 2784 57 2786 ’
101 2791 301 2833 cer-etur.
378 2784 749 2848 simplicissima
788 2786 879 2834 fuit
918 2799 1084 2835 eorum
1123 2787 1314 2849 opini0,
1372 2786 1454 2847 qui
1496 2789 1725 2847 punctum
1765 2782 1968 2845 aliquod
2007 2791 2280 2833 statuerunt
2319 2785 2371 2832 in

21 2887 55 2925 1·
100 2857 294 2905 sublimi
334 2859 590 2921 positoque
647 2859 696 2905 in
745 2873 802 2908 eo
855 2858 978 2923 pede
1018 2859 1182 2907 circini
1230 2857 1495 2922 perfectum
1545 2856 1902 2919 descripserunt
1951 2857 2184 2906 circulum
2237 2859 2367 2907 circa

102 2929 149 2977 id
186 2936 434 2994 punctum.
512 2930 717 2992 Deinde,
759 2946 868 2980 cum
909 2933 1253 2982 observatione
1294 2936 1503 2991 constet,
1561 2930 1674 2979 loca
1713 2931 2034 2978 maximorum
2074 2929 2243 2980 Lunae
2284 2932 2366 2992 in·-¹

102 3002 415 3052 tervallorum
454 3017 549 3052 non
589 3019 781 3054 manere
822 2998 1017 3066 eadem,
1070 3003 1155 3054 sed
1197 3003 1456 3053 succedere
1496 3004 1706 3051 invicem
1746 3004 1794 3048 in
1835 3005 2216 3065 consequentia,
2260 3008 2366 3053 sta-

105 3083 296 3126 tuerunt
334 3076 429 3136 illi,
484 3076 614 3139 quod
655 3085 758 3126 erat
793 3092 869 3126 res
909 3080 1040 3142 ipsa,
1093 3083 1146 3126 ut
1187 3077 1393 3137 dictum,
1447 3083 1665 3125 centrum
1712 3075 1861 3136 hujus
1903 3076 2070 3123 circuli
2113 3067 2368 3126 eccentrici
2402 3109 2404 3111 >

103 3150 211 3199 ferri
250 3151 299 3197 in
338 3148 434 3198 alio
476 3148 668 3198 cii-cello
721 3153 1025 3199 concentrico
1066 3151 1192 3199 circa
1233 3150 1446 3199 Terram.
1528 3147 1590 3198 Ut
1640 3162 1755 3196 vero
1810 3147 2186 3211 intelligeretur,
2241 3164 2369 3215 quo-

104 3221 248 3271 modo
285 3230 518 3285 punctum
558 3223 666 3271 ferri
704 3228 873 3285 posset
911 3226 959 3271 in
1000 3224 1230 3284 circulos,
1281 3224 1462 3287 posteri
1511 3221 1621 3285 plus
1669 3220 1973 3269 indulserunt
2019 3223 2366 3286 positionibUS,

106 3295 281 3343 additis
320 3297 516 3344 orbibus
554 3295 876 3358 inaequaliter
913 3297 1112 3353 erasme,
1166 3294 1341 3359 quibus
1383 3292 1695 3343 deferentium
1743 3308 1965 3358 apogaea
2014 3309 2190 3345 nomen
2230 3295 2364 3344 indi·-

105 3366 288 3416 derunt.
371 3369 465 3415 Alii
508 3375 674 3416 contra
731 3382 958 3431 magnum
998 3370 1355 3418 concentrIcum
1409 3365 1690 3416 ordinarunt
1738 3368 1864 3416 cirea
1904 3374 2119 3417 centrum
2158 3368 2354 3427 Terrae,

48 3467 64 3474 -
106 3442 155 3488 in
192 3454 250 3489 eo
290 3441 469 3491 circulo
508 3441 763 3490 affixerunt
802 3443 953 3505 parvi·
978 3441 1186 3503 alicujus
1226 3441 1432 3505 epicycli
1460 3446 1690 3498 centrum,
1733 3438 1922 3490 Lunam
1950 3456 2064 3490 vero
2105 3444 2151 3490 in
2187 3457 2361 3507 super-

109 3513 212 3562 ficie
263 3513 411 3576 hujus
449 3513 654 3578 epicycli
704 3517 830 3563 circa
877 3513 983 3576 ejus
1021 3519 1254 3577 punctum
1307 3513 1551 3562 affixionis
1594 3512 1727 3562 volvi
1783 3512 2022 3564 dixerunt.
2099 3514 2210 3564 Hoc
2248 3529 2366 3565 vero

107 3586 267 3648 posito
306 3588 630 3648 sequebantur
670 3587 839 3637 eadem
889 3602 1014 3650 quae
1053 3588 1202 3649 prius·
1278 3586 1448 3650 Tycho
1491 3587 1637 3635 etiam
1691 3585 1962 3650 duplicavit
2001 3588 2275 3652 epicyclum
2314 3589 2363 3635 in

109 3657 263 3711 Luna.
338 3658 555 3709 Priorem
592 3661 862 3724 simplicem
900 3661 1193 3722 positionem
1234 3673 1323 3722 ego
1364 3658 1470 3707 loco
1498 3674 1587 3706 suo
1627 3658 1896 3723 relinquere
1928 3663 2210 3724 potuissem,
2254 3674 2362 3709 curn

110 3730 226 3779 nihil
262 3731 461 3794 habeat,
518 3748 614 3797 quo
666 3733 726 3783 de
778 3734 986 3783 dubitari
1033 3733 1208 3795 possit,
1269 3732 1694 3781 observationibus
1745 3735 2114 3795 attestantibus,
2168 3738 2360 3795 praeter

110 3801 263 3855 solam
299 3805 642 3874 perfectionem
680 3807 871 3874 circuli3
925 3821 1013 3859 nec
1052 3804 1184 3859 illam
1233 3819 1324 3870 ego
1362 3804 1507 3871 plane
1546 3804 1734 3872 rejici0,
1788 3806 1905 3864 facit
1954 3808 2082 3859 enim
2133 3806 2182 3858 in
2221 3804 2366 3860 Luna
