2554 4140
165 111 267 162 608
333 111 342 114 “
907 109 960 153 In
990 108 1231 166 Epitomen
1259 110 1303 156 N
1305 84 1408 156 otae
1438 110 1654 156 Editoris.

163 265 269 311 ergo
300 263 530 297 numerum
547 251 742 309 Aegypt.
771 262 1002 307 annorum,
1032 252 1265 309 proposito
1299 253 1470 301 (3111011
1491 255 1704 311 aequalis)
1726 255 1938 311 proxime
1958 253 2188 310 majorem,
2221 256 2267 297 et
2288 251 2414 296 aufer

163 317 219 363 ab
253 331 304 362 eo
334 315 615 373 propositum
649 321 924 372 currentem,
956 317 1162 362 residuos
1193 316 1249 362 ad
1283 318 1634 373 respondentem
1674 318 1720 362 in
1751 321 1906 365 eadem
1937 319 2057 364 linea
2086 318 2413 363 Incarnationis

165 389 268 427 ante
300 381 525 426 Christum
556 380 686 437 adde,
718 381 790 425 vel
821 381 876 426 ab
908 394 961 426 eo
991 389 1099 439 post
1132 383 1361 428 Christum
1392 383 1633 439 subtrahe,
1673 384 1738 428 sic
1776 385 1971 429 habetur
2000 397 2144 428 annus
2175 384 2230 427 ab
2260 384 2412 426 Incar-

164 446 344 490 natione
373 450 494 488 retro
526 444 598 490 vel
629 459 788 503 porro,
831 446 879 490 in
911 460 999 503 quo
1029 448 1290 504 propositus
1323 448 1571 504 Aegyptius
1611 448 1783 504 incipit.
1843 450 2042 498 Eosdem
2072 463 2177 493 vero
2209 449 2414 492 residuos

169 523 312 554 annos
345 509 492 555 divide
516 523 598 567 per
628 512 668 564 4,
701 511 976 566 quotientem
1007 513 1206 568 (auctum
1235 513 1433 566 unitate..
1457 513 1497 558 si
1519 514 1626 568 quid
1649 513 1938 569 superfuerit)
1970 514 2086 559 adde
2106 527 2291 558 numero
2325 513 2415 558 diei

163 573 346 631 Juliani,
377 574 559 621 invento
590 576 637 620 in
669 575 825 620 eadem
846 577 978 635 linea,
1009 578 1073 622 ita
1103 578 1301 633 prodibit
1323 578 1452 622 sedes
1483 573 1615 633 primi
1637 578 1800 622 Thoth.
1850 580 2005 623 Tertio
2027 579 2190 636 collige
2213 592 2270 622 ex
2294 579 2416 623 colu-

161 641 295 686 mella
326 641 600 698 competenti
629 655 865 687 numerum
897 643 1069 688 dierum
1099 657 1126 687 a
1155 643 1378 700 principio
1408 642 1530 687 illius
1560 642 1732 687 Juliani
1763 644 1889 699 anni,
1929 658 2072 700 usque
2103 647 2160 690 ad
2191 648 2419 691 inventam

164 707 316 753 sedem
345 709 383 753 Ι.
415 708 559 765 Το111,
601 709 865 766 attendens,
907 712 1154 756 communis
1191 710 1268 754 ille
1299 711 1358 755 sit
1387 722 1532 754 annus
1564 723 1623 754 an
1653 709 1918 765 bissextilis3
1958 710 2077 755 idem
2115 711 2188 757 fac
2226 712 2271 755 in
2302 724 2419 756 anno

162 773 393 829 proposito
420 772 714 830 Aegyptiacd,
744 788 855 819 usus
876 775 1127 819 columella
1156 774 1312 818 itidem
1332 774 1531 831 propria,
1563 787 1782 818 summam
1805 786 1869 818 sc.
1900 773 2070 819 dierum
2093 777 2252 832 collige
2275 789 2419 832 usque

165 837 223 882 ad
251 839 557 895 propositum,
599 840 817 884 summam
850 845 1086 895 utramque
1116 853 1227 897 coge
1257 840 1303 883 in
1334 853 1490 896 unam,
1532 852 1666 895 quam
1697 838 1893 884 vicissim
1930 851 2016 895 ope
2046 841 2311 886 columellae
2341 842 2422 885 Ju-

162 903 384 948 lianorum
414 908 627 949 converte
658 904 703 948 in
734 918 911 949 menses
931 905 1153 949 Julianos.
1216 906 1285 949 Ita
1314 904 1522 948 residuus
1554 905 1639 948 erit
1666 904 1916 960 completus
1948 903 2044 948 dies
2064 907 2229 950 mensis
2251 905 2423 950 Juliani

165 971 408 1028 sequentis.
471 970 641 1026 Quodsi
673 983 846 1014 summa
866 969 1038 1014 dierum
1070 969 1351 1026 superaverit
1372 969 1554 1013 modum
1575 970 1694 1025 anni,
1726 969 1855 1014 aufer
1874 969 1999 1026 prius
2030 971 2087 1015 ab
2121 984 2174 1016 ea
2203 971 2298 1016 dies
2321 971 2424 1022 365,

164 1036 236 1080 vel
274 1037 322 1081 in
362 1036 585 1081 bissextili
616 1036 726 1092 366,
769 1039 814 1079 01
843 1047 926 1091 pro
965 1034 1018 1078 iis
1049 1048 1284 1079 numerum
1317 1047 1534 1080 annorum
1566 1035 1851 1079 Julianorum
1891 1035 2064 1080 unitate
2095 1035 2289 1081 diminue
2320 1043 2423 1080 ante

168 1102 263 1163 Ch„
295 1114 411 1159 auge
442 1107 548 1158 post
579 1102 696 1157 Chr.,
729 1114 830 1145 cum
859 1100 1054 1146 residuis
1085 1100 1245 1145 diebus
1277 1114 1359 1156 age
1390 1107 1441 1145 ut
1470 1101 1611 1158 prius.

340 1183 588 1235 Exemplum
620 1186 721 1225 ante
752 1183 976 1223 Christum.
1040 1183 1274 1234 Quaeritur.
1307 1196 1414 1225 anno
1445 1186 1730 1226 Nabonassari
1759 1188 1861 1237 425,
1897 1185 2173 1235 dicsprimus
2204 1185 2340 1224 Thoth
2372 1185 2423 1224 ad

169 1257 294 1298 quem
325 1244 436 1283 diem
470 1245 587 1293 qu‘us
629 1244 731 1282 anni
763 1241 923 1289 Juliani
954 1243 1159 1295 quadret?
1208 1244 1384 1283 Numero
1424 1245 1503 1284 hoc
1544 1247 1731 1295 proxime
1761 1248 1893 1295 major
1921 1247 1965 1284 in
1996 1245 2100 1285 Tab.
2133 1244 2423 1283 conversionis

172 1306 349 1353 Aegypt.
382 1305 422 1340 et
450 1301 563 1343 Pers.
595 1301 652 1340 ad
683 1301 873 1340 dextram
904 1303 980 1340 sub
1012 1302 1136 1341 titul'o
1171 1302 1583 1342 Nabonassareorum
1612 1304 1824 1343 invenitur
1852 1302 1963 1356 '4683
1996 1303 2104 1342 unde
2138 1303 2293 1342 ablatis
2323 1303 2424 1354 425,

171 1362 329 1402 residui
361 1361 467 1398 fiunt
497 1361 579 1413 433
613 1360 688 1412 qui
718 1359 851 1399 additi
882 1361 933 1399 ad
964 1361 1047 1400 281
1082 1364 1179 1399 ante
1209 1361 1295 1401 100.
1327 1361 1372 1400 10
1404 1361 1546 1400 eadem
1574 1359 1688 1401 linea
1718 1363 1924 1417 inventos,
1958 1363 2184 1402 conficiunt
2214 1362 2299 1401 324
2330 1365 2424 1400 ante

170 1419 393 1461 Christum.

339 1485 456 1524 Idem
486 1484 701 1524 residuum
732 1497 806 1535 per
836 1487 864 1524 4
896 1485 1077 1523 divisum
1120 1483 1193 1523 dat
1228 1485 1281 1524 10
1309 1496 1399 1524 cum
1438 1485 1667 1526 fractione:
1712 1497 1805 1536 ergo
1845 1497 1919 1536 pro
1961 1497 2007 1523 ea
2047 1483 2196 1536 plenos
2230 1487 2281 1526 11
2317 1484 2424 1523 adde

169 1542 224 1581 ad
252 1543 467 1583 inventum
498 1544 539 1581 in
573 1542 717 1582 eadem
745 1541 858 1582 linea
889 1543 996 1582 diem
1031 1545 1070 1582 1.
1094 1542 1212 1596 Now,
1245 1544 1292 1582 fit
1326 1546 1392 1587 12.
1421 1543 1682 1586 Novembris.
1742 1542 1827 1583 Hic
1859 1544 1959 1596 quia
1991 1543 2041 1582 de
2072 1545 2255 1583 omnium
2286 1545 2423 1594 primo

175 1601 242 1640 die
271 1603 372 1640 anni
402 1602 482 1640 fuit
512 1602 759 1654 quaesitum,
792 1602 971 1640 habetur
1002 1612 1096 1650 ergo
1129 1602 1189 1640 sic
1219 1601 1337 1641 sedes
1368 1605 1456 1652 ejus
1485 1603 1529 1640 in
1561 1601 1731 1641 Juliano
1763 1601 2029 1653 respondeus,

208 1686 211 1693 ‚
343 1661 390 1700 Si
424 1671 521 1699 vero
562 1660 799 1712 quaesitum
830 1661 979 1699 fuisset
1007 1659 1058 1698 de
1090 1661 1157 1700 27.
1191 1660 1341 1700 Mesori
1381 1664 1589 1714 currente,
1624 1661 1808 1711 operatio
1840 1662 1900 1700 sic
1937 1659 2088 1700 fuisset
2129 1659 2423 1700 continuanda.

170 1716 364 1758 Julianus
397 1720 498 1760 324.
529 1723 635 1758 ante·
656 1719 746 1759 100.
787 1722 850 1758 031
891 1717 1082 1769 simplex.
1144 1719 1251 1768 Ergo
1293 1718 1523 1770 completus
1554 1720 1733 1760 October
1771 1719 1940 1758 exhibet
1981 1718 2068 1758 dies
2100 1721 2207 1767 304,
2249 1719 2358 1758 adde
2387 1722 2428 1757 et

172 1776 258 1815 dies
287 1779 339 1817 11
386 1775 611 1827 completos
651 1776 701 1815 de
730 1777 976 1825 Novembri,
1017 1778 1116 1816 fient
1148 1779 1246 1818 315.
1307 1778 1376 1818 Sic
1417 1778 1645 1828 completus
1678 1779 1907 1829 Aegyptius
1936 1778 2092 1828 Epiphi
2113 1775 2297 1817 exhibet
2338 1777 2426 1816 dies

179 1835 277 1889 330,
311 1835 415 1875 adde
448 1833 676 1903 completos
708 1837 762 1875 26
797 1835 845 1874 (10
869 1835 1022 1874 Mesori
1053 1841 1253 1886 currente,
1284 1848 1444 1876 summa
1475 1838 1559 1876 356
1587 1839 1786 1886 ,10083101-
1814 1837 1956 1887 priori,
1988 1835 2190 1876 conflatur
2221 1837 2319 1877 645.
2363 1837 2427 1874 Ab

171 1894 247 1933 hac
277 1893 391 1933 aufer
416 1895 550 1944 primo
582 1894 665 1934 365
700 1892 870 1946 (quippe
902 1905 995 1932 011111
1012 1905 1145 1933 annus
1178 1896 1275 1935 324.
1307 1900 1404 1934 ante
1435 1895 1522 1936 100.
1554 1895 1610 1934 311
1642 1893 1857 1948 simplex),
1889 1897 2051 1935 restant
2082 1894 2169 1934 dies
2201 1896 2304 1935 280:
2346 1890 2429 1933 hoc

176 1963 345 1991 numero
377 1954 565 2002 proxime
603 1953 739 1991 minor
770 1954 854 1993 273
887 1952 1119 2002 adscriptus
1158 1958 1219 1992 est
1249 1954 1481 2003 Septembri
1522 1954 1624 1992 anni
1660 1953 1866 2003 simplicis
1907 1952 2101 2003 (simplex
2143 1955 2254 1992 enim
2295 1964 2426 1991 annus

180 2014 241 2049 est
274 2011 398 2050 etiam
428 2012 524 2051 323.
545 2009 749 2063 sequens),
784 2012 934 2062 quibus
964 2010 1133 2061 ablatis,
1162 2016 1320 2051 restant
1350 2012 1437 2051 dies
1461 2013 1483 2051 7
1510 2010 1704 2062 completi
1738 2011 1789 2050 de
1820 2023 1960 2050 mense
1991 2012 2161 2052 Octobri
2192 2012 2293 2050 3001
2325 2013 2422 2051 323.

172 2069 330 2165 unitatis
361 2069 654 2118 diminutioris,
688 2071 842 2120 quippe
873 2077 971 2108 ante
1003 2069 1167 2112 Incarn.
1227 2071 1292 2109 Ita
1322 2071 1410 2109 dies
1442 2071 1512 2112 27.
1545 2070 1896 2110 Mesoricurrens
1940 2074 2146 2120 competet
2174 2071 2217 2109 10
2249 2080 2424 2111 curren—

174 2127 259 2167 tem
320 2129 400 2167 iem
431 2129 471 2170 8.
504 2128 711 2170 Octobris.

344 2190 593 2244 Exemplum
633 2197 729 2243 post
760 2192 983 2234 Christum.
1043 2191 1286 2244 Quaeritur,
1326 2204 1436 2233 anno
1490 2194 1603 2235 1370
1647 2193 1736 2232 (1103
1766 2194 1835 2233 27.
1870 2191 2032 2232 Chaeac
2071 2193 2125 2232 a‘d
2167 2204 2290 2246 quem
2322 2193 2430 2232 diem

176 2254 292 2302 cujus
325 2252 425 2291 anni
454 2251 543 2293 100.
573 2252 813 2301 pertineat?
845 2252 977 2291 Aufer
1006 2252 1117 2292 1370
1149 2263 1175 2290 a
1204 2253 1392 2302 proxime
1422 2253 1569 2303 majori
1599 2251 1692 2306 (sub
1723 2252 1846 2291 titulo
1867 2249 2172 2305 Nabonassari)
2206 2252 2331 2305 1448,
2364 2264 2431 2290 re-

176 2311 287 2350 sidui
318 2313 414 2350 sunt
445 2310 512 2349 78.
575 2307 650 2359 Hi,
681 2311 780 2363 quia
810 2314 972 2360 tempus
1005 2314 1068 2350 est
1097 2314 1192 2361 post
1221 2309 1443 2363 Christum,
1477 2312 1680 2351 subtracti
1711 2312 1761 2349 ab
1793 2311 1910 2349 annis
1941 2310 2024 2351 Inc.
2060 2311 2144 2350 700
2174 2311 2355 2349 inventis
2385 2311 2430 2348 in

175 2369 298 2414 linea.
330 2367 572 2420 relinquunt
593 2369 690 2422 622,
723 2368 847 2407 divisi
876 2381 972 2408 vero
1003 2369 1131 2408 iidem
1162 2381 1234 2420 per
1254 2371 1295 2422 4,
1329 2370 1432 2408 dant
1454 2372 1506 2410 19
1538 2381 1632 2409 cum
1663 2369 1876 2419 fractione.
1936 2369 2044 2417 Ergo
2077 2367 2232 2408 solidos
2263 2367 2350 2407 dies
2374 2369 2430 2408 20

178 2426 282 2466 adde
315 2427 366 2466 ad
400 2429 439 2467 1.
474 2426 619 2465 Martii
656 2427 871 2466 inventum
900 2428 944 2466 in
981 2426 1113 2466 linea·
1150 2428 1291 2486 prodit
1319 2428 1436 2467 sedes
1477 2428 1560 2468 (1101
1593 2431 1631 2469 1.
1664 2427 1814 2479 Τ110111,
1845 2429 1917 2468 21.
1948 2425 2113 2468 Martii.
2178 2429 2325 2466 Annus
2369 2429 2432 2466 est

178 2485 379 2536 simplex
433 2485 539 2534 Ergo
556 2483 679 2527 Febr.
713 2489 752 2524 et
784 2485 871 2524 (1103
899 2487 954 2526 20
986 2482 1187 2536 completi
1214 2486 1263 2524 (10
1284 2486 1451 2536 Μ31110,
1484 2487 1586 2525 (1301
1611 2488 1684 2527 79.
1744 2485 1825 2526 Sed
1858 2489 1899 2523 et
1917 2483 2050 2535 Athyr
2081 2484 2312 2536 completus
2339 2496 2432 2524 cum

179 2545 394 2594 completis
426 2545 483 2583 26
515 2542 680 2582 0113030
712 2544 911 2583 currentis
944 2544 1044 2583 daut
1078 2545 1175 2600 116.
1238 2545 1407 2585 Summa
1437 2557 1487 2584 ex
1518 2549 1695 2597 utraque
1727 2547 1774 2583 fit
1797 2545 1897 2584 195.
1956 2543 2074 2583 Η30
2067 2544 2274 2594 proxime
2295 2544 2430 2582 minor

183 2602 264 2642 181
298 2601 368 2641 dat
396 2602 571 2642 Junium
603 2603 879 2655 completum,
901 2602 1059 2642 residui
1093 2594 1147 2643 14
1178 2607 1278 2642 sunt
1308 2603 1396 2642 dies
1427 2604 1622 2654 completi
1652 2603 1808 2643 mensis
1838 2602 1966 2656 Julii,
1999 2605 2039 2641 01
2068 2603 2306 2652 propositus
2338 2613 2431 2641 cur-

178 2672 287 2758 Xinsb
306 2662 376 2704 2.7
398 2659 559 2700 Chaeac
590 2660 635 2698 in
667 2665 894 2700 currentem
929 2663 997 2703 15.
1028 2660 1133 2701 Julii
1165 2662 1263 2701 anni
1299 2662 1575 2705 6221001110.
1606 2662 1769 2706 incidit.
1828 2661 1892 2700 De
1923 2661 2002 2701 1100
2033 2661 2099 2700 (110
2130 2661 2239 2700 infra
2267 2661 2310 2699 10
2342 2671 2433 2699 aera

216 2731 260 2758 ra
292 2731 375 2761 um.

274 2800 277 2808 '
335 2789 419 2842 'De
451 2796 743 2842 conversione
774 2801 1026 2854 temporum
1058 2797 1343 2842 Persicorum
1373 2797 1418 2841 in
1449 2796 1634 2841 ,Iuliana
1663 2796 1824 2840 harum
1853 2795 2109 2841 tabularum
2151 2800 2195 2840 et
2226 2795 2431 2840 vicissim.

179 2863 336 2908 Annus
368 2863 615 2921 Aegyptius
646 2876 786 2919 vagus
819 2863 971 2919 desiit3
1013 2862 1223 2907 Persicus
1255 2861 1493 2919 successit,
1540 2862 1586 2906 in
1616 2874 1794 2906 menses
1836 2875 1942 2906 suos
1980 2874 2159 2923 menses
2188 2860 2309 2905 illius
2339 2861 2433 2905 fere

180 2941 332 2972 omnes
363 2924 599 2986 recipiens
617 2942 673 2974 ex
702 2932 813 2985 toto,
844 2934 895 2974 ut
919 2929 971 2973 'in
1002 2928 1123 2973 calce
1153 2927 1350 2972 tabellae
1381 2927 1600 2972 admoneo
1632 2927 1723 2983 (IV.
1758 2928 1872 2984 511).
1933 2927 2066 2971 Hunc
2095 2927 2325 2971 Persicum
2355 2927 2432 2970 ho-

183 2992 344 3048 dieque
375 2995 420 3038 in
451 3006 537 3038 usu
579 3006 680 3039 esse
712 2993 934 3039 existimo.
965 2993 1084 3038 Pro
1117 2994 1342 3050 Aegyptio
1387 2993 1526 3050 igitur
1567 2993 1745 3038 suffecit
1774 2998 2064 3050 praeceptum
2102 2991 2434 3048 temporarium,

187 3058 343 3103 tabula
378 3059 619 3105 subnixum
665 3058 721 3103 ad
769 3059 1067 3115 quantitatem
1111 3058 1245 3104 unius
1277 3059 1383 3103 anni
1416 3059 1570 3115 Cynici
1614 3065 1826 3113 extensa;
1869 3067 1951 3115 pro
1996 3057 2177 3103 Persico
2219 3070 2432 3114 praecep-

184 3128 281 3167 tum
310 3125 439 3169 trado
471 3123 740 3181 generalius.

351 3205 505 3249 Praec.
538 3205 609 3249 67
667 3205 809 3249 Datos
848 3217 988 3248 30003
1019 3203 1299 3260 Jesdagirdis
1341 3204 1587 3261 completos
1616 3218 1886 3262 mensesque
1935 3205 2181 3262 completos
2212 3219 2311 3250 cum
2343 3206 2434 3251 die-

181 3267 267 3331 bus
299 3268 354 3312 de
382 3275 588 3314 currente
619 3283 772 3315 mense
803 3269 1050 3327 completis,
1081 3270 1126 3314 in
1159 3284 1376 3316 summam
1405 3272 1558 3328 redige
1587 3271 1763 3316 dierum
1794 3275 2053 3328 (excerpens
2082 3269 2225 3326 primo
2255 3285 2337 3327 per
2356 3286 2434 3317 an-

182 3347 341 3378 norum
371 3335 656 3392 millenarios,
688 3337 725 3380 si
755 3342 824 3381 tot
848 3343 971 3393 sunt,
1004 3337 1164 3382 deinde
1193 3351 1276 3394 per
1306 3338 1602 3390 centenarios,
1633 3339 1768 3382 tertio
1797 3351 1879 3394 per
1908 3336 2128 3388 denarios,
2160 3343 2321 3391 quarto
2352 3351 2434 3396 per

184 3400 397 3457 singulos,
431 3402 584 3456 quinto
615 3416 697 3458 per
725 3405 926 3460 menses)
956 3404 1014 3453 ,(10
1044 3417 1135 3458 qua
1165 3417 1339 3449 summa
1368 3418 1546 3460 semper
1578 3404 1765 3449 detrahe
1794 3403 1899 3454 199,
1930 3415 2149 3446 summam
2179 3403 2241 3447 sic
2271 3403 2431 3446 multa-

183 3473 276 3508 tam
315 3464 509 3509 vicissim
546 3467 697 3522 redige
735 3469 781 3511 in
820 3481 962 3512 annos
1002 3473 1047 3512 et
1087 3482 1267 3514 menses
1305 3469 1535 3527 Julianos,
1582 3475 1754 3514 attento
1796 3466 2036 3519 bissextili;
2083 3468 2212 3511 annis
2243 3468 2433 3512 Julianis

185 3530 318 3574 sactis
347 3529 464 3574 adde
494 3543 670 3587 semper
702 3532 787 3577 632
815 3532 982 3578 solidos
1006 3546 1172 3578 annos:
1205 3536 1472 3580 conficietur
1510 3548 1684 3580 summa
1705 3533 1960 3589 elapsurum
1990 3545 2210 3576 annorum
2237 3539 2282 3578 et
2310 3546 2432 3579 men·

187 3596 302 3641 sium
331 3603 464 3641 aerae
493 3596 820 3642 incarnationis
852 3613 952 3643 cum
983 3600 1142 3645 (1101103
1173 3601 1364 3645 residuis
1393 3601 1559 3645 mensis
1592 3597 1820 3645 currentis.

359 3674 566 3721 Vicissim
596 3676 723 3720 annis
754 3677 947 3722 Julianis
985 3679 1042 3723 ab
1072 3679 1168 3723 100.
1201 3678 1363 3724 01113113
1405 3679 1643 3723 demantur
1676 3676 1782 3732 6323
1824 3675 1995 3720 residui
2033 3677 2243 3736 completi
2274 3677 2432 3724 (113301-

189 3747 351 3788 vantur
379 3741 426 3787 10
457 3741 566 3800 (1103,
600 3742 889 3798 excerptione
920 3743 1042 3790 facta
1069 3745 1213 3802 primo
1244 3758 1327 3802 per
1360 3745 1585 3790 centurias
1615 3742 2016 3799 quaternariorum,
2050 3757 2165 3799 quae
2203 3742 2432 3791 continen-

2537 3630 2540 3671 l
