2554 4140
198 130 299 177 256
1021 121 1256 178 Epitomcs
1287 120 1602 165 Astronomiae

196 270 487 316 solstitiorum
517 267 654 324 igitur
683 266 875 310 alterum
915 279 1005 311 non
1039 266 1194 316 oritur,
1227 266 1414 310 alterum
1447 279 1540 309 non
1570 264 1758 323 occidit,
1792 271 1838 310 et
1865 267 2145 323 tropicorum
2175 267 2291 313 alter
2321 274 2444 314 totus

195 340 330 394 latet,
373 336 486 381 alter
516 342 639 380 totus
672 339 842 379 exstat:
886 334 964 379 ille
1001 333 1288 390 longissimae
1320 332 1491 388 noctis,
1534 332 1610 377 hic
1640 333 1929 390 longissimae
1962 333 2049 378 diei
2087 347 2310 378 mensura.
2372 334 2445 378 Sic

198 419 293 450 cum
326 415 415 447 una
444 401 685 445 medietate
713 405 837 444 totus
869 405 1089 455 aequator
1119 395 1338 451 ascendit,
1372 410 1472 440 cum
1505 396 1648 441 altera
1678 397 1804 454 nihil,
1835 398 1912 442 Sol
1942 398 2093 455 igitur,
2125 399 2169 442 in
2200 398 2444 442 communi·

195 474 278 517 bus
308 467 594 514 medietatum
623 465 824 510 terminis
855 461 1064 521 versans,
1107 464 1151 507 in
1190 475 1279 506 uno
1318 461 1428 505 facit
1460 461 1576 505 diem
1609 463 1845 519 aequalem
1889 463 1977 507 diei
2007 463 2226 517 naturali,
2265 469 2445 507 noctem

193 535 376 590 nullam,
406 534 454 577 in
484 531 626 577 altero
658 529 942 576 contrarium.

342 611 387 657 3.
436 607 577 670 Quod
615 609 739 655 intra
777 606 993 668 polarem
1033 604 1135 652 dies
1175 603 1420 652 naturales
1453 605 1633 667 plureS,
1672 620 1771 654 non
1798 592 2172 666 tamen‘omnea
2214 606 2304 653 sub
2331 604 2445 668 polo
2515 613 2550 682 ’ἱ

196 690 347 732 totum
388 687 616 730 semestre
653 682 701 727 in
741 694 888 727 unam
928 677 1053 725 diem
1092 676 1169 724 vel
1209 683 1401 725 noctem
1441 677 1740 726 artificialem
1781 680 2040 729 coalescat.

369 765 484 821 Quia
511 769 667 808 vertex
699 775 778 807 seu
813 762 937 818 polus
971 758 1215 803 horizontis
1246 759 1366 803 intra
1397 759 1599 815 polarem
1632 767 1715 813 est,
1746 761 1922 805 medius
1955 766 2025 804 est
2054 760 2190 817 igitur
2220 759 2447 805 interdum

197 834 313 878 inter
342 830 494 888 polum
525 826 780 884 aequatoris
813 833 858 870 et
888 826 1040 881 polum
1071 824 1328 882 eclipticae,
1363 829 1409 869 et
1445 825 1510 869 sic
1540 822 1671 882 polus
1716 828 1949 883 eclipticae
1987 833 2097 871 tunc
2135 826 2348 872 humilior
2377 832 2448 871 est

195 909 353 943 versus
382 894 624 949 meridiem,
658 905 796 948 quare
828 891 1064 946 eclipticae
1095 903 1227 934 arcus
1261 890 1380 934 circa
1409 889 1598 934 alterum
1630 892 1872 936 solstitium
1903 893 1949 936 in
1981 891 2229 936 meridiano
2262 898 2333 938 est
2362 890 2446 935 sub

195 963 442 1014 horizonte,
474 973 563 1004 non
593 961 729 1015 igitur
759 957 918 1000 oritur:
953 955 1190 1011 oppositus
1223 967 1354 999 arcus
1386 955 1469 1000 sub
1491 956 1596 1012 polo
1628 959 1888 1014 aequatoris
1909 972 2051 1015 supra
2081 959 2358 1002 horizontem
2381 964 2451 1001 est

196 1037 241 1074 et
270 1029 334 1073 sic
365 1040 454 1071 non
486 1026 667 1080 occidit3
703 1024 796 1068 illic
827 1022 965 1079 igitur
994 1022 1150 1074 latent,
1183 1022 1256 1066 hic
1288 1029 1468 1067 exstant
1499 1024 1583 1068 toti
1614 1025 1767 1069 circuli
1800 1026 1972 1069 dierum
2002 1019 2300 1074 naturalium,
2332 1033 2446 1077 quos

197 1097 369 1140 habent
397 1093 474 1138 isti
505 1104 656 1143 arcus3
690 1086 943 1133 intermedii
975 1099 1080 1130 vero
1113 1094 1324 1132 secantur
1353 1087 1410 1132 ab
1432 1088 1690 1147 horizonte3
1724 1091 1807 1135 sub
1837 1089 1943 1147 polo
1975 1097 2157 1135 secatur
2186 1089 2322 1144 plane
2352 1085 2449 1132 nul·

196 1161 281 1217 lus,
313 1159 394 1206 sed
424 1158 654 1203 dimidium
691 1168 846 1199 eorum
875 1153 1009 1208 latet,
1051 1152 1284 1198 dimidium
1316 1160 1484 1199 exstat.
1543 1154 1617 1200 Sic
1647 1169 1747 1200 cum
1779 1156 1989 1212 ecliptica
2018 1161 2201 1200 secetur
2238 1152 2294 1198 ab
2325 1151 2445 1196 hori-

196 1233 330 1272 zonte
360 1224 440 1269 tali
469 1224 513 1267 in
544 1235 673 1268 arcus
708 1226 919 1276 quatuor,
968 1231 1161 1274 quorum
1192 1219 1398 1276 superior
1430 1233 1519 1264 non
1550 1221 1732 1272 occidit,
1774 1221 1959 1266 inferior
1989 1233 2079 1264 non
2112 1219 2276 1273 oritur,
2315 1217 2451 1261 inter-

197 1291 333 1338 medii
363 1291 567 1336 oriuntur
598 1294 641 1332 ct
673 1285 883 1331 occidunt
916 1291 960 1329 et
993 1283 1069 1328 Sol
1100 1283 1146 1328 in
1176 1285 1232 1329 iis
1262 1299 1461 1330 versans.

284 1391 291 1405 ι
343 1369 390 1416 4.
445 1365 587 1428 Quod
624 1363 714 1412 sub
754 1367 1019 1424 aequatorc
1061 1375 1227 1410 omnes
1267 1361 1368 1410 dies
1406 1363 1507 1411 suis
1544 1363 1771 1412 noctibus
1810 1362 2057 1426 aequales,

369 1449 483 1505 Quia
513 1453 666 1493 centra
696 1444 962 1490 circulorum
994 1444 1166 1488 dierum
1198 1444 1471 1489 naturalium
1500 1445 1547 1490 in
1577 1459 1664 1490 axe
1693 1445 1850 1490 mundi
1874 1451 1993 1498 sunt,
2026 1446 2124 1491 axis
2160 1457 2264 1489 vero
2295 1443 2388 1488 illic
2407 1443 2453 1487 in

201 1514 448 1570 horizonte,
480 1512 670 1557 horizon
698 1511 835 1567 igitur
866 1509 1056 1554 circulos
1089 1510 1190 1555 illos
1222 1524 1378 1555 omnes
1410 1519 1534 1556 secat
1563 1512 1610 1556 in
1640 1520 1873 1569 segmenta
1910 1510 2132 1567 aequalia.
2193 1510 2267 1556 Sic
2296 1523 2452 1555 ascen-

199 1583 346 1627 siones
380 1577 761 1624 semi-circulorum
799 1574 1100 1631 undecunque
1130 1576 1412 1633 inceptorum
1444 1591 1598 1622 omnes
1629 1578 1748 1623 inter
1778 1591 1827 1625 se
1860 1584 1967 1622 sunt
1996 1574 2235 1632 aequales,
2275 1587 2455 1632 semper

194 1648 333 1706 igitur
363 1643 670 1690 semicirculus
701 1648 805 1687 ante
837 1640 1000 1698 Solem,
1034 1642 1178 1687 noctis
1210 1649 1539 1700 argumentum,
1570 1641 1750 1699 aequali
1780 1649 1983 1699 tempore
2015 1643 2160 1687 oritur
2190 1655 2292 1688 cum
2323 1642 2454 1687 semi·

199 1711 365 1758 circulo
396 1716 502 1768 post
532 1709 695 1765 Solem,
728 1707 814 1752 diei
844 1706 1005 1751 indice.

344 1787 389 1837 5.
430 1785 572 1849 Quod
599 1791 734 1836 extra
757 1790 1070 1847 aequatorem
1091 1791 1276 1832 tantum
1305 1782 1400 1832 duo
1428 1784 1531 1834 dies
1558 1786 1671 1833 anni
1699 1787 1799 1834 suis
1826 1785 2054 1834 noctibus
2082 1785 2178 1833 sint
2205 1783 2454 1846 aequales,

197 1862 492 1925 reliquorum
530 1859 682 1922 aliqui
720 1857 963 1921 longiores
990 1858 1230 1918 noctibuS,
1271 1857 1424 1921 aliqui
1452 1859 1716 1920 brevioreS,
1758 1865 1806 1908 et
1830 1858 2144 1910 brevissimus
2182 1856 2285 1906 dies
2310 1857 2454 1906 nobis

200 1937 247 1982 in
288 1934 594 1998 CapricornO,
635 1931 947 1994 longissimus
987 1931 1035 1978 in
1075 1929 1276 1979 Cancro.

372 2017 506 2062 Solus
538 2014 654 2060 enim
685 2019 904 2070 aequator
932 2013 1071 2059 habet
1099 2019 1303 2058 centrum
1334 2012 1379 2058 iu
1411 2012 1546 2070 plano
1578 2012 1827 2059 horizontis
1858 2014 2098 2060 traductus
2129 2027 2212 2071 per
2240 2013 2453 2071 opposita

199 2082 288 2128 duo
320 2082 553 2138 eclipticae
584 2084 772 2137 puncta,
805 2079 927 2123 solus
958 2078 1095 2135 igitur
1125 2086 1305 2124 secatur
1335 2080 1380 2123 in
1413 2078 1620 2136 aequalia
1657 2079 1713 2123 ab
1744 2079 1992 2125 horizonte
2053 2080 2346 2137 Reliquorum
2377 2094 2455 2138 pa·

198 2149 454 2195 rallelorum
486 2153 641 2191 centra
670 2147 820 2191 omnia
850 2147 922 2191 vel
954 2161 1093 2204 supra
1124 2147 1195 2191 vel
1225 2148 1344 2193 infra
1374 2149 1664 2204 aequatorem
1698 2154 1827 2205 sunt,
1870 2149 1976 2206 quia
2014 2149 2113 2195 axis
2151 2148 2307 2194 mundi
2338 2148 2456 2195 bise-

200 2223 330 2268 catur
359 2216 415 2260 ab
447 2218 712 2270 aequatore,
758 2213 932 2259 habens
964 2215 1043 2259 illa
1075 2221 1247 2271 centn-213
1286 2215 1466 2260 illorum
1498 2215 1636 2273 igitur
1667 2216 1812 2271 major
1842 2229 1948 2273 pars
1981 2220 2051 2261 est
2088 2228 2248 2272 supra,
2294 2216 2455 2261 horum

198 2282 329 2339 infra,
362 2286 408 2325 et
438 2279 631 2324 maxima
660 2277 801 2335 illius,
845 2280 974 2335 cujus
1017 2286 1221 2323 centrum
1260 2279 1306 2323 in
1343 2293 1428 2324 axe
1459 2281 1810 2326 remotissimum
1853 2281 1908 2325 ab
1939 2287 2182 2337 aequatore
2215 2286 2260 2324 et
2292 2281 2356 2326 sic
2387 2279 2457 2326 vel

201 2347 547 2394 elevatissimum
557 2344 628 2389 vel
649 2344 1049 2401 depressissimum.
1085 2345 1156 2389 Sic
1176 2345 1282 2389 illae
1296 2345 1440 2390 solum
1464 2346 1726 2391 medietates
1745 2347 1982 2403 eclipticae
1999 2346 2043 2390 in
2062 2346 2245 2402 obliqua
2265 2346 2459 2402 sphaera

206 2414 420 2470 aequales
452 2411 621 2456 habent
642 2410 939 2464 ascensiones,
971 2424 1088 2466 quae
1110 2411 1331 2467 incipiunt
1352 2425 1379 2456 a
1399 2412 1580 2467 punctis
1603 2410 2022 2468 aequinoctialihuS,
2052 2410 2253 2467 reliquae
2276 2410 2457 2456 aliunde

200 2482 407 2536 inceptae
436 2476 710 2532 inaequales.
770 2476 831 2520 Et
862 2475 1041 2532 quidem
1075 2473 1358 2531 semicirculi,
1391 2490 1582 2532 qnorum
1613 2477 1740 2520 initia
1770 2487 1910 2532 penes
1943 2488 2025 2521 nos
2063 2477 2108 2521 in
2150 2477 2458 2533 septentrione

2516 1723 2519 1727 V
2516 1678 2526 1684 Q

2518 1492 2554 1952 μψῶτῆευςῆο
2535 1414 2550 1471 ae:-
2538 1380 2548 1402 ,1—

2519 2501 2528 2518 κ
2515 2479 2521 2490 f
2515 2435 2527 2458 ’Φ
2514 2415 2530 2426 ⁴5
2508 2309 2530 2398 ‘'m-„n
2513 2197 2533 2300 ’κιο
2517 1926 2547 2187 «Μ

201 2553 321 2602 sunt,
350 2543 546 2600 majores
577 2541 746 2586 habent
776 2541 1081 2597 ascensiones,
1120 2541 1226 2597 quia
1265 2541 1520 2586 differentia
1552 2542 1876 2601 ascensionalis
1914 2542 2122 2599 principii
2163 2541 2457 2600 subtrahitur,

202 2612 305 2657 finis
344 2609 543 2666 additui-3
582 2608 821 2652 maximam
852 2620 956 2651 vero
988 2608 1298 2651 ascensionem
1329 2607 1488 2665 habet,
1531 2607 1607 2664 qui
1639 2621 1667 2652 a
1695 2607 1916 2664 principio
1949 2606 2107 2652 Cancri
2136 2606 2314 2663 incipit,
2355 2606 2460 2665 quia
2510 2611 2519 2641 '2

203 2678 317 2723 haec
348 2674 601 2722 differentia
631 2686 720 2718 asc.
755 2678 826 2717 est
854 2672 916 2716 ibi
946 2673 1155 2726 maxima,

352 2756 397 2803 6.
447 2751 591 2815 Quod
629 2754 727 2801 bini
769 2745 887 2812 dies,
927 2750 1041 2800 Sole
1078 2753 1127 2799 in
1165 2751 1358 2814 punctis
1383 2748 1651 2812 aequaliter
1689 2764 1719 2798 a
1756 2750 1967 2800 solstitio
1994 2753 2192 2800 remotis
2222 2757 2481 2846 versante,
2511 2760 2519 2818 ζ

207 2831 304 2879 sint
340 2830 465 2876 inter
502 2841 555 2875 se
593 2823 824 2888 aequales
865 2838 1128 2891 earumque
1164 2831 1332 2872 noctes
1372 2823 1606 2871 similiter.

380 2910 496 2965 Quia
533 2921 615 2966 per
655 2906 766 2953 talia
797 2908 903 2953 bina
941 2914 1113 2963 puncta
1148 2905 1266 2951 idem
1297 2905 1542 2962 parallelus
1571 2904 1837 2951 traducitur.
1898 2906 1992 2962 Sic,
2038 2907 2144 2963 quia
2173 2907 2459 2952 ascensiones
2507 2939 2511 2942 -

211 2975 592 3022 semicirculorum
620 2975 900 3031 inceptorum
930 2985 959 3017 a
985 2972 1151 3017 talibus
1181 2972 1298 3017 binis
1328 2971 1510 3027 punctis
1541 2971 1755 3027 aequales
1788 2978 1904 3016 sunt.

356 3057 400 3101 7.
455 3051 598 3114 Quod
623 3065 719 3100 una
750 3050 852 3100 dies
878 3052 1070 3100 aestiva
1108 3049 1363 3112 aequalem
1391 3050 1571 3098 habeat
1608 3054 1802 3097 noctem
1826 3048 2090 3110 hibernam,
2131 3047 2246 3098 Sole
2274 3063 2459 3111 aequa·
2551 3084 2554 3095 .

209 3128 318 3176 liter
356 3128 418 3174 ab
459 3140 553 3174 uno
592 3131 878 3187 punctorum
918 3122 1353 3186 aequinoctialium
1390 3130 1591 3171 remoto,

308 3220 311 3227 ¹
379 3207 433 3251 In
464 3206 632 3252 talibus
664 3207 782 3252 enim
810 3200 989 3263 punctis
1021 3207 1250 3252 declinant
1279 3205 1433 3250 circuli
1463 3204 1713 3262 aequaliter
1741 3205 1788 3248 in
1822 3211 2064 3260 utrumque
2084 3205 2218 3262 latus,
2250 3210 2461 3250 secantur
2501 3212 2506 3220 ·

208 3274 347 3331 igitur
377 3274 432 3317 ab
463 3273 698 3319 horizonte
714 3274 980 3320 alternative
1011 3275 1276 3332 acqualiter
1308 3279 1358 3317 ut
1387 3279 1609 3329 quantum
1639 3270 1696 3316 de
1726 3285 1817 3315 uno
1840 3277 2003 3324 exstet,
2035 3276 2211 3315 tantum
2231 3270 2287 3315 de
2318 3271 2459 3315 altero

208 3341 351 3384 lateat
396 3343 442 3382 et
485 3338 694 3385 vicissim.
756 3341 853 3395 Sic,
900 3341 1006 3397 quia
1052 3341 1342 3385 ascensiones
1389 3337 1773 3384 semicirculorum
1819 3335 2055 3391 eclipticae
2099 3342 2206 3380 sunt
2251 3333 2460 3391 aequales

209 3403 580 3449 descensionibus
620 3405 1002 3450 semicirculorum
1045 3406 1372 3463 oppositorum.
1436 3404 1484 3449 Si
1521 3417 1628 3460 ergo
1662 3402 1738 3448 Sol
1771 3401 1830 3446 sit
1869 3401 1914 3444 in
1946 3401 2167 3457 principio
2199 3399 2302 3445 talis
2333 3396 2461 3445 semi

213 3468 382 3525 circuli,
412 3468 584 3513 tamdiu
614 3475 765 3514 manet
781 3484 919 3527 supra
949 3472 1242 3525 horizontem,
1274 3470 1488 3528 quamdiu
1503 3474 1654 3514 manet
1684 3466 1802 3512 infra
1835 3479 1951 3522 eum,
1983 3466 2020 3509 si
2042 3465 2166 3511 sitin
2195 3465 2315 3511 illius
2333 3463 2459 3511 semi·

212 3535 369 3581 circuli
398 3535 502 3592 fine,
535 3547 598 3580 sc.
630 3542 735 3593 post
765 3544 994 3581 semestre.

359 3614 406 3661 8.
459 3611 606 3674 Quod
654 3613 949 3662 incrementa
999 3615 1184 3664 dierum
1223 3613 1302 3663 vel
1340 3614 1555 3662 noctium
1593 3607 1776 3661 sintin
1825 3611 2147 3673 aequinoctiis
2202 3609 2460 3668 celerrima,

212 3691 260 3738 in
300 3685 524 3736 solstitiis
562 3685 853 3734 tardissima.

389 3771 518 3829 Quia,
551 3784 651 3816 cum
684 3770 891 3831 ecliptica
920 3770 968 3815 in
997 3771 1271 3817 sectionibus
1289 3769 1599 3829 obliquissima
1629 3768 1707 3824 sit,
1739 3765 1980 3813 declinatio
2011 3766 2075 3812 ibi
2105 3765 2337 3811 celerrime
2366 3773 2459 3807 cre·

214 3839 312 3897 scit,
343 3839 387 3884 in
419 3837 622 3887 solstitiis
653 3850 759 3883 vero
791 3842 1032 3884 cunctatur
1061 3839 1330 3897 consistens,
1362 3839 1506 3884 donec
1535 3850 1592 3883 ex
1623 3839 1854 3882 crescente
1886 3833 1966 3878 fiat
1995 3833 2274 3879 decrescens.
2317 3827 2465 3880 Dedi*
