2554 4140
191 145 300 194 454
538 110 545 123 0
1029 135 1266 192 Epitomes
1295 117 1614 179 As'trononiiae

192 286 308 341 bilis,
342 298 425 341 per
453 283 543 327 TM
573 281 842 338 productam
872 280 1052 336 signati,
1086 279 1192 335 quia
1223 279 1351 323 BMT
1381 279 1535 331 rectus
1567 283 1662 334 est3
1692 279 1794 336 ipse.
1823 290 1930 327 yero
1962 280 2065 337 AM,
2098 293 2155 325 ex
2175 277 2224 323 ‘A
2242 273 2346 324 Sole‘
2376 293 2458 337 per

191 353 419 408 planetam
448 350 499 393 M
530 349 715 401 educta,
760 358 894 404 quam
925 347 1172 404 praecipue
1202 346 1486 402 quaerimus,
1519 345 1727 402 nuspiam
1757 346 1936 402 longius
1968 360 1994 390 a
2026 347 2115 390 ΒΜ
2146 347 2192 389 in
2223 345 2458 390 zodiacum

193 416 372 470 incidit,
422 427 555 470 quam
599 421 768 471 quanta
816 419 889 458 est
935 415 1095 470 quovis
1140 413 1242 457 loeo
1291 425 1399 468 pars
1439 413 1723 468 aequationis
1763 413 1914 469 optica
1960 425 2042 456 seu
2080 411 2272 467 angulus
2313 413 2457 456 AMB.

193 481 371 536 Quanta
399 491 505 524 vero
538 479 596 523 sit
619 479 733 523 haec
763 492 867 533 pars
899 478 1063 534 optiea,
1096 477 1229 520 facile
1251 483 1321 520 est
1350 476 1613 532 praevidere
1636 489 1697 521 ex-
1723 477 2001 522 dimensione
2023 478 2242 522 linearum
2274 490 2331 519 ex
2355 476 2460 520 Sole

190 547 230 593 A
258 547 306 591 in
335 545 578 602 planetam,
610 544 905 589 constitutum
934 545 980 587 in
1011 545 1062 599 P,
1092 543 1134 587 R
1164 541 1413 597 apsidibus,
1447 542 1620 586 scilicet
1649 555 1710 587 ex
1738 543 1840 599 ΑΡ,
1888 543 1984 599 AR,
2017 555 2207 599 quarum
2237 541 2460 585 linearum
2547 566 2554 575 =

190 611 307 655 inter
337 622 386 654 se
406 609 700 666 ,comparatio
726 608 879 666 prodit
911 606 1294 653 eceentricitatem
1325 606 1416 661 AB,
1449 619 1590 662 quare
1621 611 1667 651 et
1698 607 1910 662 angulum
1940 609 2071 652 AMB
2105 606 2266 663 quovis
2287 606 2407 666 loce.

340 684 473 745 Quid
509 685 739 746 appellas
776 686 1104 732 eccentricum
1145 685 1203 730 in
1240 682 1598 747 inferioribus,
1649 689 1701 731 et.
1721 683 1971 744 quomodo
2006 686 2063 740 in
2104 685 2257 731 veteri
2293 690 2461 732 astro-
2544 711 2554 746 ,ς

192 759 370 813 nomia
415 758 524 820 fuit
569 756 772 812 dictus?
826 757 897 819 In⁸
935 756 1091 803 tribue
1140 755 1497 817 superioribus,
1553 769 1678 816 quos
1726 757 2026 804 astronomia
2074 763 2217 811 vetus
2269 756 2463 804 dicebat
2544 751 2554 813 ι’

194 831 517 889 eceentrieOS,
550 829 705 879 iidem
746 836 794 878 et
832 829 975 876 nobis
1017 835 1156 877 erant
1192 828 1489 888 eecentrici,
1524 829 1573 873 in
1613 828 1949 887 inferioribus,
2003 830 2086 890 qui
2125 829 2375 877 veteribus
2413 835 2463 877 et
2549 818 2554 835 ⁴

194 901 419 971 Tyehoni
457 902 619 954 Brahe
661 902 949 950 dicebantur
988 900 1210 963 epicycli,
1251 900 1397 950 nohis
1433 902 1688 948 eccentrici
1728 901 1975 950 statuendi
2015 907 2144 959 sunt
2201 900 2318 962 Qui
2346 916 2461 950 vero
2543 898 2545 902 ’

196 991 226 1024 a
265 962 514 1033 veteribus
553 984 666 1023 sunt
716 974 950 1036 adscripti
989 974 1165 1022 Veneri
1219 979 1266 1020 et
1303 971 1547 1036 Mercurio
1600 975 1878 1034 eecentriei,
1929 973 2124 1022 illorum
2169 974 2274 1037 jam
2321 975 2463 1036 peni·-

194 1054 272 1096 tus
322 1049 464 1105 nobis
514 1054 587 1096 est
640 1046 1045 1096 obliviscendum.
1123 1045 1249 1094 Nam
1292 1028 1423 1094 orbis
1458 1046 1588 1094 idem
1625 1060 1831 1107 magnus
1874 1048 1923 1093 in
1961 1042 2260 1103 astronomia
2310 1048 2460 1095 veteri
2532 1104 2534 1106 Ι

195 1127 243 1169 et
283 1120 632 1185 superioribus
655 1121 808 1167 tribus
836 1126 931 1167 tres
972 1119 1160 1172 ademit
1184 1118 1447 1182 epicyelos‚
1490 1125 1538 1166 et
1564 1117 1666 1166 Soli
1706 1118 2111 1181 inferioribusque
2151 1119 2342 1169 duobus
2368 1127 2465 1169 tres

194 1196 426 1242 vetustati
476 1192 685 1247 creditos
736 1194 1064 1253 eccentrieos;
1121 1206 1245 1254 quos
1294 1205 1462 1240 omnes
1510 1206 1596 1246 sex
1645 1190 1944 1254 Copernicus
1997 1194 2044 1240 in
2098 1207 2246 1241 unum
2299 1193 2463 1240 orbem
2528 1214 2531 1218 ·

193 1280 427 1329 magnum
465 1280 554 1313 seu
593 1266 798 1314 orbitam
839 1265 1052 1314 Telluris
1094 1264 1288 1316 conflat.

338 1339 505 1387 Habes
528 1338 754 1401 ¹aliquod
782 1338 982 1386 evidens
1020 1343 1400 1401 aryumentwm‚
1442 1352 1543 1398 quo
1567 1336 1761 1398 probe-3,
1801 1337 2067 1401 inferiores
2091 1353 2221 1387 non
2235 1344 2336 1388 toto
2362 1340 2467 1393 cir-0·-
2525 1332 2540 1353 '⁴

195 1414 335 1458 cuitu
373 1412 517 1474 infra
559 1411 726 1470 Solem
766 1426 1002 1470 manere,
1040 1411 1125 1459 sed
1161 1413 1298 1458 circa
1338 1410 1503 1459 Solem
1543 1412 1599 1457 in
1633 1425 1823 1473 yyrum
1861 1412 1957 1471 ire,
2003 1425 2145 1460 nunc
2182 1413 2465 1471 superiores
2529 1457 2531 1461 ,

198 1483 325 1543 Sole,
364 1491 589 1545 respectu
626 1487 810 1543 nostri,
851 1499 992 1532 nunc
1029 1482 1334 1548 inferiores?
1393 1481 1451 1530 Id
1489 1497 1638 1544 supra
1677 1483 1800 1530 libro
1839 1482 1928 1532 1V.
1970 1483 2052 1534 sol.
2095 1485 2214 1542 352.
2257 1477 2471 1540 allatum,

196 1553 443 1619 proprium
497 1557 691 1619 quidem
746 1563 820 1606 est
868 1557 1013 1619 hujus
1063 1557 1174 1606 loci.
1252 1554 1423 1604 Venus
1469 1556 1596 1603 enim
1647 1554 1948 1614 illuminatur
1989 1565 2041 1604 ut
2077 1556 2242 1617 Luna,
2292 1570 2460 1622 omnen

198 1631 325 1678 enim
362 1629 535 1678 Lunae
573 1633 753 1692 pheses
790 1629 952 1691 subit3
1005 1628 1053 1677 id
1106 1643 1221 1685 vero
1274 1643 1370 1677 non
1408 1634 1579 1690 posset
1615 1627 1743 1687 fieri,
1790 1630 1883 1676 nisi
1923 1629 2113 1689 VenuS,
2167 1644 2295 1692 quae
2332 1643 2467 1684 nuth,

198 1717 343 1764 quam
382 1701 578 1764 longius
615 1719 649 1751 a
683 1702 800 1752 Sole
840 1695 1133 1766 digreditur,
1179 1702 1283 1764 jam
1323 1716 1475 1763 snpra
1511 1700 1675 1750 Solem
1715 1701 1985 1759 incederet,
2033 1702 2137 1764 Jnm
2176 1702 2300 1751 infra
2339 1694 2471 1760 cumi.

198 1776 563 1824 Demonstratio
614 1775 737 1824 infra
789 1782 1036 1839 sequetur.
1115 1775 1186 1824 De
1225 1774 1468 1824 Mercurio
1517 1782 1759 1838 quatenus
1806 1775 1935 1824 idem
1974 1773 2068 1824 dici
2118 1777 2300 1838 possit,
2336 1774 2474 1835 ,vide

197 1847 359 1897 locum
398 1848 680 1911 allegatum.
744 1858 754 1863 χ

342 1933 530 1996 Quodsi
567 1935 697 1985 Solis
735 1950 911 1999 corpus
950 1950 977 1985 e
1016 1940 1179 1985 centro
1213 1934 1385 1982 horum
1426 1932 1630 1982 duorum
1667 1902 2068 1995 eceentricorum‚
2119 1934 2273 1983 veluti
2313 1948 2395 1983 eor
2428 1949 2459 1983 e
2547 1938 2554 1943 ‘

200 2021 398 2071 corpore
439 2011 638 2069 eximas,
680 2008 811 2072 quod
849 2010 966 2058 facit
1005 2010 1075 2068 ie,
1116 2009 1201 2071 qui
1241 2018 1402 2057 motus
1440 2007 1632 2056 illorum
1672 2006 1735 2056 ad
1772 2006 1907 2056 aliud
1944 2014 2176 2070 punctum
2216 2022 2361 2070 quam
2399 2006 2472 2056 ads
2510 2012 2515 2018 ’
2551 2010 2554 2021 ’

204 2088 421 2129 centrum
459 2081 590 2130 Solis
628 2083 876 2144 regulares
914 2083 1045 2140 facit,
1087 2086 1285 2130 secutus
1323 2079 1404 2129 vel
1444 2081 1698 2142 Coperniei
1748 2080 1827 2128 vel
1866 2079 2115 2144 Tyehonis
2164 2080 2464 2143 hypotheses
2509 2134 2512 2138 ,
2548 2094 2554 2138 g

201 2155 516 2202 incon-rectas:
555 2161 671 2203 tunc
709 2169 887 2204 causae
925 2154 1090 2203 nullae
1128 2159 1312 2216 patent,
1353 2167 1437 2202 eur
1474 2159 1763 2201 moveantur
1801 2153 1850 2200 hi
1891 2153 1988 2201 duo
2029 2155 2255 2215 planetae
2295 2155 2343 2200 in
2370 2169 2463 2217 gy·
2503 2200 2516 2217 ,
2552 2200 2554 2202 ,

202 2241 306 2274 rum
348 2228 475 2275 eirea
512 2242 722 2276 vaenum
762 2233 1004 2287 centrum,
1041 2228 1135 2275 nisi
1173 2226 1236 2274 ad
1264 2226 1381 2275 deos
1421 2225 1759 2274 Aristotelieos
1794 2233 2107 2286 revertamur,
2147 2241 2232 2288 per
2270 2240 2470 2275 omnem*

201 2299 568 2371 amplitudinem
608 2314 933 2349 concavorum
972 2301 1184 2348 orbium
1201 2299 1417 2347 diffusos,
1496 2297 1622 2347 Vide
1660 2298 1784 2347 libro
1823 2298 1911 2347 IV
1952 2298 2034 2347 sol.
2076 2299 2197 2347 354.
2241 2301 2362 2348 355

349 2375 582 2434 Quantae
617 2380 737 2422 sunt
772 2374 956 2421 horum
992 2373 1215 2421 siderum
1255 2373 1597 2434 elonqationes
1634 2368 1668 2419 ἀ
1708 2370 1823 2420 sole
1872 2371 2169 2421 maximae?
2228 2371 2464 2435 Superio-
2501 2395 2514 2416 2

201 2461 307 2493 rum
347 2445 546 2506 quidem
587 2449 731 2494 tiium
771 2447 1107 2507 elongationes
1148 2447 1465 2493 communiter
1500 2445 1548 2490 in
1587 2444 1944 2493 semicirculum
1970 2450 2232 2507 potuerunt
2270 2448 2477 2493 exeret-i»

190 2533 326 2578 cere,
351 2524 421 2575 ,at
459 2533 555 2567 non
597 2521 667 2567 sie
706 2519 1001 2568 inferiorum.
1078 2518 1203 2566 Nam
1228 2518 1433 2566 Veneris
1459 2515 1670 2579 quidem
1708 2517 2044 2580 elongationes
2083 2533 2112 2565 a
2139 2516 2274 2566 Solis
2307 2532 2475 2581 appa,-

202 2597 336 2640 rente
375 2591 484 2639 loco
523 2592 614 2639 sub
653 2591 855 2640 zodiaco
894 2591 956 2640 ad
997 2604 1239 2639 summum
1279 2587 1447 2658 47¹s4⁰
1487 2589 1712 2639 videntur
1750 2604 2016 2648 excurrere,
2059 2590 2287 2640 Mercurii
2325 2590 2477 2644 elon—,e
2522 2628 2528 2638 ,

201 2666 470 2727 gationes,-'
479 2679 703 2727 apogaea
742 2665 938 2727 quidem
977 2667 1105 2712 intra
1143 2662 1238 2712 29‘
1277 2668 1537 2722 coercetur,
1576 2665 1808 2726 perigaea
1845 2664 1969 2712 infra
2011 2661 2122 2712 180.
2391 2683 2409 2695 2
2452 2668 2536 2726 ⁹..-'

354 2737 567 2801 Quibus
609 2740 922 2800 aryumentis
973 2737 1418 2799 deprehenduntur
1470 2737 1811 2797 elonyaeionee
1876 2738 2103 2799 ipsorum
2164 2735 2479 2787 maaeimaei’.
2518 2753 2528 2783 τ.

209 2806 255 2873 1)
294 2808 346 2857 Si
394 2816 555 2858 motus
604 2812 817 2873 ipsorum
866 2811 1024 2858 diurni
1075 2818 1289 2872 aequant
1335 2815 1518 2857 motum
1558 2809 1688 2858 Solis
1726 2808 1967 2857 diurnum.
2045 2806 2099 2874 2)
2136 2808 2191 2856 In
2241 2809 2465 2858 maximin

186 2882 615 2944 elongationibus,
658 2886 838 2947 quippe
876 2884 1008 2931 linea
1047 2885 1209 2931 visiva
1247 2883 1556 2944 contingente
1597 2882 1831 2943 orbitam,
1885 2881 2052 2930 Venus
2092 2888 2296 2944 apparet
2334 2887 2505 2951 διχονγι.4
2541 2882 2547 2888 ’

206 2974 373 3015 τομος,
416 2963 468 3003 ut
507 2955 672 3016 Luna3
714 2955 846 3018 quod
883 2950 1012 3004 idem
1051 2963 1097 3004 et
1136 2958 1184 3003 in
1214 2955 1454 3004 Mercurio
1494 2956 1655 3003 locum
1694 2955 1911 3015 haberet,
1951 2957 1992 3003 ei
2031 2969 2061 3003 a
2092 2955 2314 3003 claritate
2353 2968 2477 3004 cre-n
2547 3000 2549 3003 ,

204 3028 392 3088 pusculi
432 3034 480 3077 et
518 3028 733 3082 exilitate
773 3031 986 3092 corporis
1036 3028 1088 3076 id
1124 3043 1222 3076 non
1261 3027 1588 3091 impediretur.
1666 3027 2030 3078 Demonstratio
2069 3034 2301 3090 sequetur
2340 3027 2468 3076 infru

206 3106 343 3161 parte
380 3100 441 3148 V.
1739 3111 1745 3118 “
2410 3136 2415 3141 ,
2458 3103 2472 3147 t
2521 3139 2530 3146 ,

357 3186 550 3248 Quibus
598 3188 795 3238 zodiaci
846 3189 964 3238 locis
1009 3189 1284 3237 consistunt
1334 3188 1536 3249 aphelia
1587 3188 1768 3236 horum
1821 3187 2208 3235 eccentricorum
2259 3192 2305 3233 et
2353 3187 2499 3254 quis-

209 3271 383 3305 eorum
422 3266 490 3306 est
525 3262 726 3310 motus?
801 3261 963 3310 Hodie
991 3260 1238 3324 aphelium
1265 3260 1468 3308 Veneris
1502 3261 1648 3308 estin
1686 3256 1746 3306 20
1785 3267 1881 3319 ’.3,
1923 3258 2149 3306 Mercurii
2178 3260 2224 3305 in
2259 3255 2351 3306 15⁰
2385 3254 2490 3318 ,ΛΥ

209 3329 428 3378 Vetustis
471 3336 768 3395 temporibus
809 3337 892 3383 ubi
921 3334 1122 3383 Veneris
1149 3334 1395 3396 aphelium
1421 3333 1579 3393 sueiit,
1618 3333 1810 3380 nonnisi
1853 3333 2040 3380 eminus
2067 3331 2257 3379 ostendi
2283 3320 2475 3394 potest&

208 3403 333 3450 inter
369 3402 551 3452 scilieet
588 3406 783 3455 Libram
836 3414 884 3457 et
921 3407 1115 3468 PiseeS,
1165 3405 1448 3469 pei-ihelium
1489 3407 1613 3454 inter
1651 3402 1884 3454 Geminos
1936 3410 1996 3452 et
2022 3404 2253 3453 Leonem.
2329 3403 2478 3452 Mer*

153 3476 331 3541 ‘curii
381 3481 542 3524 tamen
594 3479 841 3540 aphelium
893 3481 985 3528 fuit
1036 3482 1161 3528 eirca
1200 3476 1259 3526 4⁰
1299 3481 1380 3544 1η.
1459 3478 1582 3527 Cum
1625 3480 1774 3541 igitur
1811 3476 2040 3524 Mercurii
2088 3476 2379 3539 aphelium,
2408 3478 2478 3523 Μ·

212 3552 478 3596 ceterorum
517 3552 752 3611 omnium,
806 3552 1035 3601 succedat
1071 3555 1120 3599 in
1159 3553 1508 3614 consequentia
1559 3552 1807 3613 signorum
1844 3556 1894 3597 et
1932 3549 2158 3611 fixarum,
2206 3536 2475 3612 probabile?

211 3620 340 3668 idem
377 3626 451 3669 est
489 3626 537 3668 et
573 3620 632 3669 de
659 3622 902 3686 Venere03
950 3631 1140 3687 oportet
1176 3627 1324 3688 igitur
1362 3625 1568 3672 vetustis
1606 3619 1703 3671 illis
1741 3623 2040 3686 temporibus
2078 3625 2127 3669 in
2162 3622 2474 3711 Capricorni!¹
2553 3652 2554 3655 =

213 3693 378 3742 fuisse.
1715 3721 1718 3726 ·
2443 3710 2446 3718 ·

244 3771 249 3775 ’
372 3766 514 3829 Quae
562 3779 715 3813 causa
767 3768 1136 3817 incertitudinis
1189 3772 1245 3818 in
1310 3771 1498 3818 Venere
1549 3769 1759 3828 major-ie
1771 3804 1786 3832 ,
1843 3781 1999 3829 quam
2057 3769 2115 3815 in
2169 3763 2475 3814 Mercurio?
2549 3767 2554 3798 ¹

222 3838 270 3897 1)
311 3840 440 3907 Quia
476 3838 654 3889 Venus.
691 3846 893 3906 parvam
945 3839 1204 3890 admodum
1257 3848 1305 3891 et
1354 3856 1440 3907 per
1477 3850 1665 3912 crassae
1710 3847 1930 3921 veterum
1968 3840 2333 3890 observationes
2382 3838 2473 3885 in·
2549 3839 2554 3867 ³
