2554 4140
216 183 321 232 304
1042 177 1278 236 Epitomes
1309 178 1625 224 Astronomiae

213 327 448 390 superiori
487 325 620 385 editi,
661 339 769 373 cum
807 326 941 374 libris
974 325 1251 375 Aristotelis
1293 324 1350 374 de
1391 325 1540 375 Coelo
1581 333 1626 375 et
1664 326 2140 392 Metaphysicorum,
2179 327 2259 377 vel
2298 326 2460 391 philo-

214 399 391 463 sophia
429 414 458 447 a
497 399 791 447 curiositatis
831 404 880 447 et
916 401 1195 447 novationis
1232 400 1447 461 protritis
1486 400 1903 449 criminationibus
1941 401 2232 449 vindicatur.

361 470 470 520 Hae
510 477 622 519 sunt
661 472 807 533 igitur
846 487 905 520 ex
944 471 1154 535 epistola
1192 471 1322 520 dicta
1359 472 1616 534 pericopae
1656 473 1717 521 ad
1757 475 2028 522 institutum
2065 475 2377 536 pertinentes,

358 544 435 592 De
462 543 725 593 Aristotele
763 544 882 592 mihi
909 545 1077 594 videor
1116 558 1221 592 esse
1262 558 1480 592 securus:
1505 543 1866 606 *Serenissimus
1906 548 1954 592 in
1991 545 2304 608 philosophia
2341 545 2460 593 Pla·
2536 530 2553 601 ,⁸

215 619 407 665 tonicus
447 623 546 678 est,
587 618 635 663 in
674 616 909 680 religione
950 617 1278 665 Christianus:
1331 616 1562 678 quicquid
1601 620 1799 680 propius
1839 620 2098 679 convincit,
2139 618 2217 666 vel
2255 619 2462 680 primum

215 705 245 738 a
284 696 415 738 certo
455 692 685 752 temporis
724 691 862 738 initio
902 689 1148 738 conditum
1188 703 1292 738 esse
1331 688 1564 736 mundum
1614 687 1696 757 (ut
1732 698 1806 739 est
1842 706 1964 754 opus
2002 706 2160 740 meum
2199 690 2462 738 Harmoni-

213 761 371 826 cum),
413 761 492 811 vel
533 762 647 810 olim
687 763 989 811 interiturum
1029 769 1114 810 aut
1150 762 1322 810 saltem
1349 754 1627 810 ‘obnoxium
1667 778 1772 812 esse
1812 765 2025 812 interitui
2069 763 2143 829 (ut
2187 768 2299 810 sunt
2337 762 2473 837 alte-x

210 837 430 892 rationes,
461 850 608 884 aurae
648 835 905 884 aethereae
945 842 991 883 et
1031 832 1299 899 coelestis),
1346 834 1395 881 id
1434 834 1779 885 Serenissimus
1819 836 1978 885 odisse
2017 850 2112 884 non
2149 841 2333 898 potest,
2372 850 2460 884 nec

210 910 496 971 magistrum
534 907 847 970 Aristotelem
888 908 1096 967 veritati,
1137 921 1285 970 quam
1322 909 1569 968 ignoravit
1606 908 1701 969 ille,
1741 910 1977 971 praeferet
2015 923 2244 971 unquam.

358 980 546 1043 Quodsi
586 980 872 1029 Aristoteles
912 979 1044 1043 apud
1083 979 1454 1028 Serenissimum
1493 987 1566 1029 est
1603 982 1652 1028 in
1690 984 1876 1044 pretio,
1928 982 2083 1030 sicubi
2120 980 2460 1044 philosophiae

210 1053 381 1116 pandit
419 1056 677 1118 mysteria,
719 1055 760 1100 si
799 1053 915 1115 quid
955 1060 1040 1101 aut
1076 1055 1290 1115 graviter
1321 1059 1500 1114 monet,
1541 1061 1626 1102 aut
1662 1053 1976 1103 laudabiliter
2013 1059 2194 1103 tentat:
2236 1051 2461 1115 equidem

216 1130 256 1174 is
299 1133 396 1187 est,
440 1129 523 1189 qui
571 1127 760 1189 quaerit
796 1126 881 1174 lib.
923 1126 988 1174 II.
1040 1125 1099 1175 de
1140 1125 1292 1174 Coelo
1342 1141 1448 1190 cap.
1493 1127 1546 1174 5:
1601 1142 1758 1190 quam
1809 1127 1868 1175 ob
1911 1142 2117 1175 causam
2156 1127 2328 1188 plures
2363 1127 2463 1173 sint
2534 1158 2542 1167 .

209 1199 414 1249 motus?
452 1201 577 1247 sicut
616 1213 707 1261 ego
747 1213 946 1261 quaem,
987 1214 1118 1260 quae
1155 1201 1257 1247 sint
1293 1212 1476 1248 causae
1509 1203 1717 1248 numeri
1739 1200 2104 1261 planetarum?
2141 1199 2341 1260 Quaerit
2378 1197 2459 1246 ille

208 1287 311 1335 seq.
352 1286 458 1334 cap.
502 1271 561 1319 5:
616 1287 772 1334 quam
819 1271 879 1321 ob
930 1286 1139 1320 causam
1177 1273 1368 1321 coelum
1400 1273 1574 1333 potius
1611 1273 1676 1320 ab
1714 1278 1831 1321 ortu
1874 1274 2078 1336 feratur
2115 1274 2172 1320 in
2209 1285 2459 1335 occasum,

210 1361 365 1407 quam
405 1345 468 1392 ab
507 1359 687 1393 occasu
724 1347 780 1392 in
818 1344 1026 1394 ortum?
1062 1347 1189 1394 sicut
1227 1359 1318 1407 ego
1358 1358 1555 1407 quaem,
1596 1360 1752 1407 quam
1790 1346 1851 1394 ob
1884 1360 1993 1394 rem
2019 1345 2226 1408 quilibet
2245 1345 2459 1407 planeta
2498 1387 2505 1400 ι

204 1420 409 1482 feratur
445 1423 592 1465 tanta
630 1417 893 1483 celeritate,
929 1432 1035 1466 non
1073 1419 1268 1478 majore
1303 1431 1395 1465 nec
1430 1416 1668 1466 minore?
1705 1417 1907 1479 Quaerit
1945 1433 2051 1482 cap.
2095 1419 2141 1479 9,
2181 1432 2253 1466 an
2289 1417 2460 1465 stellae

206 1504 351 1540 sonos
387 1489 540 1538 edant
575 1490 869 1540 harmonice
906 1496 1317 1554 contemperatos‚
1358 1497 1617 1553 negatque.
1671 1490 1776 1553 Ego
1816 1494 2106 1540 sententiam
2149 1489 2332 1550 divido,
2374 1503 2458 1537 so-

206 1576 296 1611 nos
335 1564 462 1612 enim
501 1562 714 1612 concedo
754 1562 915 1612 nullos
954 1563 1060 1622 edi,
1108 1569 1158 1613 at
1196 1570 1357 1612 motus
1395 1562 1582 1612 affirmo
1622 1570 1672 1612 et
1712 1563 1987 1613 demonstro
2029 1578 2135 1613 esse
2173 1569 2457 1626 contempe-

205 1642 337 1684 ratos
374 1636 769 1699 proportionibus
806 1635 1115 1685 harmonicis.
1193 1635 1396 1699 Quaerit
1434 1650 1539 1701 cap.
1573 1637 1654 1685 10.
1681 1636 1739 1685 de
1775 1637 2114 1699 sphaerarum
2154 1635 2351 1696 ordine,
2393 1634 2452 1682 de

205 1709 514 1770 inter-vallis,
558 1709 616 1757 de
645 1711 983 1772 proportione
1019 1715 1252 1758 motuum
1292 1708 1363 1757 ad
1397 1709 1561 1772 orbes3
1618 1709 1705 1759 sed
1744 1711 1933 1772 quaerit
1972 1715 2158 1759 tantum
2199 1707 2457 1771 deficitque

206 1784 256 1829 in
307 1787 499 1831 conatu.
574 1781 680 1846 Ego
731 1795 828 1831 non
876 1784 972 1831 ista
1021 1789 1211 1832 tantum
1263 1781 1470 1845 expedio
1526 1782 2018 1832 demonstrationibus
2058 1781 2456 1831 luculentissimis

205 1869 290 1919 per
316 1857 531 1918 quinque
560 1869 762 1919 corpora
786 1855 1043 1918 regularia,
1084 1855 1170 1905 sed
1208 1856 1406 1919 insuper
1442 1860 1491 1904 et
1525 1869 1776 1905 numerum
1803 1856 2108 1920 planetarum
2134 1854 2331 1918 adjicio,
2368 1853 2467 1903 de-·

2491 1402 2506 1515 ἒ

2475 1500 2554 1796 t

205 1928 402 1977 ductum
441 1942 501 1977 ex
547 1927 834 1993 archetypo,
890 1934 944 1977 ut
982 1934 1194 1987 constet,
1243 1928 1476 1976 mundum
1516 1931 1622 1978 esse
1662 1936 1892 1978 creatum.
1969 1927 2168 1991 Quaerit
2209 1942 2312 1992 cap.
2360 1929 2456 1975 12:

207 2016 364 2064 quam
402 2001 462 2050 ob
501 2017 606 2050 rem
644 2016 754 2050 non
790 2008 955 2051 motus
991 2004 1048 2050 in
1084 2002 1297 2064 sinyulis
1331 2001 1551 2065 planetis
1588 2016 1704 2050 cum
1741 2005 1847 2066 ipso
1883 2001 2116 2050 descensu
2154 2015 2187 2049 a
2223 2003 2457 2063 superio·
2514 2036 2518 2042 .

204 2075 345 2123 ribus
383 2073 453 2123 ad
488 2075 754 2139 inferiores
788 2077 1088 2123 inveniatur
1123 2074 1496 2136 multiplicior?
1532 2080 1581 2123 et
1618 2074 1753 2123 addit
1790 2076 2080 2125 sententiam
2121 2088 2180 2122 ex
2214 2073 2460 2123 modestia*
2519 2078 2522 2083 '

209 2148 529 2196 confessionis
568 2154 616 2196 et
655 2162 713 2196 ex
751 2147 995 2212 sapientia
1032 2148 1312 2196 assertionis
1352 2148 1656 2197 ornatissime
1693 2153 2041 2211 temperatam:
2080 2152 2338 2206 tentemus,
2379 2148 2456 2193 in·
2503 2196 2507 2199 ,

203 2222 335 2282 quit,
388 2220 547 2269 dicere
583 2221 639 2268 id
672 2221 870 2282 saltem,
912 2221 1050 2283 quod
1080 2235 1180 2282 pro
1218 2235 1338 2268 vero
1376 2226 1595 2282 apparet
1604 2237 1624 2281 ,·
1675 2221 1996 2270 arbitramur
2045 2222 2180 2269 enim
2227 2220 2451 2282 promti·
2520 2231 2523 2234 ⁴

205 2293 434 2341 tudinem
470 2295 620 2342 istam
659 2293 969 2355 (verisimilia
1006 2295 1152 2341 etiam
1190 2289 1490 2359 proferendi)
1529 2293 1798 2342 modestiae
1827 2296 2001 2356 potius
2038 2295 2193 2356 eloqio
2227 2293 2453 2356 diqnam,

204 2381 364 2428 quam
401 2365 665 2427 audaciae,
706 2368 748 2413 si
787 2368 898 2428 quis
935 2366 1004 2415 ad
1026 2366 1306 2415 sedandam
1335 2366 1676 2430 philosophiae
1699 2369 1848 2427 sitim,
1888 2369 1945 2415 in
1969 2366 2129 2427 rebus,
2169 2368 2304 2414 circa
2330 2378 2458 2428 quas

202 2441 462 2489 maximae
498 2438 836 2488 dubitationes
872 2441 1105 2499 existunt,
1148 2441 1300 2488 etiam
1338 2440 1607 2487 minutulis
1643 2441 1747 2488 istis
1784 2439 2172 2489 discussionibus
2196 2444 2456 2502 contentus
2509 2506 2513 2510 Ι

201 2514 276 2560 sit.
341 2511 446 2574 Ego
486 2525 601 2561 vero
641 2511 812 2561 eadem
850 2510 935 2560 illa
972 2511 1208 2561 laudabili
1234 2511 1576 2576 philosophiae
1614 2513 1695 2560 siti
1740 2511 1979 2562 adductus
2017 2514 2225 2576 primum
2250 2509 2455 2560 nebulas
2499 2563 2502 2571 ,

199 2586 320 2634 istas
368 2583 742 2648 multiplicitatis
794 2590 1014 2634 motuum
1060 2586 1110 2632 in
1167 2585 1376 2648 planetis
1414 2584 1621 2648 singulis
1671 2584 1735 2634 ab
1788 2585 1942 2635 oculis
1997 2585 2323 2635 astronomiae
2361 2582 2456 2633 ab·

201 2659 357 2719 stersi,
398 2657 572 2707 deinde
610 2657 704 2707 hoc
742 2656 1124 2707 demonstratum
1160 2657 1375 2707 reddidi:
1417 2672 1514 2707 non
1551 2657 1860 2721 aequabilem
1887 2672 1993 2709 esse
2017 2663 2202 2707 motum
2227 2658 2454 2721 planetae

203 2737 308 2780 toto
348 2732 566 2792 circuitu,
607 2730 739 2794 quod
777 2731 859 2781 ille
898 2745 1003 2794 cap.
1048 2732 1094 2779 6.
1137 2737 1185 2780 et
1228 2734 1274 2779 7.
1314 2729 1652 2791 contenderat,
1698 2730 1785 2780 sed
1822 2746 1872 2780 re
1910 2746 2029 2781 vera
2066 2729 2250 2781 intendi
2288 2736 2337 2779 et
2372 2742 2454 2778 re-
2507 2756 2510 2759 -
2550 2707 2554 2753 Ῑ

200 2805 389 2854 mittere
428 2803 575 2868 idque
626 2803 750 2853 locis
785 2803 974 2868 periodi
1014 2805 1154 2852 statis
1193 2806 1414 2867 interque
1452 2818 1506 2853 se
1558 2804 1819 2868 oppositis3
1872 2810 1920 2854 et
1958 2818 2131 2854 causas
2169 2802 2454 2853 intensionis
2491 2823 2501 2838 =

150 2924 155 2932 ,
207 2876 472 2926 efficientes
510 2891 598 2927 seu
635 2876 1028 2926 instrumentales
1067 2876 1335 2941 explicavi,
1389 2876 1758 2925 diminutionem
1796 2877 2039 2927 intervalli
2078 2892 2109 2926 a
2145 2875 2286 2939 Sole,
2326 2873 2454 2924 unde

206 2949 344 2999 velut
382 2964 443 2999 ex
479 2950 612 3000 fonte
650 2949 733 2999 ille
771 2957 933 2999 motus
961 2951 1126 2998 oritur.
1194 2950 1417 3012 Denique
1449 2963 1557 2998 cum
1577 2951 1630 2997 in
1657 2963 1951 3013 unoquoque
1976 2950 2177 3014 planeta
2203 2951 2266 2999 sit
2289 2953 2451 2998 motus

204 3022 542 3072 velocissimus
591 3029 639 3073 et
690 3029 851 3072 motus
900 3022 1206 3072 tardissimus
1259 3029 1388 3072 certa
1444 3023 1783 3086 proportione,
1843 3038 1940 3072 non
1990 3024 2213 3087 quaesivi
2261 3027 2450 3071 tantum

204 3109 401 3144 causam
439 3096 587 3159 hujus
624 3097 966 3160 proportionis,
1007 3110 1116 3144 cum
1155 3097 1202 3143 in
1242 3094 1446 3158 singulis
1485 3097 1702 3156 seorsim,
1742 3102 1845 3144 tum
1881 3098 2005 3146 inter
2041 3111 2094 3146 se
2135 3097 2363 3156 omnium,
2403 3097 2452 3144 et
2527 3118 2529 3122 Α

204 3173 354 3230 quare
392 3168 630 3218 Saturnus
681 3175 729 3218 et
766 3168 963 3233 Jupiter
1007 3168 1275 3219 mediocres
1322 3168 1535 3218 habeant
1579 3170 1983 3230 eccentricitateS,
2034 3169 2166 3218 Mars
2204 3182 2450 3231 magnam,

205 3239 291 3288 Sol
331 3246 378 3289 et
398 3241 568 3292 Venus
605 3244 834 3304 minutas,
873 3241 1144 3291 Mercurius
1181 3243 1468 3290 maximam:
1508 3241 1594 3291 sed
1632 3241 1774 3289 attuli
1814 3243 1960 3291 etiam
2000 3241 2318 3291 dubitationis
2356 3239 2452 3289 hu-

198 3313 283 3375 jus
321 3315 560 3364 maximae
599 3316 896 3364 solutionem
934 3321 984 3364 et
1019 3315 1370 3364 discussionem
1407 3328 1513 3364 non¹
1544 3313 1790 3374 viliorem,
1830 3314 1918 3363 sed
1957 3317 2151 3364 omnino
2190 3314 2455 3377 legitimam

202 3399 263 3434 ex
301 3384 566 3451 archetypo
601 3388 868 3437 harmonici
907 3394 1120 3449 ornatus,
1161 3388 1289 3437 unde
1329 3392 1543 3450 constat,
1582 3401 1672 3436 nec
1710 3385 1955 3436 meliorem
1996 3403 2103 3437 esse
2140 3401 2285 3451 posse
2323 3386 2463 3446 hunc,

203 3463 440 3518 ornatum,
482 3474 628 3522 quam
666 3467 753 3521 est,
782 3475 881 3525 *nec
918 3461 1022 3510 fieri
1052 3475 1213 3524 posse,
1253 3466 1307 3510 ut
1343 3475 1442 3510 nou
1479 3476 1511 3510 a
1535 3465 1677 3510 -certo
1715 3460 1945 3523 temporis
1983 3463 2120 3515 initio
2160 3457 2461 3524 creatusgit,

201 3530 426 3596 mundus,
489 3531 586 3593 Qui
623 3548 759 3582 meus
798 3539 1000 3582 conatus
1042 3534 1334 3584 verecundia
1372 3533 1587 3583 cohiberi
1622 3546 1717 3581 non
1745 3532 1926 3593 debuit,
1967 3531 2248 3582 fortitudine
2287 3528 2450 3591 animi,

202 3598 386 3668 quippe
424 3606 474 3652 in
511 3619 700 3653 summa
738 3605 916 3655 fiducia
955 3621 1156 3670 operum
1194 3607 1289 3656 Dei
1327 3608 1698 3669 conspicuorum
1737 3607 1802 3667 (si
1841 3607 1918 3654 cui
1957 3611 2100 3656 vacet
2138 3600 2449 3668 cognoscere)
2534 3632 2536 3639 ἴ

202 3676 516 3741 proferendus
567 3679 617 3724 in
666 3676 825 3726 lucem
874 3679 989 3740 fuit,
1043 3681 1122 3729 vel
1175 3681 1282 3743 ipso
1325 3679 1585 3729 Aristotele
1626 3678 1895 3740 hortatore,
1947 3681 2030 3742 qui
2067 3693 2128 3727 ne
2166 3674 2450 3727 verisimilia

204 3750 448 3813 quidem,¹
481 3749 659 3799 nedum
711 3756 841 3800 certa
887 3756 937 3799 et
985 3752 1374 3816 exploratissima
1423 3752 1481 3802 de
1530 3752 1663 3800 hisce
1711 3753 2081 3813 quaestionibus
2118 3749 2365 3800 reticenda
2401 3751 2449 3815 ct
2526 3787 2536 3819 ἐ

202 3822 547 3888 supprimenda
604 3828 783 3872 censet.
857 3822 1082 3886 Denique
1129 3825 1210 3874 hic
1247 3831 1322 3875 est
1356 3825 1439 3875 ille
1478 3823 1790 3885 Aristoteles,
1841 3827 1925 3887 qui
1961 3825 2047 3875 lib.
2087 3823 2210 3872 XII.
2285 3821 2447 3871 Meta-³

200 3896 388 3961 physic.
428 3911 535 3960 cap.
579 3896 633 3959 8,
683 3910 780 3958 quo
828 3895 938 3945 loco
992 3896 1390 3949 sublimissimam
1435 3896 1776 3963 philosophiae
1815 3912 1934 3948 suae
1970 3902 2186 3962 partem,
2241 3893 2301 3945 de
2338 3892 2445 3942 Diis
2498 3901 2531 3968 ,ἰ
