2554 4140
831 121 969 168 Liber
998 120 1196 167 Tertius.
1254 124 1368 171 Pars
1401 122 1583 180 Quinta.
2241 124 2345 173 289

83 274 228 326 hodie
267 279 316 324 et
350 273 393 322 si
432 274 814 336 proponerentur
850 272 900 319 in
939 271 1154 335 publico,
1193 286 1290 320 non
1327 275 1531 336 possent
1568 270 1630 320 ab
1670 270 1948 334 agrestibus
1976 269 2220 332 cognosci,
2262 271 2346 331 qui

88 355 136 398 et
172 348 336 396 literas
373 340 667 409 ignorabant
717 350 765 390 et
802 344 851 389 in
891 358 1008 408 agro
1049 343 1292 407 degebant
1329 345 1585 405 absentes3
1637 343 1758 392 haec
1811 358 1927 392 vero
1966 345 2107 406 signa
2145 348 2346 406 possent

83 423 231 470 etiam
268 419 330 467 ab
368 417 608 465 illiteratis
649 415 913 464 observari.
990 416 1199 478 Quidam
1240 417 1450 481 denique
1490 421 1712 464 ornatum
1753 419 2099 478 quaesiverunt
2139 417 2347 464 orationi

80 507 222 553 suae,
274 497 327 540 ut
376 493 576 554 poetae,
636 491 720 550 qui
767 487 938 538 florido
991 488 1218 540 dictionis
1264 504 1441 555 genere
1488 489 1792 537 luxuriantes
1837 495 1892 536 ut
1939 503 2015 537 res
2068 488 2219 549 alias,
2275 489 2346 535 sic

80 568 225 615 etiam
276 570 495 626 tempora
550 560 710 609 solent
757 576 842 624 per
892 565 1277 612 circumstantias
1330 578 1446 612 suas
1498 562 1771 610 describere
1834 567 1882 609 et
1920 561 2083 631 ‚veluti
2131 563 2381 625 pingere‚,

79 653 188 687 cum
222 635 689 685 circumstantiarum
727 634 863 684 nulla
901 636 966 683 sit
1004 636 1276 700 pulchrior,
1319 651 1467 700 quam
1505 639 1638 685 ortus
1682 648 1982 696 occasusque
2022 639 2094 682 tot
2133 634 2346 683 siderum

85 718 184 760 tam
221 710 360 758 varii.

226 781 362 845 Quot
407 779 568 829 modis
617 785 989 844 comparantur
1040 787 1269 844 tempora
1319 787 1488 830 vetera
1537 794 1651 829 cum
1700 778 1958 827 hodiernis
1997 792 2154 827 causa
2191 779 2345 839 hujus

78 857 379 920 aiynationis
413 868 506 915 per
544 859 684 902 ortus
710 859 754 901 et
792 867 996 901 occasus
1021 853 1279 903 siderum?
1318 854 1518 918 Triplex
1545 859 1619 902 est
1646 853 1962 916 comparatio.
2043 853 2096 912 1)
2137 850 2345 900 Ratione

77 930 220 977 unius
269 933 317 975 ct
364 925 585 988 ejusdem
623 924 901 974 Calendarii
947 925 1175 976 Romani.
1254 928 1309 988 2)
1339 926 1572 991 *Ratione
1618 931 1782 974 motus
1821 924 1950 973 Solis
2002 924 2050 970 in
2102 923 2340 986 ecliptica.

81 998 139 1069 3)
177 1000 387 1048 Ratione
441 1000 596 1063 ipsius
636 1006 769 1047 ortus
822 1006 870 1047 et
908 1013 1110 1047 occasus
1147 999 1374 1051 siderum.
1449 1000 1524 1048 Ex
1561 999 1638 1047 his
1678 1000 1836 1063 prima
1875 1004 1923 1046 et
1960 996 2132 1045 ultima
2173 1011 2343 1060 parum

0 1132 1 1137 ¹
77 1081 150 1123 est
195 1073 356 1133 utilis,
410 1074 504 1120 nisi
542 1071 834 1121 reducantur
885 1070 951 1119 ad
1000 1071 1225 1121 mediam.
1303 1073 1468 1122 Prima.
1521 1075 1649 1121 enim
1699 1072 2001 1135 comparatio
2041 1075 2229 1118 tantum
2271 1076 2344 1118 est

0 1151 2 1164 '
75 1146 306 1196 historica
343 1159 430 1194 seu
468 1145 693 1210 politica,
748 1143 921 1192 ultima
958 1146 1087 1208 sapit
1126 1145 1472 1210 astrologicam
1509 1145 1858 1207 subtilitate1n3
1914 1142 2077 1193 media
2115 1157 2231 1192 vero
2272 1148 2346 1191 est

75 1219 271 1278 rustica,
313 1217 594 1278 domestica,
633 1215 837 1277 medica,
870 1217 1123 1268 naturalis

225 1291 331 1340 Cur
379 1291 599 1340 mediam
650 1290 814 1340 solum
867 1294 1302 1351 comparationem
1347 1291 1644 1341 naturalem
1698 1289 1963 1352 appellas?
2026 1288 2168 1339 Nihil
2224 1304 2343 1351 erqo

0 1365 5 1385 ³
75 1371 358 1428 operantur
394 1370 534 1414 ortus
571 1364 648 1413 illi
683 1359 948 1412 siderum?
984 1362 1186 1415 Veteres
1225 1364 1421 1429 quidem
1460 1366 1510 1412 in
1549 1363 1636 1412 illa
1674 1363 1869 1411 fuerunt
1897 1364 2143 1426 opinione,
2185 1377 2342 1425 quae-

4 1439 5 1477 }
76 1452 264 1501 cunque
302 1437 691 1487 vehementiores
730 1441 1046 1500 tempestates
1084 1438 1175 1487 sub
1216 1445 1412 1488 exortus
1453 1436 1691 1500 cujusque
1728 1436 1901 1485 sideris
1942 1437 2205 1499 quotannis
2243 1435 2342 1484 fere

0 1522 6 1535 '⁴
76 1511 301 1561 solebant
349 1512 583 1571 existere,
636 1525 667 1558 a
714 1509 886 1558 sideris
925 1508 1055 1557 illius
1097 1518 1269 1560 exortu
1307 1511 1388 1561 vel
1445 1525 1621 1560 occasu
1676 1509 1802 1559 effici
1854 1515 1939 1570 aut
1976 1508 2151 1558 saltem
2188 1510 2339 1570 signi-

5 1591 7 1626 ἒ
70 1575 214 1634 ficarI.
288 1583 416 1632 Hinc
453 1590 569 1632 nata
595 1589 669 1632 est
696 1581 898 1632 Graecis
937 1583 1195 1646 peculiaris
1222 1599 1338 1634 usus
1364 1585 1501 1634 vocis
1540 1601 1768 1649 σηααινει
1809 1600 2134 1648 προσημαινει,
2167 1580 2341 1646 ἐπιση-

68 1677 237 1720 μαινει,
276 1671 364 1722 pro
390 1672 449 1706 eo
476 1637 608 1720 quod
636 1655 869 1706 Germani
895 1654 1127 1706 dicimus:
1168 1661 1213 1706 es
1252 1660 1419 1708 mittert
1456 1667 1536 1707 not
1577 1657 1678 1707 obet
1714 1655 1843 1722 naci),
1885 1670 1994 1704 cum
2038 1654 2230 1704 vellent
2245 1655 2353 1725 hoc

76 1726 247 1791 dicere,
285 1729 421 1779 sidus
459 1729 581 1778 illud
621 1744 726 1779 esse
767 1729 943 1779 efficax
981 1735 1030 1778 et
1064 1745 1296 1792 generare
1335 1745 1566 1794 magnam
1606 1744 1753 1779 aurae
1780 1731 2171 1778 commotionem.
2235 1727 2343 1777 Pli-

71 1805 179 1852 nius
216 1817 441 1868 graecam
482 1817 653 1852 vocem
677 1801 830 1852 latine
867 1800 1046 1851 redidit
1084 1804 1254 1870 eodem
1281 1818 1390 1864 usu,
1429 1802 1689 1866 significat,
1729 1803 1972 1865 inquiens,
2013 1808 2098 1851 aut
2135 1800 2344 1850 indicat:

71 1875 182 1926 hinc
239 1876 479 1940 quaedam
530 1875 691 1925 sidera
738 1890 854 1940 prae
895 1877 1067 1924 ceteris
1115 1877 1380 1926 indicantia
1431 1876 1588 1938 dicta,
1644 1881 1699 1925 ut
1737 1875 1899 1924 Canis
1978 1874 2214 1938 Adeoque
2266 1888 2343 1924 res

8 1944 226 2009 ,'rediit,
267 1956 321 1998 ut
358 1964 444 2014 per
481 1949 831 2013 metonymiam
869 1949 1004 2012 ipsae
1045 1951 1191 1999 etiam
1231 1955 1547 2015 tempestates
1585 1955 1743 1998 statae
1782 1948 1943 1997 sidera
1981 1950 2346 1996 nominarentur

9 2042 11 2072 2
76 2029 124 2072 et
149 2022 284 2071 sidus
310 2024 606 2086 aequinoctii
633 2021 804 2071 Cicero
833 2021 977 2070 valde
1006 2025 1338 2086 perturbatum
1368 2028 1664 2087 quereretur.
1706 2021 1919 2072 Siderari
1949 2024 2094 2069 ctiam
2122 2022 2346 2069 dicuntur

10 2117 13 2124 ·
76 2096 287 2156 arbores,
327 2110 454 2159 quae
493 2095 744 2160 grandine,
785 2096 973 2159 pruina,
1015 2097 1338 2158 carbunculis,
1381 2097 1539 2158 aestu,
1578 2096 1765 2144 morbis
1801 2103 2073 2159 temporum
2103 2094 2341 2144 infestan-

11 2178 13 2214 ι
70 2172 173 2232 tur3
212 2175 259 2217 et
296 2168 510 2229 siderati,
550 2169 646 2220 hoc
686 2174 760 2217 est
801 2167 958 2216 sidere
996 2169 1173 2231 afflati,
1216 2172 1299 2233 qui
1337 2170 1572 2220 latentem
1612 2170 1675 2218 ob
1717 2182 1918 2217 causam
1955 2168 2119 2216 subito
2159 2181 2337 2230 aegro-

69 2245 188 2302 tant,
228 2243 371 2304 quasi
409 2241 492 2290 lue
531 2240 737 2291 coelitus
776 2243 993 2289 immissa
1032 2249 1119 2291 aut
1154 2243 1358 2293 fulmine
1396 2249 1596 2308 repente
1637 2243 1868 2306 percussi.
1946 2239 2182 2290 Geminus
2223 2255 2339 2289 vero

12 2327 14 2330 ’
72 2316 351 2379 opinionem
390 2315 528 2378 vulgi
567 2313 790 2377 adeoque
831 2320 878 2363 et
918 2313 1171 2381 doctorum
1220 2319 1435 2366 omnium
1475 2315 1744 2371 suilseculi
1781 2314 2015 2365 refutavit
2041 2316 2338 2378 argumentis

69 2385 375 2436 naturalibus
413 2393 461 2437 et
499 2387 868 2448 astronomicis,
920 2389 1042 2436 vixit
1093 2395 1205 2439 ante
1246 2390 1506 2440 Christum.
1585 2388 1683 2437 Sed
1733 2387 1871 2436 nulla
1908 2387 2056 2450 hujus
2097 2388 2342 2451 opinionis

68 2460 371 2509 manifestior
417 2475 523 2510 esse
562 2466 726 2546 potest
763 2460 992 2508 refutatio
1031 2460 1144 2522 illa,
1201 2477 1349 2525 quam
1388 2468 1556 2511 nostra
1593 2476 1683 2510 nos
1723 2461 1888 2510 docuit
1927 2467 2087 2523 aetas,
2144 2459 2341 2523 quando

69 2532 230 2583 sidera
268 2531 466 2582 sedibus
501 2534 604 2582 suis
643 2535 690 2580 in
726 2531 930 2604 zodiaco
968 2535 1181 2597 pristinis
1207 2550 1459 2586 excessere
1498 2536 1814 2598 oriunturque
1840 2535 2089 2583 mensibus
2128 2547 2343 2596 sequen-

0 2672 1 2675 ,
69 2606 218 2667 tibus,
259 2612 573 2671 tempestates
600 2619 717 2654 vero
756 2598 864 2654 eum
891 2604 1007 2655 Sole
1044 2607 1249 2658 redeunt
1288 2615 1336 2658 et
1372 2606 1518 2658 hodie
1545 2609 1686 2671 signa
1725 2608 1811 2657 illa
1838 2622 1928 2656 sua
1967 2608 2170 2713 pristina
2196 2621 2342 2671 prae-

16 2723 18 2726 .
78 2680 305 2742 veniunt3
339 2680 543 2743 jamque
581 2693 753 2727 verum
791 2684 865 2727 est
902 2679 1036 2741 quod
1075 2681 1205 2730 canit
1240 2682 1502 2745 Virgilius:

678 2750 941 2826 Solemque
977 2765 1131 2803 suum
1169 2770 1265 2803 sua
1301 2754 1469 2804 sidera
1504 2761 1727 2816 norunt3

71 2822 121 2872 id
157 2829 243 2885 est,
283 2825 457 2873 retinet
495 2814 749 2887 quaelibet'
781 2838 894 2888 pars
933 2827 1048 2873 anni
1086 2842 1117 2876 a
1155 2827 1365 2877 solstitio
1406 2831 1686 2891 computata
1730 2841 1868 2875 suam
1909 2831 2132 2874 naturam
2170 2840 2341 2874 suum-

73 2909 167 2960 que
214 2899 462 2959 ingenium
516 2903 564 2946 et
610 2911 723 2945 suas
771 2902 1114 2961 tempestates,
1169 2900 1323 2950 stellis
1372 2899 1480 2948 fixis
1526 2902 1683 2963 magis
1731 2904 1878 2962 atque
1929 2901 2085 2961 magis
2137 2900 2186 2946 in
2236 2898 2341 2947 dies

76 2978 335 3034 sequentes
373 2970 707 3033 migrantibus.

214 3042 352 3093 Doce
390 3058 693 3105 comparare
739 3047 968 3105 tempora
1020 3045 1269 3095 hodierna
1316 3059 1453 3094 cum
1470 3045 1720 3094 veteribus
1757 3060 1816 3094 ex
1854 3043 2023 3093 eodem
2061 3046 2204 3107 siyno
2242 3058 2335 3093 ex-

13 3126 17 3152 *
74 3118 230 3178 pressi
267 3123 408 3166 ortus
447 3117 522 3165 vel
559 3129 761 3164 occasus
797 3115 1036 3167 siderum.
1112 3118 1357 3168 Adhanc
1394 3133 1496 3168 rem
1536 3132 1658 3182 opus
1697 3124 1771 3166 est
1793 3116 2098 3180 longitudine
2139 3123 2186 3165 et
2222 3117 2339 3165 lati-

14 3183 18 3233 }
74 3186 241 3237 tudine
277 3189 450 3239 stellae
488 3194 748 3251 motusque
775 3186 904 3236 Solis
943 3190 1267 3254 ephemeride,
1307 3191 1689 3240 accommodatis
1728 3189 1791 3238 ad
1830 3197 2048 3254 tempora
2074 3192 2335 3254 scriptoris,

14 3268 18 3324 ξ
74 3266 123 3310 et
158 3259 250 3310 hac
288 3262 485 3325 quidem
538 3263 587 3309 in
630 3262 783 3310 forma
822 3262 937 3309 anni
975 3261 1165 3313 Juliani
1217 3266 1396 3313 veteris
1435 3269 1560 3313 retro
1601 3265 1802 3312 extensi.
1879 3262 2017 3312 Tunc
2056 3265 2095 3311 si
2135 3266 2339 3327 scriptor

75 3334 292 3397 exprimit
329 3336 457 3385 diem
495 3336 607 3383 anni
646 3334 856 3382 Romani
895 3340 1150 3400 ortumque
1190 3336 1270 3386 vel
1312 3350 1539 3386 occasum
1577 3335 1748 3386 stellae
1788 3335 1879 3384 sub
1919 3341 2052 3386 certa
2088 3335 2190 3400 poli
2231 3335 2336 3384 ele-

75 3406 296 3468 vatione,
347 3406 654 3471 quaerendus
702 3408 792 3456 erit
843 3408 890 3453 in
941 3408 1247 3472 ephemeride
1298 3411 1450 3459 veteri
1497 3409 1637 3458 locus
1675 3408 1804 3458 Solis
1855 3408 1919 3457 ad
1971 3408 2148 3458 dictam
2190 3409 2333 3457 diem.

18 3486 20 3506 ³
75 3475 262 3529 Deinde
299 3480 631 3544 quaerendum
679 3485 753 3528 est
790 3487 1022 3543 punctum
1062 3482 1316 3546 eclipticas
1356 3483 1576 3532 cooriens
1615 3496 1723 3531 cum
1759 3481 1905 3531 stella
1945 3483 2022 3531 vel
2065 3497 2162 3531 una
2201 3484 2332 3530 occi-

18 3541 22 3606 ἶ
77 3548 216 3611 dens,
272 3559 320 3602 et
372 3555 733 3619 comparatione
784 3552 878 3600 loci
917 3552 1048 3603 Solis
1097 3570 1205 3603 cum
1256 3555 1350 3603 hoc
1389 3557 1634 3604 cooriente
1686 3568 1866 3619 puncto
1906 3555 2050 3605 facile
2091 3555 2333 3604 elucescet

19 3620 21 3678 ]
76 3620 193 3671 fides
230 3627 489 3690 scriptoris,
530 3633 591 3686 et,
633 3628 672 3673 si
717 3640 830 3674 vera
869 3629 1073 3691 scripsit,
1113 3629 1302 3691 species
1345 3634 1477 3677 ortus
1504 3628 1583 3677 vel
1623 3642 1840 3677 occasus.
1917 3629 2094 3691 Itaque
2122 3633 2335 3675 resumta

20 3695 22 3702 ’
78 3694 247 3745 eadem
283 3696 360 3747 die
387 3698 662 3749 calendarii
689 3698 897 3746 Romani
937 3703 1084 3749 etiam
1110 3701 1271 3761 hodie,
1307 3700 1620 3767 'politicorum
1648 3700 1844 3764 quidem
1884 3716 2119 3750 annorum
2144 3713 2334 3747 summa

21 3778 28 3787 ·
79 3773 248 3817 exacta
287 3771 388 3833 erit,
426 3778 478 3822 at
515 3786 676 3835 neque
716 3778 980 3836 tempestas
1008 3775 1136 3834 anni,
1178 3787 1337 3837 neque
1375 3773 1534 3824 sidera
1561 3773 1732 3823 eadem
1771 3774 1858 3822 illo
1899 3774 1975 3822 die
2002 3777 2330 3833 revertentur,

22 3852 25 3868 ⁸
79 3844 127 3887 et
173 3842 355 3892 ratione
401 3844 598 3908 quidem
649 3846 763 3894 anni
814 3849 1047 3896 vertentis
1088 3853 1288 3896 ventum
1340 3848 1430 3897 erit
1468 3846 1594 3897 ultra
1630 3853 1809 3897 metam
1847 3848 2172 3912 propositam,
2220 3845 2334 3892 anni

165 3939 322 3982 Kopion
341 3941 479 3985 Opera.
525 3943 593 3979 VI·
1923 3936 1986 3982 19
