2554 4140
771 130 1004 188 Excerpta
1031 141 1091 176 ex
1119 115 1306 179 Tabulis
1335 126 1655 195 Rudolphinis.
2150 97 2160 103 N
2235 121 2337 174 555

80 295 304 332 merorum
332 279 527 332 ordineS,
556 276 781 334 posterior
810 274 1099 321 altitudinum
1119 275 1216 333 poli
1242 275 1289 320 in
1311 274 1524 332 gradibus
1555 278 1602 318 et
1631 269 2036 328 scrupulis,'prior
2057 266 2349 314 differentiae·

7 335 18 404 ζ
80 349 424 396 meridianorum
451 345 499 389 in
527 344 653 389 horis
683 347 728 387 et
756 342 962 399 minutis,
1003 340 1108 386 'cum
1138 340 1270 386 titulo
1301 339 1544 385 additionis
1575 339 1622 383 in
1654 337 1972 393 orientalibus,
2017 334 2337 382 subtractionis

0 466 4 473 ,
80 418 127 462 in
160 412 371 460 occiduis.

0 514 9 519 .
259 476 390 533 Quod
418 475 558 532 igitur
587 473 682 532 poli
711 458 972 519 altitudines
1003 473 1178 528 attinet,
1218 464 1361 517 Omnis
1393 483 1549 515 eorum
1579 468 1801 514 certitudo
1842 470 2010 526 pendet
2039 470 2098 515 ab
2130 469 2339 515 observa-

0 537 9 561 *
56 545 273 593 ,tionibus
304 541 591 587 coelestibus.
655 540 766 584 Cum
797 544 948 599 autem
978 538 1138 594 paucis
1168 537 1215 581 in
1244 537 1355 581 locis
1388 535 1446 580 sit
1477 535 1775 590 observatum,
1807 549 1890 580 nec
1919 535 1965 580 id
1996 548 2178 594 semper
2208 548 2339 580 accu-

80 616 200 667 rate,
231 608 487 653 tabularum
518 604 921 663 geographicarum
941 607 1150 648 auctores
1172 615 1224 646 ea
1252 601 1353 646 loca
1382 613 1410 644 a
1437 600 1767 644 mathematicis
1790 601 2041 660 desumunt,
2072 602 2174 647 loca
2192 599 2340 645 ,vicina

0 714 6 720 .
80 678 212 724 unius
245 681 292 719 et
322 673 525 730 ejusdem
556 671 814 729 provinciae
853 684 936 726 pro
975 669 1149 714 ratione
1186 667 1536 725 propinquitatis
1579 666 1836 723 itinerariae
1876 673 1922 711 et
1962 667 2123 724 plagae
2166 677 2339 710 accom-
2367 663 2384 672 “

81 742 286 796 modant3
329 752 468 795 saepe
499 738 634 782 etiam
664 736 968 793 geographiae
998 733 1249 779 Ptolemaei
1277 733 1445 789 fidunt,
1484 731 1562 789 qui
1592 731 1734 776 solam
1764 731 1858 776 fere
1887 732 2219 789 longitudinem
2252 728 2339 775 diei

80 809 276 856 aestivae
305 804 607 859 longissimae,
639 806 689 847 ut
720 815 819 848 eam
852 815 909 845 ex
942 800 1088 845 relatu
1119 799 1310 844 aliorum
1338 799 1508 844 habere
1539 797 1701 854 potuit,
1733 802 1805 842 est
1836 803 2032 842 secutus.

117 870 131 881 ’
251 870 435 927 Mappis
463 870 557 925 jam
589 868 807 913 confectis
837 866 972 912 hodie
1002 864 1308 910 mathematici
1337 867 1526 908 utuntur
1554 864 2084 919 tanquamauthenticis,
2115 875 2247 907 versa
2274 873 2341 907 sc.

74 953 226 988 rerum
256 938 395 991 serie,
445 936 579 992 pauci
617 934 881 990 attendunt,
928 946 1063 990 quam
1098 930 1397 976 imbecillibus
1439 929 1547 974 illae
1583 929 1817 986 principiis
1850 931 1940 974 sint
1967 929 2163 973 innixae.
2223 926 2341 971 Hinc

15 998 24 1035 ⁴·
79 1006 191 1052 adeo
211 1003 415 1048 varietas
448 1000 601 1056 aliqua
633 1001 775 1044 oritur
806 999 942 1044 etiam
972 999 1090 1043 circa
1129 997 1223 1054 poli
1252 995 1534 1053 altitudines,
1573 995 1695 1052 quod
1723 995 1912 1040 mireris.
1974 994 2185 1039 Lutetiae
2214 992 2341 1037 Pari-
2394 1011 2408 1021 κ

40 1076 42 1078 ’
79 1074 246 1119 siorum
285 1069 364 1113 dat
402 1068 556 1125 Tycho
598 1068 646 1111 in
678 1067 898 1122 'catalogo
931 1079 957 1110 a
985 1065 1343 1121 Longimontano
1385 1069 1588 1108 correcto
1626 1062 1708 1108 480
1750 1063 1838 1115 1Ο’,
1880 1075 1981 1106 cum
2023 1058 2261 1103 Fernelius
2296 1061 2342 1102 et

2 1132 33 1169 Ν
80 1136 289 1184 Orontius
320 1133 626 1178 mathematici
656 1131 893 1188 posuerint
923 1131 1003 1176 480
1031 1130 1126 1186 4Ο’,
1169 1129 1302 1173 Vieta
1331 1126 1558 1172 recentior
1586 1127 1667 1172 480
1696 1126 1789 1180 49’,
1819 1127 2004 1172 tabulae
2046 1131 2199 1170 tamen
2238 1135 2342 1179 geo-

17 1222 26 1235 ·
77 1202 316 1263 graphicae.
346 1193 611 1244 Mercatoris
644 1202 690 1242 et
717 1196 955 1242 Piscatorii
998 1200 1155 1240 tenent
1197 1193 1434 1260 Orontium
1476 1193 1686 1249 propius,
1734 1205 1846 1249 quas
1893 1205 1975 1249 ego
2007 1196 2215 1246 secutus,
2257 1202 2338 1247 po-

23 1280 37 1292 *
78 1269 148 1315 sui
174 1267 255 1312 480
285 1267 370 1312 39¹.

122 1331 133 1346 ³
247 1343 379 1402 Quod
410 1343 729 1401 longitudines·
759 1343 921 1388 attinet
957 1343 1180 1397 locorum,
1226 1337 1616 1385 seudifferentias
1647 1339 2020 1396 meridianorum,
2061 1338 2139 1382 hic
2182 1349 2256 1381 res
2286 1335 2341 1380 fit

78 1413 217 1460 multo
251 1409 523 1468 perplexior,
557 1423 657 1453 cum
691 1411 747 1454 ab
779 1407 1170 1455 observationibus
1201 1407 1344 1464 magis
1369 1406 1641 1450 deseramur.
1702 1407 1901 1452 Exstant
1922 1405 2102 1468 quidem
2124 1402 2341 1462 epichire-

73 1486 195 1524 mata
225 1477 359 1531 varia,
392 1474 676 1519 differentias
707 1474 951 1529 indagandi
981 1473 1328 1518 meridianorum
1357 1485 1440 1529 per
1475 1470 1833 1526 observationes,
1881 1472 1962 1518 sed
2001 1475 2053 1517 ut
2080 1470 2181 1515 fieri
2211 1467 2341 1522 solet,

73 1543 385 1602 in'plerisque
415 1539 519 1597 plus
553 1545 623 1584 est
651 1540 832 1597 ingenii,
864 1552 997 1596 quam
1022 1537 1352 1584 commoditatis
1384 1538 1442 1582 ad
1475 1550 1589 1593 opus
1619 1539 1940 1594 peragendum.
2001 1538 2063 1583 Et
2094 1537 2150 1581 de
2182 1533 2343 1580 ceteris

81 1609 260 1668 quidem
289 1605 434 1650 modis
466 1617 557 1648 non
587 1608 658 1648 est
686 1605 762 1648 hie
791 1605 920 1649 locus
952 1603 1217 1655 disserendi,
1249 1602 1304 1648 de
1335 1616 1439 1660 uno,
1473 1601 1560 1658 ‘qui
1592 1601 1904 1651 observatione
1935 1605 2095 1650 Lunae
2124 1601 2268 1646 utitur
2295 1599 2344 1645 in

77 1673 367 1732 nonagesimo
401 1670 638 1724 versantis,
671 1670 815 1715 dicam
845 1671 979 1716 infra.
1366 1688 1372 1692 ·
1976 1726 1979 1730 Α

247 1736 361 1782 Mihi
391 1735 450 1780 ad
494 1735 852 1780 concinnandum
897 1737 1020 1782 hunc
1061 1736 1318 1793 catalogum
1357 1737 1540 1782 servivit
1578 1736 1690 1782 haec
1728 1737 1862 1782 unica
1907 1734 2175 1782 observandi
2211 1733 2343 1791 ratio,

74 1817 157 1862 per
184 1802 383 1848 diversos
422 1801 592 1857 junctis
625 1801 774 1856 operis
805 1801 1180 1857 administranda,
1228 1816 1330 1848 cum
1367 1803 1415 1847 in
1459 1802 1647 1848 diversis
1692 1803 1804 1847 locis
1837 1804 2135 1848 observantur
2174 1799 2343 1858 phases

79 1873 227 1914 certae
255 1866 386 1910 unius
418 1871 463 1909 et
493 1865 696 1921 ejusdem
727 1867 921 1923 eclipsis.
982 1869 1107 1913 Haec
1139 1868 1368 1913 obervatio
1402 1874 1472 1913 est
1502 1869 1718 1914 rarissimi
1750 1882 1899 1926 casus,
1943 1868 2024 1914 sed
2053 1879 2216 1926 magno
2249 1870 2344 1910 stu-

39 1969 43 1974 .
81 1933 154 1978 dio
183 1932 228 1976 in
258 1930 601 1975 concinnatione
633 1931 771 1988 hujus
804 1932 996 1990 catalogi
1028 1933 1290 1990 conquisita.
1351 1933 1513 1989 Neque
1547 1939 1697 1979 tamen
1719 1934 1774 1980 de
1796 1935 1885 1979 fide
1917 1935 2261 1979 observatorum
2290 1931 2338 1976 in

82 1999 179 2045 aliis
207 1997 320 2042 locis
350 2009 528 2059 semper
559 2002 707 2041 certus
741 2010 842 2042 esse
871 1999 1013 2055 potui,
1045 1999 1131 2043 nisi
1163 2013 1264 2044 cum
1294 1999 1461 2047 diversi
1491 2001 1610 2044 inter
1641 2013 1690 2045 se
1721 2006 2062 2046 consenserunt.

251 2063 379 2120 Circa
409 2062 531 2106 hunc
561 2061 743 2106 modum
773 2063 1120 2120 illudssinprimis
1152 2072 1222 2109 est
1252 2065 1596 2122 observandum,
1630 2065 1802 2111 solares
1835 2067 2040 2123 eclipses,
2074 2064 2343 2122 praesertim

81 2143 276 2187 magnas,
317 2142 417 2174 esse
448 2129 590 2173 multo
621 2123 817 2185 aptiores
859 2130 1109 2176 lunaribus.
1170 2131 1305 2176 Initia
1337 2131 1454 2174 enim
1499 2127 1652 2176 earu‘m
1683 2132 1755 2176 vel
1792 2131 1908 2176 fines
1941 2135 2152 2176 accurate
2183 2143 2344 2186 agnos-

27 2231 34 2238 .
82 2201 261 2251 cuntur,
307 2193 529 2248 daturque
572 2193 784 2239 distantia
821 2196 1094 2252 temporaria
1131 2194 1410 2242 diversarum
1449 2197 1658 2253 phasium
1691 2211 1747 2241 ex
1793 2197 1989 2251 calculo,
2029 2197 2094 2242 sic
2123 2200 2178 2241 ut
2208 2192 2344 2241 etiam

82 2261 283 2308 diversae
310 2261 428 2304 inter
458 2272 508 2304 se
538 2261 790 2316 comparari
821 2263 1000 2318 possint
1035 2261 1221 2306 diversis
1251 2261 1363 2307 locis
1397 2263 1686 2316 observatae3
1719 2268 1764 2308 et
1794 2263 1909 2307 ratio
1942 2261 2234 2308 abstrahendi
2265 2274 2345 2323 pa·

38 2354 42 2358 -
81 2326 272 2373 rallaxes
311 2331 380 2372 est
429 2325 678 2370 certissima
709 2331 755 2369 et
786 2327 1093 2372 excultissima
1122 2328 1169 2372 in
1199 2328 1270 2373 his
1301 2328 1483 2372 tabulis.
1542 2328 1675 2373 Adde
1707 2329 1827 2385 quod
1861 2328 2045 2374 sedulus
2079 2329 2346 2374 observator

80 2394 353 2451 quantitates
379 2392 589 2449 phasium
620 2392 864 2436 crescentis
896 2398 941 2438 et
971 2393 1276 2440 decrescentis
1307 2395 1474 2445 circino
1504 2400 1658 2453 potest
1695 2396 1936 2453 explorare
1980 2395 2027 2440 in
2058 2394 2264 2452 tabella,
2297 2393 2344 2438 in

83 2473 215 2516 quam
244 2472 289 2503 ri
300 2458 399 2503 dius
432 2456 549 2501 Solis
579 2456 748 2501 incidit.

86 2559 90 2563 .
255 2524 368 2569 Cum
397 2522 535 2579 igitur
563 2535 727 2566 novum
759 2528 804 2568 et
832 2522 1035 2583 insolens
1067 2524 1299 2581 quippiam
1339 2538 1411 2569 me
1450 2527 1495 2570 in
1527 2527 1616 2571 hoc
1647 2525 1854 2582 catalogo
1896 2539 2055 2572 ausum
2088 2526 2338 2583 deprehen-

39 2616 41 2618 -
82 2587 229 2635 derint
257 2588 583 2642 mathematici,
620 2600 699 2631 eos
728 2591 911 2643 rogatos
943 2588 1089 2645 velim,
1135 2597 1186 2634 ut
1215 2591 1360 2646 primo
1393 2591 1964 2638 omnium'fundamentum
2005 2593 2194 2637 chartae·
2220 2591 2342 2637 illius

81 2653 410 2711 geographicae
452 2652 734 2707 examinent,
781 2652 912 2708 cujus
943 2653 1109 2698 indicio
1142 2667 1191 2698 se
1221 2661 1387 2711 putant
1415 2657 1707 2702 insolentiam
1745 2658 2086 2703 numerationis*
2107 2669 2235 2701 meae
2266 2656 2343 2700 de-

83 2723 255 2775 oegere3
288 2718 449 2763 deinde
470 2723 521 2761 ut
543 2716 836 2762 fundamenta
854 2718 955 2774 ipsa
975 2718 1109 2775 plura
1139 2719 1395 2765 chartarum
1426 2722 1543 2768 inter
1575 2736 1624 2768 se
1656 2728 1918 2778 comparent
1948 2722 2344 2780 dissensionesque

84 2792 345 2840 auctorum,
392 2799 448 2829 ex
479 2783 642 2839 quibus
672 2783 778 2828 illae
809 2797 892 2828 sua
923 2784 1215 2830 fundamenta
1244 2786 1495 2843 petierunt,
1543 2790 1600 2833 ob
1633 2788 1787 2833 oculos
1820 2794 1993 2844 ponant
2021 2793 2341 2846 reputentque,
2405 2801 2410 2806 ·

82 2850 249 2896 nnllam
278 2850 446 2895 chartis
477 2849 532 2892 ab
564 2848 875 2904 usurpationis
907 2849 1202 2894 diuturnitate
1232 2851 1451 2906 majorem
1471 2853 1786 2899 auctoritatem
1817 2854 2045 2911 accedere,
2080 2866 2214 2910 quam
2245 2861 2344 2900 erat

87 2993 306 3050 (Regiom.
339 2993 475 3038 Primi
506 2991 688 3038 Mobilis
719 2992 863 3049 probl.
894 2994 1007 3050 45),
1039 2994 1288 3040 Wernerus
1330 2996 1468 3042 habet
1498 2998 1591 3055 32⁴3
1633 3012 1689 3043 ex
1719 2999 1941 3056 principio
1979 3003 2131 3045 tamen
2162 3000 2342 3059 eclipsis

84 3057 187 3103 anni
220 3059 344 3104 1497.
378 3060 448 3104 18.
482 3059 582 3103 Jan.
618 3059 855 3115 utrobique
885 3060 1126 3104 observato
1171 3062 1358 3114 (Romae
1389 3063 1570 3119 quidem
1602 3064 1645 3107 h.
1679 3067 1718 3111 5.
1751 3066 1844 3122 24‘,
1877 3063 2153 3121 Noribergae
2184 3078 2210 3110 a
2239 3078 2342 3111 nes·

86 3122 154 3168 cio
185 3137 272 3180 quo
303 3125 348 3168 h.
381 3126 422 3170 4.
456 3125 543 3180 52‘)
584 3123 856 3179 colliguntur
887 3127 971 3172 28¹.
1033 3127 1235 3185 Apianus
1267 3130 1314 3174 in
1354 3131 1669 3184 „Astrolabio“
1711 3133 1829 3177 inter
1859 3129 2265 3187 Regi0montan'um
2297 3137 2343 3178 et

87 3188 350 3235 Wernerum
394 3190 588 3234 medium
627 3190 710 3235 sibi
752 3192 927 3236 censuit
966 3192 1220 3249 eligendum
1253 3195 1337 3240 34¹.
1409 3197 1678 3256 Maestlinus
1720 3203 1871 3242 tamen
1912 3202 1957 3241 et
1994 3196 2253 3243 Everardus
2295 3203 2342 3244 et

88 3252 306 3312 Ori‘ganus
338 3258 605 3300 wernerum
635 3255 823 3311 propius
854 3262 1023 3313 tenent,
1056 3263 1304 3304 statuentes
1337 3261 1423 3307 33¹.
1480 3262 1540 3307 At
1570 3262 1817 3308 Stoeflerus
1848 3262 1895 3308 in
1927 3262 2216 3323 Calendario,
2249 3279 2340 3310 non

26 3360 44 3374 ,
87 3325 258 3365 attenta
290 3321 496 3364 Werneri
528 3320 855 3375 observatione,
895 3322 1053 3366 statuit
1085 3324 1167 3373 15¹,
1201 3338 1335 3381 quem
1374 3326 1551 3371 videtur
1593 3334 1775 3374 secutus
1807 3327 2007 3387 Apianus
2035 3331 2264 3386 posterius
2294 3332 2340 3376 in

90 3385 377 3442 3Caesareo“,
409 3392 614 3430 statuens
652 3387 731 3430 19¹.
792 3386 855 3428 Et
893 3386 1113 3442 Maginus.
1139 3390 1335 3434 medium
1367 3391 1504 3447 elegit
1541 3394 1659 3438 inter
1688 3393 1852 3450 Apiani
1890 3395 2084 3451 priorem
2116 3400 2162 3442 et
2193 3396 2340 3441 Stoef-

87 3448 169 3495 leri
197 3452 496 3507 traditionem,
532 3459 735 3496 statuens
768 3451 849 3496 26⁴.
912 3452 1170 3499 Schonerus
1209 3457 1255 3500 in
1289 3458 1570 3507 „Resolutis“
1612 3459 1750 3504 habet
1788 3465 1962 3505 tantum
1992 3461 2077 3518 12¹,
2109 3461 2230 3518 quod
2261 3464 2339 3509 ob-

86 3525 264 3563 servant
293 3518 519 3562 Mercator
549 3523 595 3561 et
625 3518 830 3562 Hondius
861 3518 906 3562 in
937 3518 1127 3575 mappis.
1188 3521 1370 3567 Stadius
1400 3522 1445 3567 in
1476 3523 1855 3580 Ephemeridibus
1885 3525 2025 3571 habet
2060 3527 2143 3580 13⁴,
2173 3527 2338 3572 Janso-

88 3581 187 3628 nius
229 3583 282 3627 in·
315 3596 480 3640 mappa
525 3581 766 3627 universali
818 3582 873 3625 ad
919 3584 986 3628 10¹
1019 3584 1306 3631 descendisse
1346 3587 1537 3633 videtur.
1605 3588 1703 3645 Ego
1749 3591 1900 3648 potius
1947 3591 2336 3637 observationibus

89 3647 317 3704 eclipsium
348 3649 504 3694 Lunae
536 3648 723 3704 duabus,
757 3650 926 3693 Itomae
956 3649 1142 3705 habitis,
1186 3663 1241 3695 ex
1273 3653 1400 3697 annis
1431 3654 1560 3709 1616,
1594 3655 1719 3712 1617,
1767 3670 1879 3714 quas
1912 3663 1957 3703 et
1988 3670 2071 3715 ego
2103 3660 2337 3705 observavi

89 3710 246 3767 Uncii,
277 3727 500 3759 consensu
531 3714 695 3769 fidens,
743 3714 946 3758 Lincium
980 3715 1123 3758 Itoma
1154 3717 1414 3763 orientalius
1458 3718 1572 3766 facio
1608 3723 1692 3779 10¹,
1719 3728 1937 3779 quantum
1976 3730 2023 3768 et
2054 3724 2335 3780 Uraniburgo

90 3787 172 3831 per
200 3776 291 3822 obs.
322 3777 446 3823 alias.
507 3779 577 3823 Ita
607 3779 713 3824 mihi
746 3781 889 3825 Roma
920 3787 964 3823 et
996 3780 1328 3838 Uraniburgum
1360 3783 1444 3829 sub
1477 3785 1665 3833 eundem
1696 3788 1881 3835 veniunt
1908 3788 2225 3846 meridianum,
2259 3789 2336 3847 qui

92 3837 406 3900 Noribergensi
434 3854 523 3886 non
552 3841 656 3901 plus
687 3857 821 3900 quam
852 3844 895 3889 4⁴
927 3849 997 3890 est
1027 3845 1296 3891 orientalior.
