2554 4140
236 124 339 172 532
491 72 510 90 x
928 155 931 161 ⁴
1014 114 1067 158 In
1097 109 1340 169 Epitomen
1369 111 1516 157 Notae
1546 111 1761 181 Editoris.

227 270 350 310 esset
391 262 548 319 amplis
552 262 689 305 simus
730 258 1106 316 philosophandi,
1148 258 1186 302 si
1229 256 1413 302 materia
1450 256 1658 302 instituta
1696 263 1940 319 pateretur.
2002 256 2090 301 Sed
2129 254 2374 312 rejicienda
2404 258 2474 299 est

226 331 338 374 haec
368 327 647 384 speculatio
635 340 680 370 ιιι
702 331 943 374 tractatum
964 325 1114 380 alium,
1146 320 1223 370 ubi
1242 324 1440 369 rationes
1465 329 1510 367 et
1529 324 1824 369 fundamenta
1845 323 2202 380 explicabuntur,
2234 336 2289 366 ex
2311 320 2474 378 quibus

227 395 426 452 epochae
454 392 719 436 Ptolemaici
748 392 964 447 temporis
997 398 1152 437 erutae
1184 395 1303 435 sunt
1364 393 1455 441 (cfr.
1487 407 1534 444 p.
1565 395 1649 437 66)

395 459 642 515 Praecepto
665 458 774 504 189:
808 458 862 502 de
891 459 1027 502 varia
1058 456 1314 514 quantitate
1346 457 1460 500 anni
1488 456 1668 512 tropici,
1699 462 1836 498 monet
1868 459 2090 509 Keplerus:
2130 454 2260 497 Hanc
2299 451 2476 494 variant

226 524 273 567 in
303 523 476 568 calculo
508 536 672 568 causae
704 522 832 577 duae,
864 522 988 578 prior
1018 527 1142 565 certa
1165 525 1210 564 et
1238 520 1284 563 in
1314 533 1364 564 re
1384 521 1517 576 inest,
1549 520 1728 564 diversa
1756 533 1837 575 per
1859 534 2022 564 annum
2037 519 2165 563 initia
2185 517 2475 572 tropicorum‚
2552 537 2554 539 ·

227 601 308 633 seu
338 595 389 632 ut
417 588 648 645 astrologi,
681 587 883 632 diversae
913 588 1088 631 radices
1119 584 1464 630 revolutionum.
1526 585 1613 629 Est
1632 585 1750 629 enim
1781 585 2067 630 brevissimus
2088 597 2230 628 annus
2260 581 2476 636 tropicus,

228 654 305 710 qui
333 653 490 709 incipit
519 653 582 697 ab
607 665 808 709 apogaeo
841 652 970 704 Solis,
999 651 1305 727 longissimus,
1339 650 1418 705 qui
1446 663 1472 693 a
1497 650 1723 706 perigaeo,
1753 651 2005 705 mediocris,
2037 650 2114 706 qui
2135 663 2162 693 a
2189 644 2477 720 longitudini-

225 720 310 764 bus
342 718 524 776 mediis,
566 731 681 773 quae
712 712 847 762 hodie
879 724 985 762 sunt
1013 718 1059 761 in
1091 719 1142 764 6⁰
1173 721 1225 764 V
1257 717 1411 768 vel&
1359 722 1430 761 Οἵ
1490 717 1647 762 Altera
1679 730 1836 773 causa,
1875 714 2295 773 prosthaphaeresis
2327 711 2479 766 aequi-

227 785 499 836 noctiorum,
543 789 589 827 et
616 783 790 827 ineerta
820 787 889 826 est
919 790 964 826 et
992 783 1038 825 in
1068 784 1195 827 brevi
1225 796 1445 827 annorum
1474 796 1661 827 numero
1699 781 1988 827 insensibilis.
2046 783 2163 826 Nam
2185 781 2234 824 ‘si
2264 777 2478 834 aequales

224 853 344 896 inter
373 863 422 896 se
453 854 559 894 sunt
588 848 1011 906 prosthaphaeresis
1043 848 1428 903 aequinoctiorum
1461 852 1507 891 et
1534 847 1742 904 pensatio
1772 852 1920 892 motus
1953 846 2196 902 stellarum,
2228 850 2274 889 et
2304 847 2480 888 contra-

226 917 394 962 riarum
424 914 724 970 affectionum,
758 926 896 957 causa
911 913 1024 958 haec
1054 913 1166 957 nihil
1196 913 1339 957 variat
1368 913 1614 970 tropicum;
1647 926 1794 970 secus,
1829 913 1867 956 si
1898 912 2099 967 ejusdem
2131 909 2380 955 affectionis
2403 912 2482 952 aut

228 982 266 1026 si
298 979 622 1034 contrariarum
652 978 851 1033 quidem,
892 979 972 1023 sed
1002 968 1280 1034 inaequales.
1336 977 1437 1023 Illic
1467 978 1584 1022 enim
1617 991 1791 1023 summa
1820 979 2078 1033 utriusque,
2118 977 2194 1022 hic
2231 973 2482 1022 differentia

227 1051 372 1092 mutat
402 1047 509 1092 anni
538 1046 702 1102 tropici
731 1044 1069 1100 longitudinem.

398 1113 487 1156 Pro
517 1109 870 1154 revolutionibus
907 1110 1044 1164 igitur
1073 1108 1328 1165 negligatur
1360 1123 1499 1155 causa
1529 1109 1693 1164 altera,
1737 1116 1782 1155 et
1813 1108 2061 1167 siquidem
2092 1109 2222 1153 radix
2262 1102 2483 1154 indicetur
2516 1158 2521 1162 ,

227 1192 308 1224 seu
337 1177 461 1222 locus
493 1176 610 1221 Solis
639 1175 686 1219 in
715 1175 936 1232 ecliptica,
966 1175 1024 1219 ad
1057 1187 1191 1230 quem
1221 1173 1390 1219 revolvi
1422 1175 1616 1220 debebat
1650 1176 1727 1220 Sol
1757 1181 1863 1233 post
1893 1188 2038 1220 annos
2068 1174 2264 1230 aliquot„
2303 1181 2483 1231 tempus
2514 1181 2528 1192 ‘

228 1244 527 1300 investigatur
557 1255 614 1285 ex
642 1240 810 1285 tabulis
842 1246 927 1284 etc.
975 1243 1081 1282 -His
1088 1242 1167 1281 ad
1176 1244 1418 1292 marginem
1449 1245 1691 1295 adscripsit
1703 1245 1938 1296 Keplemsa
1954 1241 2370 1299 Ιιοιιὲιιιιοιιιειιιιιε
2393 1254 2483 1290 nnn

224 1314 406 1360 tantum
437 1318 613 1351 errasse
632 1306 950 1351 Ptolemaeum
967 1305 1089 1353 dixit
1120 1305 1408 1351 observando
1434 1307 1829 1363 (aequinoctiorum
1834 1306 2012 1361 locum)
2018 1304 2290 1362 εεᾶφΙαῃθ
2291 1305 2487 1364 fimusse
2551 1299 2554 1302 ’

231 1375 528 1426 observatum,
555 1363 714 1427 quod
715 1371 772 1415 ex
803 1369 1068 1426 Hipparcho
1099 1376 1482 1427 computaverat.
1520 1371 1678 1428 Capite
1709 1372 1919 1416 XXXIII.
1952 1371 2085 1415 docet
2115 1371 2365 1428 Keplerus,
2396 1385 2485 1428 quo

229 1440 361 1485 modo
389 1439 673 1484 inveniantur
704 1436 1011 1490 „reversiones
1041 1436 1238 1491 plurium
1270 1437 1467 1482 siderum
1509 1437 1567 1482 ad
1596 1438 1717 1482 idem
1758 1443 1936 1494 caput‘g
1977 1445 2022 1482 et
2055 1443 2324 1495 „praecepto
2355 1439 2483 1484 181“

232 1505 394 1551 calculi
426 1503 679 1559 exemplum
709 1503 756 1546 in
785 1505 910 1565 Luna
941 1501 1127 1546 exhibet
1157 1509 1284 1558 atque
1315 1508 1376 1547 sic
1406 1506 1640 1548 concludit:
1673 1503 1873 1559 Quaerat
1903 1473 2150 1549 calculator
2179 1505 2266 1550 hoc
2294 1509 2486 1560 tempuS.
2551 1533 2554 1538 -

233 1571 320 1627 Qui
357 1571 395 1615 si
438 1570 554 1615 diem
595 1567 854 1613 monstrarit
885 1567 1023 1612 ullam
1051 1568 1171 1612 intra
1206 1570 1317 1615 1700
1347 1583 1515 1626 annos,
1564 1583 1682 1625 quae
1710 1575 1806 1616 tres
1835 1571 1992 1615 Lunae
2021 1575 2171 1615 motus
2213 1569 2339 1625 (nihil
2369 1568 2488 1613 enim
2543 1571 2546 1574 ⁴

229 1637 284 1681 de
317 1632 476 1681 cete'ris
519 1634 749 1678 erronibus
782 1634 939 1691 dicam)
981 1635 1036 1679 ad
1070 1641 1276 1692 quartas,
1318 1650 1409 1682 non
1441 1637 1540 1683 dico
1573 1637 1780 1693 easdem,
1825 1637 1906 1682 sed
1940 1638 2239 1694 promiscuaS,
2278 1636 2488 1681 restituat

230 1702 454 1748 tolerabili
475 1715 576 1746 cum
608 1699 814 1745 dissidio:
845 1707 954 1746 tunc
975 1715 1057 1758 ego
1091 1702 1349 1747 convulsam
1381 1705 1437 1748 ab
1469 1703 1548 1748 illo
1579 1703 1943 1762 probabilitatem
1977 1704 2064 1749 diei
2096 1703 2331 1749 creationis
2362 1715 2388 1745 a
2417 1713 2488 1744 me

230 1767 489 1826 propositae
521 1767 686 1823 (praec.
718 1768 805 1824 76.)
844 1767 1037 1819 fatebor,
1082 1769 1159 1813 ubi
1201 1767 1346 1813 solum
1378 1769 1608 1827 aphelium
1638 1769 1801 1814 Martis
1843 1783 1899 1815 ex
1945 1769 2148 1814 omnibus
2184 1769 2406 1813 incertum
2440 1770 2489 1811 et

229 1835 330 1880 loco
361 1833 541 1891 quidem
571 1832 774 1889 praecise
805 1831 1071 1878 intermedio
1103 1834 1373 1879 constiterit.

382 1920 428 1967 2)
458 1930 498 1969 p.
524 1918 593 1959 66.
626 1917 728 1957 Tab.
744 1916 853 1958 Rud.
872 1917 1006 1967 capite
1024 1918 1092 1957 32.
1109 1918 1211 1957 haec
1226 1918 1402 1958 habent:
1434 1914 1507 1958 De
1520 1919 1756 1971 postrema
1777 1921 1819 1961 et
1838 1920 2069 1962 menstrua
2088 1915 2303 1973 temporis
2323 1928 2488 1972 aequa·
2537 1914 2549 1919 “

230 1983 352 2029 tione
380 1982 432 2027 in
461 1981 710 2038 eclv‘qasibus.
769 1979 880 2023 Post
910 1986 1145 2025 consumta
1176 1981 1373 2024 omnium
1404 1979 1626 2025 artificum
1659 1980 1846 2025 consilia
1883 1987 1943 2031 (et
1973 1993 2124 2037 curas,
2164 1985 2210 2022 in
2252 1982 2487 2035 manuam),

231 2054 335 2105 post
373 2052 442 2090 tot
482 2045 827 2102 inaequalitates
866 2045 1023 2090 Lunae
1070 2046 1274 2102 prolatas
1317 2046 1362 2089 in
1410 2044 1576 2102 lucem,
1625 2046 1774 2090 adhuc
1819 2052 2061 2092 contumax
2084 2045 2230 2090 'sidus
2273 2045 2487 2102 legesque
2523 2081 2534 2091 .

204 2124 470 2169 respuens,
502 2113 669 2168 passim
702 2109 927 2154 exorbitat
957 2110 1189 2167 minutule,
1223 2110 1478 2185 comprimis
1508 2124 1628 2165 vero,
1659 2113 1836 2157 ratione
1855 2112 2008 2156 multis
2040 2112 2255 2168 exemplis
2286 2125 2488 2168 compro-

232 2177 352 2233 bata,
385 2177 502 2221 circa
523 2182 741 2251 punctum
763 2176 1036 2231 aequinoctii
1057 2177 1182 2220 verni
1206 2176 1349 2222 serius
1370 2177 1454 2220 sub
1478 2176 1628 2220 Solem
1658 2177 1729 2221 vel
1758 2177 1804 2221 in
1827 2177 2026 2223 umbram
2059 2178 2300 2223 succedere
2331 2177 2488 2233 depre·
2550 2167 2554 2179 ’

233 2243 466 2299 henditur,
498 2243 618 2286 circa
648 2240 909 2285 autumnale
939 2242 1180 2294 maturius,
1223 2254 1355 2298 quam
1386 2240 1557 2285 indicat
1587 2242 1789 2286 calculus
1820 2241 2041 2288 hactenus
2073 2242 2339 2300 explicatus.
2400 2239 2490 2287 Sed

234 2308 542 2364 experimenta
567 2295 915 2363 suppeditarunt
945 2307 1166 2352 hactenus
1199 2308 1322 2352 solae
1356 2308 1570 2362 eclipses;
1617 2307 1724 2365 quid
1755 2309 1942 2355 accidat
1961 2310 2134 2364 Lunae,
2168 2322 2268 2353 cum
2300 2308 2488 2352 absente
2548 2309 2549 2313 ’

234 2373 338 2418 Sole
367 2377 537 2428 puncta
566 2372 913 2428 aequinoctialia
942 2371 1125 2429 trajicit,
1157 2386 1287 2418 nemo
1308 2373 1430 2429 quod
1455 2373 1594 2418 sciam
1626 2374 1833 2420 attendit.
1896 2374 2067 2419 Causas
2098 2373 2234 2429 igitur
2262 2371 2489 2429 inquirere

232 2435 516 2491 immaturum
547 2443 617 2483 est
646 2450 730 2494 nec
760 2436 897 2494 hujus
929 2436 1045 2483 libri.

406 2515 454 2553 In
484 2526 686 2556 manuscr.
708 2511 1054 2554 Pulkoviensium
1086 2512 1168 2552 vol.
1200 2512 1310 2565 XX„
1342 2512 1452 2565 quod
1486 2515 1671 2554 continet
1691 2513 1942 2554 Tabularum
1969 2514 2076 2555 Rud.
2107 2514 2357 2562 adversaria,
2388 2514 2510 2555 haec¹

233 2571 333 2612 libri
363 2574 474 2624 typis
506 2574 648 2612 excusi
677 2574 813 2612 verbis
846 2574 1104 2623 inseruntur,
1146 2583 1252 2621 quae
1282 2570 1486 2622 Keplerus
1518 2571 1683 2612 relectis
1714 2573 1960 2613 adversariis
1991 2575 2234 2626 priusquam
2265 2573 2376 2622 typis
2405 2577 2489 2612 tra·
2540 2593 2541 2599 =

236 2638 438 2689 darentur,
473 2639 726 2680 obliteravit:
769 2635 916 2679 Causa
947 2636 993 2678 in
1026 2634 1218 2679 obscuro
1253 2634 1556 2686 estkeffectus
1587 2634 1780 2680 latitudo
1810 2635 2119 2691 inexplorata,
2150 2635 2255 2691 quia
2284 2635 2491 2692 neglecta

235 2701 454 2746 hactenus
475 2701 521 2744 ιιι
543 2703 660 2747 curis
683 2701 939 2757 majoribus,
970 2707 1021 2745 ιιι
1036 2701 1225 2756 nescias,
1259 2700 1442 2745 solaene
1466 2700 1659 2756 eclipses
1679 2700 1998 2755 hoc-habeant,
2031 2712 2087 2743 an
2110 2712 2263 2744 omnes
2288 2701 2503 2759 copulae,

235 2779 292 2810 an
323 2765 515 2822 denique
547 2767 688 2811 omnis
719 2768 878 2812 Lunae
910 2767 1082 2824 phasis.
1146 2766 1355 2823 Suspicio
1388 2779 1551 2812 causae
1582 2778 1774 2823 anceps,
1808 2767 1922 2811 sitne
1954 2766 2195 2823 obliquitas
2226 2767 2325 2823 ipsa
2355 2765 2491 2823 eclip·
2512 2775 2537 2797 -’

235 2831 365 2884 ticae,
398 2843 454 2874 an
486 2832 591 2887 quia
620 2831 753 2891 hodie
786 2831 902 2877 Solis
933 2833 1225 2888 aequationes
1257 2832 1328 2876 his
1358 2831 1470 2877 locis
1502 2836 1606 2876 sunt
1637 2832 1859 2877 maximae
1891 2838 1935 2876 et
1958 2830 2034 2876 Sol
2064 2833 2110 2876 in
2130 2833 2284 2877 Ariete
2314 2845 2491 2890 promo·
2519 2861 2533 2894 χ

234 2899 345 2955 tior,
386 2897 433 2941 in
462 2896 600 2941 Libra
627 2898 885 2954 retractior,
924 2911 1059 2955 quam
1092 2902 1162 2942 est
1192 2903 1342 2943 motus
1374 2896 1563 2942 medius.
1623 2897 1686 2942 Et
1717 2896 1964 2942 deserimur
1994 2897 2049 2942 ab
2091 2897 2340 2943 observatis
2369 2898 2491 2944 illius
2531 2901 2536 2911 '

234 2965 463 3020 temporis,
497 2965 676 3020 quando
706 2966 821 3009 haec
852 2973 979 3011 erant
1009 2966 1064 3010 ab
1095 2965 1285 3013 invicem
1315 2966 1538 3021 sejuncta.
1599 2965 1647 3010 Si
1678 2964 1795 3010 Solis
1826 2976 2076 3020 apogaeum
2107 2965 2489 3020 aequationesque
2528 3019 2529 3023 Ἰ

234 3031 523 3074 moderantur
558 3030 675 3075 hanc
715 3031 1108 3087 inaequalitatem,
1150 3045 1242 3075 ιιοιι
1279 3031 1334 3076 fit
1371 3032 1418 3076 id
1458 3044 1539 3087 per
1579 3032 1853 3088 quantitates
1892 3030 2221 3087 aequationum.
2285 3029 2332 3074 Si
2369 3031 2488 3075 enim
2526 3074 2528 3077 .

235 3095 418 3151 planum
447 3095 651 3151 aliquod,
671 3101 743 3140 «ut
771 3107 872 3140 cum
908 3097 1180 3142 mechanicis
1212 3097 1395 3153 loquar,
1434 3097 1491 3141 ad
1521 3097 1685 3142 lineam
1727 3097 1820 3141 veri
1858 3101 2007 3139 motus
2039 3094 2155 3141 Solis
2186 3086 2528 3154 affigeremus,.'

238 3173 372 3217 super
402 3172 490 3215 quo
521 3160 679 3204 Lunae
708 3161 882 3205 medius
912 3168 1036 3207 totus
1065 3162 1317 3216 incederet,
1348 3163 1596 3208 retardatio
1627 3164 1742 3206 haec
1773 3166 1818 3206 et
1846 3161 2113 3206 acceleratio
2143 3161 2264 3206 ultra
2293 3164 2320 3207 4
2350 3163 2487 3211 horas

239 3229 532 3270 excresceret.
592 3225 730 3281 Atqui
772 3226 915 3270 omnis
960 3240 1013 3271 ea
1042 3227 1160 3280 intra
1198 3228 1429 3273 semissem
1471 3229 1609 3273 horae
1639 3226 1940 3282 restringitur.
2000 3228 2223 3283 Quidnam
2252 3228 2389 3283 igitur
2418 3232 2489 3272 est

238 3291 366 3344 illud,
385 3291 504 3347 quod
531 3297 570 3347 3>
593 3292 702 3337 facit
718 3284 912 3350 a-E-per
932 3298 970 3347 z
998 3296 1045 3339 in
1063 3299 1115 3343 V
1133 3296 1308 3341 tardam
1328 3295 1550 3353 incedere,
1584 3296 1639 3340 ab
1664 3298 1716 3342 V
1732 3307 1816 3351 per
1833 3293 1920 3344 Ξ
1906 3307 2032 3343 ιιι,-.
1973 3295 2031 3322 Λ
2047 3293 2276 3338 velocius?
2309 3293 2356 3338 Si
2377 3292 2486 3337 obli·
2519 3312 2522 3322 ·

242 3357 389 3412 quitas
407 3358 664 3414 eclipticae
652 3374 697 3403 ιιι
714 3373 851 3405 causa
868 3367 1001 3420 esset,
1034 3357 1190 3408 eadem
1208 3370 1277 3409 est
1291 3364 1428 3420 hujus
1443 3363 1690 3420 quantitas,
1720 3360 1960 3407 australis
1947 3374 1995 3404 ιιι
2015 3363 2054 3412 z
2083 3364 2128 3403 et
2141 3358 2365 3404 borealis
2352 3362 2467 3403 1n0⁴
2413 3373 2484 3417 ,μς

239 3424 370 3468 Luna
386 3436 490 3467 vero
506 3423 752 3477 ι11ιοιιιιᾶει,
767 3426 840 3471 hic
856 3427 1002 3471 velox.
1022 3428 1069 3490 Si
1087 3429 1203 3473 Solis
1223 3428 1434 3474 motusin
1450 3442 1600 3480 eausa,
1619 3439 1736 3483 quae
1753 3425 1837 3470 erit
1852 3425 2128 3481 antipathiae
2143 3425 2272 3481 ratio,
2290 3428 2347 3469 ιιι
2354 3425 2492 3469 Luna

238 3487 332 3532 illic
349 3488 407 3532 sit
421 3487 563 3540 tarda,
594 3488 670 3532 ubi
686 3490 772 3533 1ste
793 3491 937 3548 velox,
961 3491 1023 3536 1b1
1039 3505 1142 3536 vero
1158 3493 1303 3546 velox
1334 3493 1412 3541 ubi
1431 3493 1518 3537 iste
1544 3493 1716 3553 tardus,
1749 3495 1795 3534 et
1824 3489 1870 3533 id
1899 3489 2083 3534 modulo
2105 3490 2313 3534 diverso?
2344 3490 2504 3534 Estne·

242 3554 290 3598 ιιι
318 3565 368 3597 re
399 3553 512 3609 ipsa,
544 3554 665 3607 quod
695 3558 932 3602 memoriae
959 3558 1188 3613 juvandae
1218 3571 1356 3602 causa
1385 3559 1508 3611 finxi,
1538 3558 1682 3614 ipsius
1702 3555 1835 3613 primi
1864 3555 2042 3600 mobilis
2063 3555 2337 3601 volutionem
2364 3554 2488 3599 diur

240 3631 344 3664 nam
373 3623 601 3663 menstrua
629 3619 934 3678 vicissitudine
964 3623 1138 3667 intendi
1168 3630 1213 3668 et
1242 3623 1423 3675 remitti,
1455 3629 1506 3667 ut
1535 3624 1666 3667 Luna
1694 3634 1777 3678 per
1812 3625 1851 3674 z
1893 3620 2145 3674 incedente,
2179 3633 2267 3676 quo
2299 3620 2399 3664 loco
2428 3618 2487 3683 Θ

243 3689 443 3730 centrum
473 3683 616 3743 'velox
661 3688 746 3734 est,
791 3688 1057 3740 proveniant
1096 3688 1351 3733 volutiones
1394 3688 1574 3733 veloces
1614 3693 1660 3731 et
1705 3686 1769 3730 sic
1810 3686 1915 3742 plus
1957 3685 2172 3741 temporis
2216 3685 2486 3742 apparentis,

246 3750 411 3806 quippe
443 3747 689 3804 accelerati,
722 3750 986 3794 obtrudatur
1017 3755 1159 3797 motui
1186 3755 1344 3805 Lunae
1374 3754 1420 3797 ιιι
1449 3754 1539 3798 illis
1571 3746 1730 3810 signis,
1764 3752 1928 3795 ceteris
1958 3751 2163 3808 paribus;
2197 3755 2244 3794 at
2279 3751 2409 3795 Luna
2437 3750 2493 3794 ιιι
2511 3764 2519 3817 3

244 3821 297 3867 Ξ
332 3816 564 3872 existente,
597 3814 757 3861 diurna
785 3816 1004 3861 revolutio
1037 3819 1292 3865 tarditatem
1323 3819 1443 3866 illam
1476 3820 1619 3866 centri
1649 3817 1779 3874 Solis,
1810 3829 1894 3874 per
1922 3817 1970 3863 id
2001 3817 2176 3873 signum
2198 3817 2357 3865 euntis,
2386 3815 2515 3881 ipsaj
