2554 4140
835 140 972 186 Liber
1001 141 1189 186 Primus.
1249 141 1362 185 Pars
1393 139 1616 186 Secunda.
2248 146 2347 193 137

247 288 324 335 Ita
362 286 558 349 quidem
597 288 789 336 Brunus
830 295 878 337 et
917 295 1138 338 veterum
1179 290 1343 352 aliqui.
1422 288 1488 336 At
1525 302 1620 335 non
1661 289 1899 350 sequitur,
1954 290 1993 336 si
2034 294 2195 337 centra
2236 289 2358 336 fixa-

95 375 201 407 rum
238 374 334 407 non
374 366 487 407 sunt
539 363 587 406 in
638 361 809 409 eadem
857 362 1110 426 superficie
1150 362 1417 425 sphaerica,
1459 367 1713 424 propterea
1752 363 2024 424 regionem,
2079 376 2164 425 per
2212 376 2357 425 quarn

96 439 210 480 sunt
247 433 492 494 dispersae
530 433 671 492 fixae,
717 449 825 483 esse
866 435 1183 497 undiquaque
1222 436 1315 483 sibi
1355 434 1576 483 similem.

240 504 404 552 Habet
443 506 570 553 enim
610 505 693 554 illa
733 509 931 556 omnino
960 523 1170 556 vacuum
1211 508 1422 571 aliquem
1454 509 1612 555 sinum
1653 521 1926 568 cavumque
1952 508 2136 569 ingenS,
2178 522 2207 555 a
2234 507 2358 555 fixa-

98 592 200 624 rum
238 579 444 639 agmine,
488 579 740 627 confertim
780 581 1086 640 circumfus0,
1129 596 1216 629 ceu
1255 596 1286 629 a
1321 594 1459 628 muro
1500 579 1578 628 vel
1606 579 1786 627 fornice
1826 579 2038 640 quodam
2078 581 2358 629 conclusum

100 657 151 697 et
190 651 619 713 circumscriptum,
664 659 712 700 et
750 654 799 699 in
839 653 983 717 hujus
1022 655 1129 701 cavi
1170 655 1378 716 ingentis
1416 652 1671 716 complexu
1695 650 1863 699 Tellus
1905 659 2070 701 nostra
2109 668 2216 702 cum
2244 653 2358 703 Sole

96 730 147 769 et
200 722 354 770 stellis
403 723 668 773 mobilibus
706 739 843 773 com-

96 794 334 856 prehensa
373 801 461 843 est.
518 797 633 842 Vide
666 798 842 853 subjec-

98 871 190 906 tam
221 863 426 919 figuram.

214 939 360 1001 Quod
398 940 545 987 habes
583 942 734 1000 hujus
773 945 851 988 rei

100 1014 507 1073 (tryumentumP
582 1012 635 1061 Si
710 1016 848 1075 regio

101 1086 303 1132 lixarum
362 1085 578 1147 undique
631 1086 852 1134 similiter

101 1164 230 1206 esset
268 1160 454 1205 consita
489 1158 663 1218 stellis,
705 1161 852 1206 etiam

101 1233 146 1276 in
220 1232 401 1278 vicinia
468 1233 618 1278 nostri
682 1232 851 1278 mundi

101 1303 308 1362 mobilis,
350 1305 420 1351 sic
458 1310 510 1350 ut
536 1305 657 1350 situs
686 1303 853 1351 mundi

101 1376 330 1437 Solisque
357 1378 509 1424 nostri
542 1376 726 1424 nullam
762 1377 853 1424 ha-

102 1451 236 1496 beret
293 1449 590 1510 peculiarem
647 1452 853 1497 circum-

101 1523 413 1583 scriptionem
453 1537 568 1584 prac
608 1525 703 1570 situ
730 1522 853 1569 fixae

99 1595 324 1655 alicujus,
342 1602 455 1643 tunc
468 1602 754 1657 apparerent
767 1610 854 1643 no·

101 1670 175 1713 his
195 1681 382 1729 paucae
405 1668 601 1730 aliquae
622 1668 746 1716 fixae
775 1670 854 1714 in-

102 1751 298 1801 gentes,
355 1756 442 1788 ncc
495 1742 621 1788 ultra
662 1740 854 1789 duode-

107 1816 200 1860 cim
253 1811 393 1878 (quot
443 1814 649 1875 angulos
706 1813 855 1860 habet

106 1885 415 1945 icosaedron)
480 1892 680 1948 possent
747 1901 854 1935 esse

104 1974 271 2006 omnes
299 1958 516 2020 ejusdem
552 1975 581 2006 a
607 1960 747 2007 nobis
777 1959 854 2006 di-

102 2033 310 2080 stantiae
367 2039 414 2081 et
474 2032 849 2094 magnitudinis3

101 2104 416 2154 succedentes
440 2105 518 2152 his
546 2105 676 2152 haud
695 2105 848 2153 multo

101 2178 261 2240 plures
300 2178 532 2227 haberent
564 2179 667 2240 jam
697 2176 975 2227 distantiam
1015 2177 1313 2241 duplicatam
1349 2180 1692 2240 proximarum,
1733 2177 1858 2226 aliae
1901 2178 2174 2240 superiores
2212 2170 2371 2238 tripli-

102 2259 261 2300 catam
300 2257 348 2299 et
385 2253 455 2299 sic
494 2258 846 2314 consequenter
883 2266 1073 2314 semper
1110 2251 1520 2314 multipliciorem.
1552 2246 1592 2315 ⁹)

247 2323 322 2372 Ac
375 2338 483 2372 cum
537 2326 752 2373 omnium
803 2326 1045 2374 maximae
1096 2331 1196 2373 tam
1243 2331 1513 2388 appareant
1550 2338 1759 2387 parvae,
1818 2329 1870 2370 ut
1909 2324 1991 2371 vix
2030 2321 2370 2371 instrumentis

102 2398 292 2459 possint
329 2399 485 2445 notari
525 2404 610 2446 aut
646 2400 940 2446 mensurari:
983 2413 1108 2460 quae
1147 2399 1295 2460 igitur
1333 2397 1483 2460 duplo
1523 2403 1608 2445 aut
1647 2396 1791 2459 triplo
1831 2403 1920 2445 etc.
1967 2396 2204 2445 distarent
2256 2394 2368 2443 lon-

103 2473 226 2532 gius,
268 2469 416 2533 duplo
457 2477 505 2518 et
544 2471 687 2534 triplo
727 2478 1016 2534 apparerent
1054 2473 1280 2530 minoreS,
1320 2473 1496 2534 positis
1530 2471 1821 2533 aequalibus
1862 2470 1980 2532 ipsis
2022 2470 2151 2518 veris
2180 2469 2373 2531 magni-

103 2543 380 2604 tudinibuS,
430 2545 625 2606 citoque
676 2546 920 2593 veniretur
975 2543 1035 2591 ad
1095 2559 1206 2604 eaS,
1262 2559 1389 2607 quae
1444 2546 1639 2607 penitus
1694 2544 1865 2592 fierent
1917 2542 2251 2591 insensibiles:
2305 2542 2373 2588 ita

105 2618 425 2678 paucissimae
466 2617 744 2665 viderentur
782 2617 967 2676 stellae,
1010 2632 1193 2680 eaeque
1233 2618 1280 2663 in
1319 2619 1535 2666 maxima
1573 2617 1857 2666 differentia.

254 2690 319 2736 At
358 2704 473 2738 vero
515 2693 809 2738 contrarium
847 2697 1063 2753 apparet.
1142 2690 1379 2739 Videmus
1420 2692 1548 2739 enim
1601 2690 1723 2738 fixas
1763 2688 2112 2752 magnitudinis
2154 2686 2373 2749 ejusdem

108 2764 388 2824 apparentis
427 2762 573 2811 valde
613 2764 854 2811 confertas
894 2766 1116 2821 invicem,
1159 2762 1283 2812 adeo
1324 2770 1379 2811 ut
1419 2765 1684 2812 astronomi
1719 2762 1892 2811 Graeci
1933 2777 1991 2810 ex
2030 2760 2376 2823 insignioribus

106 2843 356 2883 numerent
394 2836 542 2895 mille,
584 2835 795 2885 Hebraei
837 2836 1062 2884 undecim
1102 2836 1285 2896 millia3
1339 2851 1427 2884 nec
1476 2838 1546 2885 ita
1597 2851 1775 2898 magna
1815 2842 1888 2883 est
1942 2834 2213 2883 differentia
2252 2834 2376 2881 inter

108 2916 399 2970 apparentes
452 2909 653 2956 fixarum
712 2908 1090 2971 magnitudines.
1176 2909 1274 2957 Tot
1325 2911 1474 2972 igitur
1530 2923 1730 2958 numero
1787 2907 1956 2956 stellas
2011 2906 2206 2970 aequali
2267 2908 2372 2955 visu

108 2988 298 3043 oportet
335 2996 430 3028 non
474 2981 617 3029 valdc
659 2982 1000 3043 inaequalibus
1040 2981 1313 3030 intervallis
1350 2998 1380 3030 a
1419 2983 1561 3030 nobis
1601 2983 1790 3030 abesse.

251 3054 412 3114 Quare
452 3070 561 3102 cum
600 3054 742 3102 nobis
799 3055 1001 3102 fixarum
1042 3055 1190 3103 facies
1231 3063 1468 3117 appareat
1520 3054 1735 3117 undique
1783 3052 2135 3116 propemodum
2190 3051 2375 3110 eadem,

108 3126 237 3187 quod
277 3127 664 3189 magnitudinem
703 3134 751 3175 et
789 3126 1146 3175 multitudinem
1188 3127 1437 3175 stellarum
1478 3129 1678 3187 attinet,
1737 3126 1952 3189 undique
2008 3128 2153 3188 igitur
2195 3140 2375 3188 prope-

110 3198 303 3247 modum
345 3201 635 3263 aequalibus
675 3199 946 3248 intervallis
986 3215 1133 3262 supra
1170 3214 1258 3247 nos
1302 3202 1389 3246 erit
1417 3200 1628 3248 sublata.
1707 3201 1794 3248 Est
1821 3202 1966 3262 igitur
2004 3201 2175 3262 ingens
2203 3213 2377 3247 cavum

110 3273 154 3318 in
196 3273 355 3321 medio
396 3276 609 3336 regionis
649 3274 851 3321 fixarum
890 3274 1348 3334 concameratioque
1387 3273 1591 3321 fixarum
1633 3273 1833 3321 evidens
1874 3275 2052 3322 circum
2103 3278 2151 3320 et
2200 3286 2288 3319 nos
2329 3273 2375 3317 in

42 3370 45 3388 ³
110 3345 215 3405 eJ'us
257 3347 526 3409 complexu.

256 3437 306 3479 In
339 3438 488 3482 balteo
512 3437 690 3481 Orionis
724 3441 829 3480 sunt
853 3442 941 3479 tres
967 3447 1153 3490 magnac
1189 3435 1360 3490 stellae,
1396 3449 1511 3490 quae
1533 3437 1590 3481 ab
1612 3436 1799 3482 invicem
1825 3437 1995 3482 distant
2015 3435 2250 3481 intervallo
2283 3436 2377 3488 83¹3

110 3515 225 3556 pone
259 3503 639 3547 semidiametrum
672 3504 805 3547 unius
839 3515 1057 3559 apparere
1090 3502 1223 3544 unius
1256 3501 1413 3545 minuti
1444 3507 1634 3555 tantum,
1667 3509 1910 3559 appareret
1941 3515 2048 3561 ergo
2090 3502 2205 3545 visui
2237 3501 2280 3543 in
2315 3499 2379 3543 al-

111 3574 206 3612 tera
236 3571 480 3613 constituto
513 3570 597 3621 83¹,
628 3569 714 3612 hoc
747 3574 816 3612 est
845 3574 937 3610 tres
968 3566 1062 3610 sere
1098 3566 1225 3609 Soles
1257 3566 1371 3618 lata,
1413 3567 1553 3611 octies
1586 3567 1630 3611 in
1665 3569 1904 3626 superficie
1942 3569 2087 3624 major
2128 3568 2226 3623 ipso
2261 3564 2378 3609 Sole.

113 3635 210 3678 Non
248 3643 318 3678 est
349 3637 485 3689 igitur
516 3637 618 3681 talis
653 3642 922 3691 prospectus
956 3647 1011 3676 cx
1045 3647 1134 3676 nna
1167 3632 1368 3687 qualibet
1398 3634 1490 3677 fixa
1521 3634 1565 3678 in
1597 3639 1795 3689 ceteraS,
1842 3635 1986 3691 qualis
2020 3648 2074 3680 ex
2107 3639 2261 3677 nostro
2294 3632 2379 3674 hoc

18 3716 22 3725 ·
52 3737 53 3740 ,
113 3702 276 3745 mundo
299 3702 343 3746 in
365 3701 480 3746 fixas
512 3709 593 3756 cst,
628 3702 896 3757 longiusque
928 3699 1141 3743 absumus
1165 3712 1190 3742 a
1211 3698 1313 3743 fixis
1346 3698 1549 3755 singulis,
1585 3713 1716 3754 quam
1740 3701 1859 3745 fixae
1890 3700 2063 3745 vicinae
2095 3712 2120 3742 a
2144 3711 2193 3743 se
2223 3697 2350 3754 ipsis.

263 3785 368 3833 Cur
406 3787 483 3833 hic
520 3788 676 3833 uteris
714 3784 960 3833 icosarzdm·
995 3783 1202 3844 liyura?
1275 3782 1405 3844 Quia
1431 3789 1667 3845 quantum
1709 3785 1755 3830 in
1790 3801 1850 3833 ea
1890 3786 2029 3833 abest
2068 3783 2276 3844 angulus
2316 3783 2378 3829 ab

116 3858 308 3921 augum,
350 3865 538 3908 tantum
577 3865 663 3907 aut
700 3872 796 3906 non
839 3857 992 3906 multo
1034 3857 1191 3904 minus
1231 3856 1410 3905 absunt
1448 3857 1616 3923 anguli
1646 3871 1812 3909 omnes
1852 3872 1882 3909 a
1922 3862 2112 3918 centro3
2154 3861 2269 3918 apta
2307 3862 2380 3904 est
