2554 4140
185 140 290 189 200
514 162 518 165 Δ
952 113 962 121 ²
1007 128 1245 186 Epitomes
1276 118 1593 172 Astronomiae

328 284 376 330 4.
428 281 644 329 Ratione
679 278 874 342 fiyurae
912 277 1159 342 quomodo
1184 276 1360 325 circuli
1384 275 1626 336 sphaerae
1664 275 2091 337 distinyuuntur?
2141 267 2337 322 Omnes·
2361 274 2446 321 alii
2519 334 2523 340 ‚
2549 294 2554 300 ·

184 353 441 404 latitudine
493 357 684 413 carent,
739 352 874 400 solus
925 351 1154 401 zodiacus
1204 365 1312 398 cum
1364 348 1534 410 aliqua
1567 347 1968 408 latitudine-est,
2022 347 2158 395 limbi
2203 347 2448 409 sphaerici

185 429 355 491 figura.

337 498 586 546 Armillae
611 504 785 546 tamen
821 498 942 545 illae
968 497 1238 544 circulares
1274 508 1444 542 omnes
1470 494 1701 555 aliquam
1738 493 1961 543 obtinent
1986 493 2278 555 crassitiem,
2317 506 2448 553 quae

185 574 487 622 extrinsecus
524 577 571 619 et
605 573 906 619 intrinsecus
943 569 1084 616 limbi
1130 568 1354 629 fiyuram
1400 568 1777 628 repraesentat.¹
1836 565 1895 612 Id
1944 579 2133 612 rursum
2184 563 2237 610 fit
2275 577 2446 612 neces—

187 647 331 694 sitate
369 644 583 692 fabricae
634 657 790 706 eoque
827 644 878 689 in
917 642 1027 689 aliis
1063 641 1278 687 materiis
1316 638 1416 686 alia
1453 645 1528 687 est
1566 640 1834 699 crassities;
1888 638 2182 686 constructio
2225 650 2341 685 vero
2379 637 2448 685 sic

108 711 115 717 ’
189 723 261 767 est
298 723 480 781 aptata,
520 722 577 765 ut
613 715 895 765 alterutrum
933 712 1240 783 solummodo
1279 711 1409 759 latus
1444 711 1574 759 illius
1611 726 1802 760 crassae
1829 710 2047 759 armillae
2086 710 2264 758 lineam
2291 711 2449 758 circu-

171 791 353 850 ¹larem,
394 791 474 839 cui
510 804 687 841 nomen
728 794 776 836 et
815 788 1024 835 officium
1065 785 1234 834 circuli
1274 786 1519 847 competit,
1560 784 1803 833 exhibeat.

334 865 381 911 5.
433 862 692 926 Quomodo
728 864 859 908 inter
896 875 944 907 se
981 858 1226 921 differunt
1263 859 1440 909 circuli
1472 859 1670 907 ratione
1705 860 1828 906 situs
1866 855 1936 913 ad
1971 861 2165 903 motum
2189 855 2452 917 primum?

190 937 446 998 Aequator
483 950 568 999 per
605 934 816 982 mediam
855 932 1128 995 sphaeram,
1170 937 1222 978 ut
1253 945 1331 983 ¹ea·
1358 935 1607 990 movetur,
1664 929 1915 978 traductus
1955 935 2029 976 est
2065 928 2235 990 regula
2273 936 2451 987 motus,

188 1009 365 1070 reliqui
405 1007 468 1056 ad
508 1007 646 1054 illum
685 1005 765 1053 vel
803 1005 920 1053 recti
959 1010 1098 1064 sunt,
1151 1010 1204 1051 ut
1240 1003 1536 1051 meridianus
1576 1009 1624 1051 et
1663 1003 1758 1051 duo
1798 1001 1977 1061 coluri,
2028 1001 2107 1049 vel
2149 1000 2358 1063 obliqui,
2398 1008 2453 1049 ut

190 1081 438 1140 zodiacuS,
480 1080 561 1129 vel
600 1081 646 1128 ei
684 1076 920 1142 paralleli,
961 1083 1015 1125 ut
1055 1077 1150 1124 duo
1190 1078 1364 1139 tropici
1403 1082 1451 1125 et
1489 1076 1586 1124 duo
1613 1075 1819 1139 polares,
1861 1077 1909 1121 in
1950 1074 2130 1136 quibus
2162 1075 2308 1122 etiam
2346 1075 2453 1138 ipse

192 1153 537 1218 parallelorum
560 1154 819 1200 ,maximus
859 1156 933 1199 est
972 1150 1160 1210 dictus;
1206 1149 1404 1197 ultimus
1454 1149 1656 1197 horizon
1695 1163 1781 1212 pro
1822 1148 2028 1196 diversis
2067 1145 2304 1208 sphaerae
2342 1149 2452 1194 siti-

191 1228 299 1287 bus,
338 1228 564 1273 nimirum
607 1239 693 1288 pro
735 1224 940 1272 diversis
979 1225 1028 1270 in
1067 1222 1220 1271 Terra
1257 1223 1670 1281 habitationibuS,
1706 1222 1810 1284 jam
1849 1226 2008 1268 rectus
2048 1226 2144 1280 est,
2180 1210 2300 1282 jam'
2324 1219 2454 1268 obli-

192 1314 331 1363 quuS,
368 1299 471 1361 jam
511 1297 789 1346 coincidens
828 1311 939 1345 cum
976 1301 1243 1358 aequatore
1282 1302 1330 1343 et
1369 1297 1438 1343 sic
1476 1298 1599 1343 inter
1638 1292 1915 1357 parallelos,
2375 1325 2381 1329 -

337 1373 384 1420 6.
447 1370 671 1419 Tandem
716 1377 775 1418 ut
823 1369 1068 1432 differunt
1104 1372 1235 1417 inter
1271 1383 1320 1415 se
1359 1368 1536 1416 circuli
1571 1369 1770 1416 ratione
1808 1365 2006 1415 motus?
2073 1364 2229 1413 Aliter
2266 1367 2455 1414 ratione

192 1445 428 1508 sphaerae
471 1442 750 1504 materialiS,
792 1443 932 1491 aliter
967 1444 1157 1490 ratione
1194 1440 1374 1489 mundi.
1459 1439 1634 1502 Quoad
1685 1439 1965 1503 sphaeram,
2019 1436 2292 1487 immobiles
2342 1444 2454 1486 sunt
2509 1440 2512 1447 '

189 1519 388 1566 horizon
430 1523 477 1565 et
515 1516 837 1577 meridianuS,
878 1517 1023 1564 ceteri
1060 1514 1266 1563 mobiles
1317 1528 1510 1575 omneS‚
1559 1514 1740 1577 quippe
1789 1513 1951 1571 visuS,
2003 1510 2175 1559 horum
2212 1509 2454 1579 'immobi-
2489 1528 2511 1546 *-

190 1591 309 1639 lium
359 1595 529 1638 auctor
578 1595 626 1638 et
674 1591 836 1650 orig0,
887 1587 1078 1650 judicat
1119 1602 1172 1636 se
1222 1589 1488 1651 quiescere.
1568 1586 1633 1633 At
1684 1584 1847 1648 quoad
1887 1587 2045 1649 ipsum
2085 1583 2346 1646 mundum,
2401 1583 2457 1632 fit

192 1665 498 1727 centrarium,
536 1677 648 1710 nam
687 1661 822 1710 solus
863 1661 1065 1709 horiz'on
1104 1666 1151 1710 et
1188 1659 1483 1709 meridianus
1521 1657 1754 1707 mundani
1789 1663 2076 1715 moventur,
2117 1663 2300 1706 tractus
2340 1670 2455 1707 vero

192 1736 330 1798 coeli,
370 1739 417 1784 in
457 1750 580 1801 quos
619 1736 764 1784 ceteri
803 1731 1098 1797 competunt,
1140 1735 1410 1797 quiescunt.
1486 1732 1711 1795 Denique
1752 1711 1915 1794 quha'd
1949 1730 2163 1790 Terram,
2205 1738 2456 1794 aequator,

193 1810 288 1858 duo
327 1810 500 1873 tropici
537 1814 585 1857 et
624 1808 720 1857 duo
747 1807 941 1871 polares
979 1809 1026 1854 in
1066 1822 1124 1871 ca
1163 1807 1296 1855 affixi
1334 1811 1446 1854 sunt
1484 1804 1751 1854 meridiano
1793 1811 1840 1852 et
1871 1804 2109 1852 horizonti
2148 1802 2259 1865 loci,
2302 1810 2349 1852 et
2387 1805 2458 1853 sic

167 1897 301 1939 ,cum
339 1888 443 1931 tota
468 1882 618 1941 Terra
656 1888 767 1930 sunt
805 1881 1027 1930 mobiles.
1104 1879 1243 1928 Haec
1280 1893 1427 1943 supra
1464 1885 1578 1927 sunt
1615 1877 1859 1942 explicata
1898 1876 2088 1926 clarius.
2302 1935 2306 1939 ἱ

343 1956 486 2020 Quae
521 1961 590 2003 est
626 1968 781 2003 eausa
819 1954 970 2014 hujus
1008 1952 1377 2015 discrepantiae
1413 1954 1544 2000 inter
1591 1951 1803 2000 circulos
1849 1948 2071 1999 Terrae?
2125 1949 2287 1998 Causa
2335 1962 2456 1998 con-

192 2029 320 2077 sistit
369 2031 419 2076 in
478 2028 625 2076 variis
680 2023 1132 2091 et'multiplicibus
1196 2026 1366 2075 usibus
1427 2024 1692 2074 materialis
1747 2021 1999 2088 sphaerae.
2102 2022 2225 2071 Nam
2281 2025 2323 2070 si
2381 2022 2460 2071 hic

193 2102 350 2150 solum
390 2096 518 2150 esset
556 2114 677 2148 usus
709 2099 832 2162 ejuS,
871 2106 928 2148 ut
965 2106 1013 2148 et
1049 2101 1154 2163 ipse
1193 2106 1240 2147 et
1263 2097 1452 2161 reliqui
1491 2097 1713 2162 paralleli
1753 2095 2091 2157 ostenderent,
2128 2109 2293 2160 ‘super
2331 2109 2458 2158 quo·

160 2189 297 2234 ¹rum
337 2174 517 2224 Terrae
570 2173 789 2221 locorum
830 2173 1034 2221 vertices
1072 2171 1306 2237 incedant·
1339 2171 1424 2219 illa
1463 2170 1719 2235 eclipticae
1758 2174 1963 2233 puncta,
2016 2182 2143 2232 quae
2194 2169 2244 2216 in
2284 2171 2462 2218 unum-³
2497 2162 2503 2227 f

194 2261 441 2310 quemque
463 2244 1106 2310 'parallelorum'inciduntz
1146 2250 1262 2294 tunc
1300 2245 1349 2292 in
1388 2244 1595 2307 sphaera
1634 2257 1801 2292 omnes
1840 2241 2061 2305 paralleli
2100 2243 2372 2307 potuissent
2411 2247 2460 2292 et
2498 2284 2500 2286 ,

195 2320 478 2386 debuissent
515 2319 650 2380 affigi
688 2316 954 2367 meridiano
994 2318 1194 2381 fierique
1232 2317 1534 2379 immobiles3
1592 2318 1719 2365 sicut
1757 2318 1804 2363 in
1845 2314 1995 2364 Terra
2034 2321 2147 2364 sunt
2184 2314 2341 2364 eidem
2383 2315 2459 2363 af·
2490 2344 2495 2347 -

196 2387 519 2458 fixi,‘quippe
559 2405 667 2440 cum
704 2391 753 2438 hi
796 2391 961 2440 circuli
999 2393 1152 2455 primo
1192 2392 1341 2439 insint
1379 2390 1556 2439 Terrae
1595 2389 1806 2454 indeque
1845 2388 1891 2435 in
1933 2387 2122 2438 coelum
2161 2402 2246 2452 per
2282 2387 2460 2452 imagi-
2501 2432 2504 2446 ἶ

194 2468 442 2514 nationem
481 2464 843 2514 transferantur.
918 2464 1044 2513 Nam
1083 2470 1198 2513 tunc
1234 2464 1406 2513 oculus
1448 2463 1650 2526 fingeret
1689 2464 1783 2511 sibi
1820 2460 1955 2510 aliud
1995 2463 2136 2526 quasi
2170 2460 2488 2523 tabulatum,

195 2545 281 2587 aut
320 2538 468 2586 alium
507 2539 742 2586 fornicem
781 2542 917 2586 extra
955 2543 1003 2587 et
1040 2552 1188 2602 supra
1227 2536 1416 2587 coelum
1454 2536 1694 2598 ultimum,
1734 2535 1825 2584 sub
1854 2548 1951 2598 quo
1992 2533 2146 2584 veluti
2179 2536 2459 2598 quiescente
2499 2526 2502 2564 t

192 2611 397 2660 fixarum
435 2611 654 2674 sphaera.
683 2611 986 2673 decurreret,
1037 2617 1083 2658 et
1121 2617 1237 2660 tunc
1276 2610 1530 2674 quodlibet
1568 2609 1822 2672 eclipticae
1862 2614 2095 2671 punctum
2134 2610 2182 2655 in
2222 2606 2341 2656 illud
2371 2620 2459 2656 ex-

196 2686 348 2733 terius
387 2684 677 2744 tabulatum,
719 2685 766 2730 in
808 2698 903 2746 quo
938 2676 1192 2758 ⁸finguntur
1229 2685 1388 2733 inesse
1428 2682 1720 2740 meridianus
1760 2688 1808 2731 et
1846 2682 2043 2730 horizon
2086 2680 2340 2745 sphaerae,
2379 2682 2459 2728 in-
2499 2702 2503 2744 .'

199 2758 467 2806 scriberent
506 2760 653 2806 etiam
692 2771 807 2805 suos
845 2757 1134 2821 parallelos,
1186 2756 1534 2821 respondentes
1572 2755 1822 2818 parallelis,
1846 2746 2061 2815 Terrae,
2102 2754 2268 2802 itidem
2306 2753 2462 2802 veluti
2500 2746 2501 2754 ’

198 2832 519 2893 quiescentis3
561 2836 609 2879 et
646 2832 717 2878 sic
754 2844 838 2892 per
878 2829 1120 2878 fictionem
1158 2830 1285 2879 hanc
1325 2831 1542 2892 affigeret
1580 2843 1663 2878 eos
1695 2828 1988 2877 meridiano,
2065 2826 2161 2876 Sed
2190 2828 2306 2890 quia
2344 2833 2469 2877 tune

197 2910 378 2965 puncta
417 2903 512 2951 duo
553 2903 821 2967 eclipticae,
862 2905 910 2949 in
951 2904 1128 2965 quibus
1167 2903 1254 2952 illa
1292 2907 1483 2952 secatur
1523 2902 1584 2950 ab
1624 2907 1918 2964 aequatore,
1961 2902 2308 2964 pertransirent
2345 2902 2465 2949 sue-'

201 2977 387 3025 cessive
426 2983 582 3025 totum
622 2981 950 3039 aequatorem,
989 2978 1274 3037 existentem
1312 2975 1632 3034 immobilem,
1673 2981 1908 3038 aequator
1949 2989 2063 3023 vero
2102 2979 2296 3038 propter
2335 2973 2458 3022 alios

201 3063 318 3096 usus
358 3049 526 3098 debuit
565 3051 810 3113 suscipere
849 3063 1074 3097 numeros
1113 3049 1175 3099 ab
1209 3053 1231 3096 1
1265 3048 1327 3097 ad
1355 3050 1474 3110 360,
1514 3050 1651 3095 initio
1680 3062 1776 3109 non
1815 3062 1898 3111 per
1925 3046 2027 3095 dies
2054 3046 2274 3109 singulos
2312 3060 2461 3111 vag0,
2499 3075 2502 3078 -

200 3119 288 3169 sed
338 3128 467 3170 certo
517 3128 564 3171 et
615 3120 880 3183 constanti,
932 3137 999 3171 sc.
1039 3138 1069 3171 a
1105 3124 1320 3171 sectione
1359 3115 1544 3171 vernali
1585 3119 1862 3183 eclipticae:
1917 3121 2062 3182 igitur
2116 3121 2249 3182 affigi
2294 3118 2464 3168 debuit
2495 3114 2535 3146 ‘-

201 3200 438 3255 aequator
475 3195 567 3257 ipsi
607 3195 859 3259 eclipticae
899 3202 947 3244 et
986 3197 1054 3244 sic
1094 3210 1202 3244 cum
1241 3196 1349 3260 ipsa
1387 3192 1611 3258 ecliptica
1648 3193 1885 3257 sphaerae
1923 3192 2026 3241 fieri
2065 3193 2275 3241 mobilis.
2354 3182 2460 3242 Un'o
2499 3228 2502 3236 Δ
2534 3187 2554 3243 ’.ς

201 3280 316 3315 vero
355 3267 698 3330 parallelorum
735 3268 983 3316 affixo-ad
1021 3268 1279 3333 sphaeram
1317 3266 1575 3328 mobilem,
1616 3280 1764 3315 causa
1800 3264 1938 3314 nulla
1976 3271 2092 3327 erat,
2134 3267 2250 3328 quin
2289 3256 2495 3328 reliqui'
2531 3256 2554 3335 ᾗ

159 3372 162 3375 -
199 3338 420 3402 paralleli
474 3355 639 3388 omnes
693 3340 849 3389 eidem
896 3342 1205 3403 affigerentur
1256 3347 1304 3390 et
1358 3356 1457 3405 pro‘
1495 3339 1858 3404 quiescentibus
1896 3338 2065 3387 fierent·
2111 3337 2340 3399 mobiles,
2396 3335 2461 3386 ne'
2505 3335 2554 3416 ῑ1

202 3410 448 3460 videretur
487 3412 680 3461 diversa
719 3427 884 3460 eorum
923 3417 1046 3463 ratio
1087 3430 1236 3463 causa
1275 3415 1492 3478 originis.
1570 3413 1760 3477 Quippe
1812 3411 1873 3460 ad
1922 3426 2038 3460 usus
2086 3425 2251 3461 eorum
2289 3425 2458 3475 parum
2489 3402 2554 3462 ¹5³1

205 3486 419 3544 interest,
458 3499 545 3548 pro
586 3487 949 3547 quiescentibus
990 3502 1095 3536 esse
1134 3487 1358 3541 mobileS.
2451 3533 2455 3538 .
2504 3397 2554 3546 ll

355 3557 611 3621 Quorsum
649 3558 881 3606 conducit
916 3556 1385 3610 haec'admonitio?
1424 3558 1663 3608 Conducit
1700 3556 1764 3605 ad
1800 3555 1908 3617 hoc,
1950 3562 2002 3604 ut
2028 3570 2264 3606 memores
2292 3557 2457 3617 simne,
2479 3547 2554 3623 ’ῐῖ

201 3643 300 3678 ηοη
351 3629 526 3679 debere
576 3643 665 3677 nos
714 3630 992 3692 imaginari,
1048 3636 1190 3694 quasi
1243 3639 1423 3697 puncta
1461 3632 1540 3681 vel
1576 3630 1677 3696 poli
1717 3629 1992 3692 eclipticae,
2043 3635 2128 3677 aut
2166 3629 2257 3678 Sol
2289 3631 2336 3676 in
2376 3628 2460 3677 illa
2486 3634 2554 3690 ’μζ

202 3708 387 3770 puncta
423 3702 657 3764 incidens,
697 3709 1032 3765 pertranseant
1071 3699 1117 3751 in
1156 3720 1254 3754 una
1291 3706 1460 3754 diurna
1487 3703 1789 3754 revolutione
1817 3717 1982 3751 omnes
2020 3700 2131 3752 illas
2157 3702 2292 3763 fixae,
2334 3699 2522 3764 quaeffs
2547 3731 2554 3748 ,·

204 3781 258 3834 in
303 3777 538 3840 cujusque
585 3775 817 3840 parallelo
869 3782 982 3832 sunt
1032 3777 1298 3827 collocatae
1350 3778 1683 3840 circumcirca,
1738 3777 1864 3825 sicut
1900 3777 2074 3826 transit
2111 3789 2255 3840 super
2293 3771 2478 3833 omnes*
2553 3784 2554 3795 ³

2503 3928 2507 3935 .
2534 3881 2554 3973 ,1

2551 3978 2554 4004 1
