2554 4140
169 111 272 160 688
948 104 1224 150 Tabularum
1253 94 1642 163 Rudolphinarum

165 269 196 303 a
232 254 481 317 proposita
529 252 642 312 tibi3
698 266 949 301 excessum
998 252 1267 315 multiplica
1313 252 1364 297 in
1402 252 1755 303 intercolumnii
1800 252 2003 316 graduS,
2059 250 2190 314 quod
2240 250 2414 314 prodit,

166 326 289 375 adde
327 324 389 372 ad
429 330 747 386 coaequatam
786 324 920 373 illam
959 327 1271 389 exscriptam:
1320 325 1389 370 ita
1428 323 1677 372 conficitur
1715 325 1959 374 anomalia
1999 331 2297 386 coaequata,
2338 326 2416 372 cui

165 402 437 460 apponatur
474 395 644 444 titulus
681 396 798 444 add.
838 397 917 446 vel
954 398 1080 446 subt.
1159 397 1212 445 Si
1252 409 1366 443 vero
1418 403 1717 460 proponatur
1769 398 2014 447 anomalia
2060 398 2219 446 media
2268 398 2416 444 serni-

166 468 345 518 circulo
385 468 561 530 maj0r,
614 469 743 532 quod
782 471 842 516 in'
869 469 1012 518 Luna
1059 467 1375 531 spectandum
1415 475 1511 529 est,
1573 469 1768 535 quaudo
1806 471 1942 520 locus
1983 470 2088 533 ejus
2144 468 2419 518 verificatur

165 549 299 590 extra
338 541 568 604 copulas:
622 541 935 591 subtrahatur
973 557 1032 591 ea
1070 559 1099 591 a
1139 541 1316 590 circulo
1370 543 1583 603 integro,
1625 556 1735 590 cum
1771 543 1965 592 residuo
2005 548 2291 605 excerpatur
2331 555 2418 590 co-

165 620 376 677 aequata
428 619 479 661 ut
529 614 661 678 prius
709 621 757 663 et
809 614 932 663 haec
970 617 1186 664 vicissim
1232 614 1483 662 subtracta
1537 629 1567 661 a
1608 612 1763 674 360⁰,
1814 614 2052 678 relinquet
2098 619 2419 678 coaequatam

165 686 466 736 semicirculo
506 686 761 749 majorem,
815 687 873 736 de
912 702 1009 750 qua
1059 687 1408 750 quaerebatur3
1467 688 1556 735 etsi
1607 687 1655 733 in
1693 694 1952 751 praecepto
1990 689 2228 750 generali,
2285 701 2420 735 com-

164 759 367 823 putandi
415 765 576 807 motus
627 759 929 822 planetarum
978 775 1087 819 sex,
1128 774 1226 809 non
1265 761 1356 809 erit
1395 773 1516 822 opus
1559 766 1830 822 coaequata
1879 761 2180 810 semicirculo
2219 760 2419 822 maj0re.

308 832 365 880 In
413 831 506 880 hoc
552 839 812 895 praecepto
854 836 945 882 etsi
996 833 1188 881 videtur
1226 833 1413 881 onerari
1463 831 1728 880 calculator
1773 833 2101 891 subtractione
2147 831 2421 890 anomaliae

172 905 361 954 mediae
400 919 456 953 ex
496 905 666 954 tabula
706 907 767 954 ab
808 904 1054 954 anomalia
1103 905 1265 954 media
1302 906 1572 968 proposita,
1620 912 1672 953 ut
1710 920 1807 968 qua
1850 905 2178 954 subtractione
2215 920 2314 955 non
2349 911 2423 954 est

165 993 289 1042 opus
327 979 376 1025 in
415 977 594 1027 tabulis
633 980 850 1041 usitatis3
901 985 953 1027 at
991 981 1205 1027 vicissim
1243 979 1436 1026 levatur
1473 977 1721 1027 additione
1761 979 2090 1040 aequationis‚
2144 993 2289 1041 quam
2327 981 2422 1026 im-

167 1057 338 1115 perant
387 1051 622 1112 usitatae3
677 1065 766 1099 nec
813 1066 873 1100 ex
918 1053 1198 1100 novationis
1239 1050 1403 1099 studio
1443 1055 1629 1099 mutata
1678 1057 1751 1100 est
1788 1051 1943 1100 forma
1990 1051 2285 1114 tabularum,
2336 1049 2423 1100 sed

168 1126 283 1187 quia
319 1123 474 1172 forma
511 1122 840 1187 hypotheseos
879 1123 1084 1188 physica
1120 1124 1171 1173 id
1209 1123 1492 1189 postulavit.

313 1195 685 1248 Admonitio
739 1196 810 1245 de
859 1196 1043 1246 Luna.
1121 1197 1177 1244 In
1234 1197 1403 1246 tabula
1449 1195 1722 1245 anomaliae
1771 1197 2215 1259 aequationumque
2254 1196 2423 1244 Lunae

165 1284 277 1334 pars
316 1270 624 1332 aequationis
661 1268 866 1333 physica
902 1285 990 1319 seu
1016 1270 1213 1319 inferior
1250 1276 1298 1319 et
1324 1269 1638 1332 scrupulosus
1666 1267 1896 1318 cellarum
1923 1271 2224 1326 sinistrarum
2249 1284 2424 1318 nume-

166 1358 247 1391 rus
288 1356 395 1390 cum
433 1341 527 1389 hac
565 1356 654 1390 sua
693 1344 963 1405 quantitate
1015 1343 1177 1392 locum
1214 1343 1364 1392 habet
1403 1348 1591 1390 tantum
1644 1343 1692 1388 in
1730 1341 2000 1390 interluniis
2045 1349 2092 1390 et
2129 1342 2423 1406 pleniluniiS‚

167 1418 215 1463 in
257 1416 427 1464 ceteris
463 1414 700 1477 phasibus
741 1418 1017 1464 successive
1055 1431 1141 1479 per
1179 1430 1370 1465 menses
1409 1417 1522 1463 anni
1550 1420 1770 1477 augetur,
1811 1414 2132 1478 quoadusque
2171 1418 2220 1463 in
2258 1430 2425 1465 mense

165 1488 310 1553 pleno
361 1489 682 1550 quantitatem
729 1490 949 1550 acquirat
1003 1496 1173 1538 exacte
1228 1487 1426 1551 duplam
1479 1489 1608 1551 ejuS,
1671 1501 1796 1550 quae
1854 1488 1903 1534 in
1945 1488 2116 1537 tabula
2174 1490 2422 1553 reperitur.

169 1560 330 1623 Quare
381 1575 500 1609 usus
548 1560 905 1609 intercolumnii
953 1563 1172 1625 ratioque
1226 1567 1549 1624 coaequatam
1589 1560 1876 1623 excerpendi
1926 1568 2062 1610 extra
2101 1561 2301 1624 copulas
2341 1565 2427 1610 aut

168 1639 328 1682 cessat
378 1639 464 1682 aut
513 1647 608 1681 nou
661 1633 852 1683 sufficit.
928 1634 1103 1697 Itaque
1150 1635 1262 1701 *sola
1310 1635 1452 1683 Luna
1507 1633 1570 1683 ad
1620 1635 1864 1682 sinistram
1915 1636 2226 1696 aequationis
2274 1635 2426 1697 partis

165 1706 414 1770 physicae,
453 1706 568 1754 soris
607 1712 742 1755 extra
782 1706 930 1756 cellas
969 1710 1251 1772 appositae,
1304 1707 1454 1756 habet
1493 1707 1785 1756 differentias
1822 1721 1909 1755 seu
1948 1708 2245 1756 incrementa
2282 1707 2427 1770 hujus

168 1780 474 1842 aequationis
528 1781 677 1843 partis
729 1780 965 1844 physicae
1015 1783 1061 1828 in
1100 1781 1334 1831 descensu
1387 1795 1472 1844 per
1510 1779 1828 1843 quadrantem
1870 1781 2076 1843 primum
2114 1781 2426 1844 superiorem,

169 1852 474 1902 decrementa
510 1866 596 1915 per
633 1853 922 1903 inferiorem.

314 1925 523 1975 Praec.
567 1925 650 1973 83.
725 1926 1021 1975 Invenire
1061 1925 1427 1975 anomaliam
1481 1926 1761 1974 eccentri
1801 1924 2078 1989 alicujus
2125 1926 2425 1990 planetae

166 2012 273 2062 per
311 1997 695 2047 anomaliam
735 1999 1012 2048 mediam.
1087 1999 1140 2047 Si
1178 1998 1423 2048 anomalia
1449 1997 1610 2047 media
1648 1997 1735 2046 tibi
1765 2000 2014 2062 proposita
2040 2002 2258 2062 praecise
2286 2014 2427 2063 repe-

167 2073 287 2120 ritur
323 2073 374 2118 in
413 2086 603 2120 summa
642 2071 845 2120 duorum
877 2085 1184 2122 numerorum
1214 2074 1355 2120 unius
1383 2071 1549 2131 cellae,
1590 2076 1706 2118 tunc
1730 2084 1897 2119 eorum
1921 2074 2143 2135 superior
2169 2078 2243 2122 est
2281 2074 2426 2121 etiam

167 2145 385 2207 praecise
440 2144 687 2193 anomalia
737 2148 967 2205 eccentri,
1021 2147 1244 2207 quaesita
1292 2158 1378 2208 per
1429 2143 1638 2192 mediam
1690 2146 2005 2206 propositam.
2083 2145 2134 2193 Si
2163 2156 2295 2194 ‘vero
2341 2151 2428 2194 tua

168 2217 415 2266 anomalia
453 2217 614 2266 media
650 2231 748 2266 non
786 2219 1001 2281 praecise
1038 2220 1307 2280 reperiatur
1344 2219 1392 2264 in
1431 2216 1662 2265 cellarum
1687 2231 1798 2277 una,
1840 2222 1954 2265 ωηο
1992 2232 2022 2265 a
2046 2220 2299 2282 proposita
2337 2218 2428 2266 tibi

168 2288 331 2338 media
368 2289 597 2338 subtrahe
635 2293 853 2353 proxime
892 2292 1124 2339 minorem
1161 2305 1306 2353 quam
1347 2289 1545 2339 exhibet
1582 2288 1718 2349 cella,
1760 2304 1886 2351 quae
1912 2291 2163 2339 restabunt
2200 2290 2429 2354 scrupula

169 2359 373 2427 prima,
403 2377 462 2411 ea
501 2362 660 2425 adjice
698 2364 907 2412 inventis
961 2365 1008 2410 in
1049 2363 1134 2411 illa
1172 2363 1296 2412 cella
1345 2362 1576 2425 gradibus
1615 2363 1816 2424 integris
1864 2362 2139 2414 anomaliae
2191 2365 2427 2425 eccentri3

173 2435 237 2484 ad
286 2435 500 2485 secunda
549 2435 840 2485 descendere
909 2442 996 2485 aut
1049 2438 1195 2486 etiam
1244 2435 1303 2485 de
1353 2449 1450 2484 uno
1502 2434 1729 2498 scrupulo
1780 2440 2006 2499 satagare
2061 2449 2157 2485 non
2207 2443 2282 2487 est
2336 2436 2430 2485 hoc

169 2507 280 2558 loco
318 2509 525 2572 pretium
566 2523 757 2572 operae.

318 2581 533 2631 Praec.
577 2582 659 2629 84.
736 2582 804 2629 At
852 2582 895 2630 si
947 2580 1006 2630 de
1057 2580 1303 2631 anomalia
1340 2579 1502 2629 media
1553 2593 1648 2629 non
1697 2586 1886 2630 constet
1924 2581 2089 2643 initio,
2141 2581 2227 2632 sed
2264 2583 2428 2632 statim

173 2656 282 2719 ipsa
332 2654 579 2703 anomalia
626 2660 897 2718 coaequata
948 2653 1092 2704 fuerit
1143 2654 1283 2715 data,
1334 2668 1522 2703 rursum
1577 2668 1664 2718 per
1714 2653 1842 2703 hanc
1891 2656 2136 2704 invenitur
2185 2655 2430 2704 anomalia

171 2729 378 2777 eccentri
430 2741 489 2777 ex
535 2727 707 2776 tabula
752 2729 1127 2790 aequationum,
1189 2741 1311 2792 pene
1359 2733 1412 2775 ut
1456 2728 1605 2789 prius·
1691 2726 1873 2775 Datam
1930 2729 2057 2777 enim
2110 2734 2430 2791 coaequatam

171 2815 349 2864 quaere
396 2802 444 2847 in
485 2798 744 2849 columella
795 2799 1035 2862 secunda3
1089 2801 1129 2848 si
1177 2815 1235 2850 ea
1272 2801 1492 2863 praecise
1529 2800 1797 2860 invenitur,
1849 2805 1964 2849 tunc
2015 2815 2074 2850 ex
2118 2801 2431 2865 respondenti

170 2873 295 2922 cella
332 2872 620 2922 columellae
660 2874 886 2922 sinistrae
926 2874 1146 2936 superior
1170 2887 1396 2922 numerus
1438 2873 1527 2921 erit
1563 2873 1672 2935 ipsa
1696 2871 1942 2921 anomalia
1969 2876 2191 2935 eccentri,
2231 2875 2272 2923 si
2313 2888 2428 2923 vero

170 2960 268 2995 non
306 2948 525 3008 praecise
564 2947 812 2996 invenitur
850 2952 1123 3009 coaequata
1161 2948 1208 2993 in
1236 2946 1405 3008 aliqua
1442 2943 1675 2994 linearum
1702 2943 1989 2995 columellae
2015 2946 2273 3008 secundae,
2314 2952 2430 2996 tunc

171 3018 221 3066 id
259 3018 391 3082 quod
443 3034 502 3069 ea
537 3021 755 3082 proxime
792 3020 951 3068 minus
990 3020 1235 3069 invenitur
1279 3021 1328 3066 in
1378 3017 1547 3066 tabula
1599 3017 1915 3067 auferendum
1965 3025 2038 3068 est
2086 3034 2116 3067 a
2155 3025 2430 3082 coaequata

171 3091 261 3138 tibi
300 3090 439 3153 data3
494 3105 620 3154 quae
668 3093 931 3141 restiterint
980 3107 1069 3141 scr.
1108 3094 1292 3154 prima,
1349 3097 1461 3139 sunt
1514 3090 1805 3155 apponenda
1858 3090 1921 3139 ad
1966 3091 2146 3155 gradus
2195 3095 2427 3155 integrOS,

174 3163 377 3225 scriptos
416 3166 636 3228 superius
689 3166 737 3212 in
779 3165 904 3214 cella
940 3166 1137 3215 sinistra
1184 3163 1534 3230 respondente,
1588 3171 1642 3213 ut
1680 3164 1962 3214 conficiatur
1991 3164 2130 3227 justa
2167 3181 2215 3229 p.
2254 3181 2300 3230 p.
2342 3179 2426 3215 ec-

111 3296 114 3302 *
173 3236 323 3285 centri
360 3237 616 3286 anomalia.

204 3367 209 3373 ἴ
316 3306 454 3356 Haec
492 3315 608 3360 tunc
645 3309 838 3372 valent,
878 3312 919 3360 si
958 3310 1233 3360 anomaliae
1271 3309 1335 3360 ad
1371 3309 1679 3373 propositum
1717 3313 1907 3371 tempus
1946 3310 2237 3359 constitutae
2275 3311 2426 3360 semi·
2506 3368 2512 3375 ι

178 3378 356 3429 circulo
408 3381 582 3430 fuerint
630 3386 857 3432 minoreS.
944 3385 1012 3432 At
1059 3386 1100 3433 si
1152 3384 1364 3447 majores
1414 3383 1591 3431 fuerint
1644 3395 1906 3443 earumque
1956 3382 2311 3445 complementa
2364 3380 2427 3431 ad

174 3454 415 3516 integrum
455 3454 682 3503 circulum
720 3457 897 3505 fuerint
937 3456 1075 3518 data,
1117 3471 1225 3506 cum
1263 3456 1339 3504 his
1378 3454 1621 3517 agendum
1659 3453 1854 3517 quIdem
1895 3460 1968 3503 est
2006 3461 2061 3504 ut
2096 3457 2253 3518 priua,
2294 3454 2427 3519 quod

176 3539 293 3597 vero
333 3530 449 3574 tunc
488 3529 769 3591 excerpitur,
810 3529 860 3577 id
892 3530 1307 3595 'complementum
1346 3527 1514 3576 itidem
1555 3533 1629 3576 est
1666 3526 1940 3576 anomaliae
1966 3530 2172 3578 eccentri
2209 3543 2450 3578 rursum-.

179 3612 275 3662 que
314 3603 388 3648 est
425 3612 456 3646 a
497 3598 599 3646 360
639 3600 968 3664 auferendum,
1007 3609 1061 3651 ut
1101 3602 1340 3652 habeatur
1376 3602 1484 3665 ipsa
1521 3600 1766 3650 anomalia
1796 3602 2021 3651 eccentri.
2096 3601 2259 3665 Hujus
2299 3603 2425 3651 enim

178 3685 296 3721 usus
335 3671 426 3720 erit
463 3669 721 3732 singularis
760 3673 809 3719 in
846 3673 987 3725 Luna
1025 3681 1162 3725 extra
1200 3674 1417 3738 copulas.

320 3743 459 3793 Haec
497 3743 741 3792 anomalia
779 3749 983 3795 eccentri
1028 3749 1078 3795 in
1121 3749 1150 3796 6
1189 3746 1388 3810 quidem
1424 3745 1633 3809 planetis
1682 3747 1793 3807 post
1829 3744 2024 3793 tabulas
2076 3747 2424 3809 aequationum

176 3817 277 3880 jam
314 3815 560 3867 confectas
597 3815 661 3866 ad
699 3814 939 3866 calculum
974 3818 1070 3870 loci
1110 3821 1212 3869 veri
1248 3833 1346 3868 non
1384 3817 1593 3882 amplius
1629 3818 1912 3879 requiritur,
1957 3819 2006 3866 in
2045 3821 2252 3883 septimo
2291 3833 2423 3881 vero,
