2554 4140
600 106 736 152 Liber
767 104 1019 152 Secundus.
1075 106 1146 153 De
1177 105 1381 163 sphaera
1411 109 1458 150 et
1487 103 1665 150 circulis
1697 104 1812 162 ejus,
2230 107 2333 161 193

6 308 9 310 ,
70 256 215 305 nibus
267 256 368 304 suis
417 255 650 315 insignire
689 255 941 316 videntur,
998 257 1083 318 qui
1122 260 1306 305 tractus
1343 253 1554 303 mediam
1595 254 1854 316 sphaeram
1892 255 2132 316 fixarum,
2173 260 2229 303 ut
2276 269 2336 304 ea

12 337 16 339 “
72 329 265 390 quidem
314 343 344 376 a
393 327 533 374 nobis
581 328 834 390 aspicitur,
887 330 1037 390 cingit
1089 328 1326 391 undique,
1381 328 1451 374 ita
1500 332 1553 374 ut
1603 341 1690 375 nos
1740 330 1788 374 in
1840 329 1944 391 ejus
1981 329 2130 392 plano
2169 329 2335 376 simus·

70 401 270 465 Semper
307 401 432 464 enim
471 413 584 461 pars
641 399 773 448 illius
820 407 1003 450 tractus
1048 403 1290 450 orientem
1341 400 1564 448 obtinens
1619 405 1666 447 et
1714 416 1826 462 pars
1870 401 2096 451 occidens
2146 402 2193 448 in
2239 415 2338 450 una

71 481 121 521 et
156 472 325 522 eadem
363 477 496 519 recta
530 472 663 520 linea
702 488 731 520 a
769 474 910 522 nobis
950 476 1263 538 aspiciuntur,
1305 486 1554 535 nunquam
1587 478 1792 534 utraque
1820 489 1933 536 pars
1959 475 2021 522 ab
2048 474 2220 522 eodem
2257 474 2336 522 la-

68 553 169 594 tere
196 543 416 598 cernitur.
483 544 646 606 Hujus
685 551 889 610 tractuS,
928 549 1011 609 qui
1046 546 1302 596 zodiacus
1314 545 1502 607 dicitur,
1543 545 1727 607 effigies
1766 547 1814 592 in
1853 546 2061 608 sphaera
2098 547 2338 611 materiali

70 625 143 668 est
166 618 296 667 latus
335 617 419 665 ille
443 617 623 666 limbus
662 618 726 665 ad
753 620 1165 682 aequinoctialem
1204 619 1449 682 obliquus
2290 671 2292 674 f

210 693 263 738 In
293 694 525 738 schemate
555 694 625 739 29
658 699 702 738 et
733 695 895 739 ceteris
925 695 1102 750 LMQN
1134 701 1202 740 est
1231 694 1445 739 zodiacus
1478 693 1670 749 ejusque
1700 692 1795 748 poli
1826 693 1879 749 Ο,
1910 693 1959 748 P,
1992 675 2086 739 hac
2109 696 2218 742 vice.

220 754 328 811 Cur
363 769 534 810 autem
571 763 651 810 hic
686 764 820 812 solus
852 765 1158 814 circulorum
1196 765 1442 825 sphaerae
1478 764 1758 810 materialis
1794 763 2117 812 latitudinem
2154 766 2339 814 obtinet

68 835 304 886 tantam?
355 834 483 896 Quia
532 835 667 884 solus
705 835 791 885 Sol
843 844 1006 886 centro
1056 852 1145 885 suo
1193 837 1405 884 mediam
1457 835 1563 898 ejus
1601 834 1780 883 lincam
1820 836 2091 885 describere
2141 844 2188 885 et
2224 853 2338 900 per-

35 904 216 973 petuo
268 910 317 955 in
372 923 431 957 ea
478 909 701 958 oberrare
753 909 1150 972 deprehenditur,
1206 911 1349 958 ceteri
1399 909 1628 971 planetae
1678 923 1786 958 raro
1834 911 1886 956 in
1941 924 2048 957 eam
2106 911 2338 972 incidunt,

16 1003 21 1006 ·
25 983 354 1047 'plerumque
396 996 510 1030 vero
550 981 613 1030 ad
660 982 814 1030 latera
865 983 971 1044 ejus
1022 989 1280 1031 excurrunt
1328 988 1463 1031 tanto
1514 981 1576 1030 ad
1626 997 1865 1030 summum
1916 984 2104 1045 spatio,
2155 991 2338 1046 quanta

20 1063 27 1067 ’
69 1057 379 1104 constituitur
416 1054 625 1105 latitudo
666 1055 813 1117 hujus
849 1055 988 1104 limbi
1027 1058 1075 1102 in
1116 1055 1326 1118 sphaera
1364 1051 1652 1103 materiali*

220 1127 432 1191 Quanta
477 1134 546 1176 est
582 1128 703 1176 haee
740 1128 992 1176 latit-udo?
1041 1128 1246 1176 Veteres
1285 1129 1348 1177 ad
1396 1134 1583 1176 motum
1623 1127 1792 1176 Lunae
1832 1128 2141 1189 potissimum
2178 1131 2339 1192 respi-

17 1224 22 1230 -
67 1201 246 1249 cientes
293 1201 512 1250 fecerunt
562 1216 672 1250 eam
717 1200 974 1249 duodecim
1021 1201 1278 1285 graduum.
1356 1202 1422 1249 At
1460 1202 1500 1249 si
1541 1203 1755 1250 omnium
1793 1199 2125 1267 planetarum,
2185 1205 2334 1252 ctiam

68 1273 242 1322 Martis
281 1279 330 1322 et
356 1273 561 1323 Veneris
600 1276 920 1336 evagationes
962 1274 1164 1334 dimidia
1190 1275 1298 1336 ejus
1335 1273 1547 1322 latitudo
1575 1274 1721 1322 debet
1758 1276 1972 1336 assequi,
2014 1289 2123 1324 cum
2163 1275 2251 1323 illa
2277 1278 2341 1324 sit

68 1353 273 1410 septem,
312 1346 438 1395 hacc
465 1347 631 1396 decem
656 1347 920 1419 graduum,
950 1346 1257 1396 latitudinem
1285 1347 1516 1396 zodiacus
1541 1346 1744 1395 habebit
1775 1349 1839 1394 14
1875 1354 1961 1395 aut
1989 1349 2056 1396 20
2083 1348 2338 1412 graduum.

217 1420 318 1468 Dic
355 1434 531 1470 veram
581 1421 734 1480 hujus
788 1421 983 1469 mediae
1019 1423 1191 1474 lineae
1231 1423 1506 1483 oriqinem,
1563 1423 1751 1482 quippe
1800 1435 1916 1469 cum
1958 1420 2045 1470 Sol
2087 1437 2197 1470 vere
2234 1414 2370 1471 hon'

0 1515 1 1519 ¹
67 1500 356 1554 moveatur,
414 1494 501 1542 sed
547 1500 751 1542 tantum
801 1497 997 1543 moveri
1047 1494 1318 1544 videatur?
1371 1493 1540 1544 Tellus
1591 1494 1759 1542 nostra
1808 1499 2149 1558 praeterquam
2205 1495 2338 1558 quod

66 1573 204 1616 motu
255 1565 426 1615 diurno
477 1550 814 1627 convolvitur,
871 1573 944 1615 est
990 1569 1138 1617 etiam
1194 1582 1320 1615 unus
1377 1583 1402 1617 e
1461 1581 1660 1615 numero
1714 1566 2021 1629 planetarum
2079 1568 2338 1621 et‘medio

17 1653 35 1701 j
71 1640 182 1690 loco
233 1641 358 1689 inter
395 1639 604 1689 Martem
651 1641 701 1689 et
742 1639 985 1689 Venerem
1032 1642 1159 1690 circa
1197 1640 1363 1689 Solem
1410 1641 1655 1701 circumit,
1709 1640 1869 1689 medio
1923 1642 2069 1690 etiam
2109 1644 2338 1705 temporis

37 1713 295 1774 -modu10,
349 1719 405 1762 ut
453 1715 503 1760 in
553 1713 770 1762 theorica
824 1713 1044 1763 doctrina
1090 1713 1362 1762 audiemus.
1450 1713 1565 1763 Jam
1613 1713 1742 1776 finge
1793 1714 2017 1763 eductam
2067 1729 2125 1763 ex
2173 1721 2339 1765 centro

68 1786 198 1836 Solis
236 1785 416 1834 lineam
454 1793 635 1836 rectam
672 1801 759 1848 per
796 1793 1011 1835 centrum
1052 1787 1231 1836 Terrae
1269 1801 1424 1849 usque
1477 1787 1540 1835 ad
1579 1786 1701 1835 fixas
1758 1793 1806 1835 et
1844 1787 2137 1836 circumferri
2176 1802 2338 1837 annuo

31 1866 203 1907 -motu
244 1874 354 1908 cum
374 1859 526 1908 Terra
564 1861 654 1908 sub
695 1859 830 1908 fixis:
873 1860 958 1908 illa
996 1861 1143 1922 igitur
1183 1860 1315 1909 linea
1353 1860 1595 1909 describet
1635 1861 1858 1915 semita-m
1896 1860 2087 1916 zodiaci
2113 1861 2339 1922 mediam,

28 1935 140 1991 ‘sic
172 1936 231 1980 'ut
271 1932 358 1980 Sol
396 1947 586 1995 semper
627 1935 674 1980 in
723 1938 862 1995 parte
904 1930 1133 1998 opposita
1171 1933 1277 1995 ejus
1291 1969 1302 1996 ,
1351 1936 1400 1981 in
1440 1947 1588 1995 quam
1627 1933 1795 1983 Tellus
1834 1939 2047 1996 spectat,
2091 1949 2151 1984 ex
2189 1935 2341 1985 Terra

74 2006 375 2055 intuentibus
413 2006 611 2056 haerere
649 2005 889 2055 videatur.

220 2079 482 2142 Quomodo
521 2079 812 2143 appellatur
849 2081 970 2128 haec
1006 2079 1175 2128 media
1215 2080 1391 2128 linea?
1439 2079 1704 2143 Ecliptica,
1754 2094 1811 2128 eo
1866 2079 2000 2146 quod
2037 2080 2188 2130 Terra
2228 2096 2341 2130 mu-

0 2190 2 2200 .
73 2166 267 2202 cronem
302 2153 533 2212 umbrae,
574 2158 744 2215 utpote
783 2155 831 2200 in
871 2154 1000 2202 linea
1035 2153 1138 2215 jam
1176 2153 1324 2202 modo
1362 2154 1647 2216 imaginata,
1688 2153 1779 2201 sub
1820 2167 1879 2202 ea
1917 2154 2249 2216 circumferat,
2290 2156 2351 2209 in,

74 2240 223 2288 quam
271 2227 490 2274 umbram
531 2228 724 2288 quoties
760 2225 902 2275 Luna
941 2227 1131 2288 incidit,
1182 2226 1385 2289 eclipsin
1425 2228 1632 2289 patitur3
1675 2228 1847 2283 κυκλος
1883 2222 2082 2292 ἡλιακος
2122 2226 2339 2289 Graecis,

39 2306 46 2336 -“
75 2299 206 2362 quod
253 2299 374 2347 haec
423 2302 488 2347 sit
538 2300 696 2348 orbita
735 2298 865 2348 Solis
915 2305 1180 2363 perpetua,
1238 2302 1354 2348 item
1393 2302 1567 2356 κυκλος
1604 2295 1630 2350 ὁ
1672 2304 1751 2349 δια
1795 2319 1952 2361 μεσων
2001 2302 2096 2350 ‘cim
2142 2298 2341 2360 ζωδιων,

6 2396 38 2434 ι,
75 2371 209 2435 quod
247 2371 440 2421 zodiaci
476 2372 786 2421 latitudinem
825 2373 1015 2422 medius
1056 2372 1301 2435 dispescat
1339 2376 1388 2420 in
1430 2372 1552 2421 duos
1590 2373 1785 2422 limbos,

86 2492 89 2494 a
222 2445 360 2508 Quid
394 2451 464 2494 est
499 2448 658 2508 iyitur
695 2446 961 2508 ecliptica?
998 2446 1086 2494 Est
1122 2446 1257 2509 plani
1295 2445 1380 2509 per
1419 2452 1637 2495 centrum
1663 2445 1793 2494 Solis
1834 2451 1882 2495 et
1909 2446 2088 2496 Terrae
2127 2448 2177 2494 in
2212 2448 2342 2496 omni

60 2517 185 2580 aejus
222 2521 321 2567 situ
359 2518 570 2567 traducti
609 2521 878 2568 communis
915 2520 1069 2569 sectio
1110 2533 1219 2568 cum
1257 2520 1497 2582 sphaerae
1536 2519 1739 2569 fixarum
1780 2533 2016 2573 concavo,
2307 2555 2310 2558 ᾗ

230 2590 324 2640 Ubi
358 2598 481 2640 eunt
514 2593 621 2654 poli
658 2593 948 2654 ecliptieae?
986 2593 1253 2677 Eclipticae
1279 2592 1425 2656 polus
1464 2594 1522 2653 is,
1562 2607 1704 2655 quem
1745 2607 1834 2641 nos
1858 2595 2138 2655 aspicimus,
2179 2598 2254 2642 est
2292 2594 2340 2641 in

46 2664 233 2714 ‘medio
272 2665 403 2714 flexu
441 2664 628 2714 Helicis
665 2680 754 2715 seu
791 2666 1057 2727 Draconis,
1107 2667 1156 2714 in
1194 2665 1304 2715 loco
1345 2665 1469 2715 coeli
1508 2666 1741 2727 obscuro,
1783 2668 1832 2712 in
1871 2666 2002 2715 linea
2040 2681 2100 2714 ex
2139 2665 2341 2728 quadri-

43 2735 237 2797 ilatum
262 2736 419 2787 Ursae
458 2738 655 2800 majoris
692 2753 779 2801 per
818 2738 1202 2802 quadrilaterum
1229 2737 1383 2788 Ursae
1421 2740 1622 2788 minoris
1662 2745 1835 2800 erecta,
1875 2741 2001 2787 inter
2035 2737 2210 2788 Ursam
2246 2741 2341 2787 mi-

10 2846 12 2850 ·
73 2823 241 2863 norem
280 2819 329 2860 et
367 2810 547 2860 collum
587 2811 771 2875 Cygni,
826 2815 898 2861 sic
936 2814 1060 2860 inter
1099 2811 1340 2861 Coronam
1392 2801 1440 2860 et
1479 2812 1831 2875 Cassiopeiam
1912 2808 2134 2861 Alterum
2173 2812 2342 2875 polum

10 2892 14 2912 ⁶
55 2885 444 2951 ¹inconspicuum
484 2884 635 2933 fertur
672 2884 891 2935 obtinere
930 2884 1236 2934 constellatio
1275 2886 1448 2946 Piscis,
1487 2884 1754 2948 Hispanice
1794 2885 1994 2934 Dorado
2035 2884 2178 2948 dicti,
2217 2887 2343 2934 intra

59 2969 252 3019 ,navem
290 2958 450 3021 Arg03
493 2958 703 3006 vicinam
742 2957 892 3007 habet
929 2957 1222 3008 nubeculam
1259 2959 1510 3022 majorem.

79 3059 87 3081 ,ι
119 3059 131 3075 .-
184 3031 494 3093 Semperne
544 3045 660 3079 cum
697 3031 773 3079 his
819 3031 934 3093 fixis
969 3034 1309 3080 inveniuntur
1344 3033 1449 3095 poli
1486 3031 1740 3092 eclipticae
1777 3031 1986 3092 ipsaque
2023 3030 2160 3082 adeo„
2188 3032 2341 3094 eclip-

75 3103 214 3154 flea?
247 3104 382 3154 Intra
419 3104 588 3152 secula
627 3106 804 3164 omnia,
846 3104 1024 3166 quibus
1062 3106 1220 3166 viguit
1258 3105 1573 3163 astronomia,
1613 3102 1693 3151 vel
1732 3102 1854 3149 nihil
1897 3102 1973 3152 vel
2002 3101 2163 3162 adeo
2166 3119 2338 3167 parum

76 3179 273 3226 recessit
310 3178 535 3239 ecliptica
573 3192 602 3224 a
642 3177 748 3224 fixis
788 3178 1017 3239 pristinis,
1059 3178 1105 3224 in
1133 3177 1306 3225 Cancri
1347 3183 1395 3225 61
1423 3175 1702 3238 Capricorni
1743 3175 1977 3237 6661111118,
2021 3182 2072 3225 111
2110 3191 2208 3227 11611
2236 3179 2340 3227 sine

81 3247 383 3299 dubitatione
422 3250 470 3298 id
510 3257 788 3312 acceptetur
825 3250 887 3297 ab
927 3252 1232 3310 astronomis,
1276 3248 1334 3297 dc
1374 3263 1471 3311 quo
1510 3253 1646 3297 motu
1684 3248 1960 3306 libroVII.
1999 3250 2157 3313 plura.

85 3325 91 3336 '
227 3322 525 3384 Cujusmodi
563 3324 781 3371 circulus
818 3328 886 3369 est
923 3322 1191 3384 ecliptica?
1241 3322 1324 3370 Est
1360 3322 1682 3371 maximorum
1720 3336 1864 3384 naue,
1906 3325 2022 3385 quia
2063 3322 2338 3386 deprehen-

78 3391 208 3456 ‚flitnr
242 3389 407 3447 Solem
446 3396 675 3446 exhibere
714 3398 761 3443 in
800 3396 1080 3457 aequatoris
1119 3392 1356 3459 oppositis
1408 3387 1670 3445 ex'centro
1709 3395 1856 3458 locis,
1911 3401 1959 3445 et
2005 3398 2122 3458 quia
2160 3396 2246 3445 Sol
2290 3398 2340 3444 in

18 3487 19 3490 ¹
80 3465 332 3530 eclipticae
380 3469 503 3518 locis
551 3470 789 3532 oppositis
843 3467 1113 3530 aequaliter
1152 3467 1302 3515 distat
1338 3467 1401 3517 ab
1446 3473 1711 3531 aequatore
1750 3469 1797 3535 in
1836 3468 2010 3532 plagas
2051 3471 2336 3519 contrarias.

82 3537 203 3588 Cum
242 3548 405 3592 autem
444 3543 651 3592 circulus
688 3543 952 3590 maximum
992 3541 1176 3589 bisecat
1212 3546 1298 3590 aut
1335 3555 1362 3590 a
1404 3542 1614 3592 maximo
1653 3543 1701 3590 in
1743 3544 1981 3605 oppositis
2019 3542 2139 3592 locis
2167 3543 2340 3606 aequi-

10 3638 14 3649 ‚
84 3599 245 3675 distat,
283 3618 523 3664 maximus
562 3623 610 3665 ct
650 3617 753 3678 ipsc
794 3620 881 3663 est

240 3685 416 3737 Unde
414 3703 534 3739 vero
573 3689 791 3738 circulus
841 3689 928 3734 iste
979 3686 1114 3734 latus
1151 3684 1310 3734 dictus
1348 3693 1415 3735 est
1440 3686 1725 3738 zodiacus?
1778 3690 1968 3749 Ζωδια,
2010 3701 2187 3750 graeca
2224 3701 2337 3747 vox,

85 3758 327 3819 significat
362 3761 512 3811 latine
549 3764 704 3825 signa,
744 3761 1018 3823 germanice
1057 3758 1242 3819 ffissbcr,
1280 3772 1346 3810 sc.
1386 3761 1625 3820 imagines
1665 3759 1914 3808 hominum
1954 3767 2003 3809 et
2039 3758 2337 3808 animalium

88 3828 178 3880 Est
212 3832 357 3895 igitur
395 3837 647 3891 Ζωδιακος
684 3835 832 3884 latine
872 3832 1095 3896 signifer,
1148 3833 1420 3893 germanice
1459 3832 1755 3883 ffitlbetttotss.
1831 3833 2020 3882 Nomen
2059 3833 2151 3881 hoc
2190 3831 2340 3881 habet

176 3915 331 3958 Kopion
353 3918 488 3961 Opere.
536 3918 604 3954 VI.
1930 3922 1992 3968 13
