2560 4100
912 125 981 171 De
1020 125 1235 184 Epitome
1273 123 1603 172 Astronomiae.
1684 151 1686 155 ν
2315 127 2381 177 53

275 277 356 321 His
386 277 590 328 Keplerus
620 274 859 326 respondit:
997 323 1001 327 ῃ

1081 345 1131 396 S.
1170 346 1229 397 P.
1268 346 1331 395 D.

273 422 461 471 Literas
499 425 637 483 tuaS,
668 419 882 468 -Nobilis
929 424 978 469 et
1016 418 1294 469 doctissime
1331 417 1443 481 Vir,
1499 421 1578 468 17.
1619 418 1905 469 Decembris
1942 418 2131 469 Romae
2180 419 2385 482 scriptas

133 498 297 560 accepi
342 495 390 544 5.
427 494 595 543 Martii
646 507 677 540 a
714 494 934 542 ministro
971 499 1144 556 postae
1181 493 1467 556 Pragensis,
1517 491 1702 541 nullam
1741 494 1887 556 igitur
1923 492 2041 542 mihi
2079 506 2242 542 morae
2282 489 2388 540 cul-

130 585 243 634 pam
279 570 536 631 imputato.
611 565 680 614 Iis
718 565 871 615 literis
911 565 1217 615 doctissimas
1254 565 1512 615 nonnullas
1551 579 1721 615 moves
1757 566 2087 628 quaestiones
2163 564 2382 613 Primum

130 643 301 707 objicis
346 643 500 690 motui
538 639 750 688 Telluris
803 639 1118 689 invariabiles
1166 640 1371 688 fixarum
1417 639 1542 688 inter
1586 653 1639 688 se
1697 637 1968 688 distantias.
2043 637 2284 701 Equidem
2336 639 2384 685 in

126 716 220 765 hoc
265 714 493 779 scrupulo
544 718 656 762 ante
702 726 856 761 annos
899 715 963 761 14
1000 712 1238 763 laboravi.
1267 719 1365 775 (cfr.
1395 716 1493 759 Vol.
1524 718 1558 760 Ι.
1587 729 1631 770 p.
1666 716 1754 772 67.)
1820 710 2024 760 Stellam
2074 712 2202 760 enim
2237 711 2383 775 pola-

126 803 226 839 rem
277 790 402 838 circa
457 788 540 835 26.
593 784 895 849 Septembris
951 787 1213 836 observavi
1267 788 1316 835 in
1373 785 1537 835 media
1591 790 1735 833 nocte
1801 784 2146 846 humillimam,
2211 790 2385 847 postea

129 865 255 911 circa
305 862 389 910 25.
440 859 723 909 Decembris
774 861 966 922 vesperi
1019 865 1068 908 et
1123 873 1265 909 mane
1320 865 1420 908 tam
1474 858 1823 920 humillimam,
1884 873 2031 921 quam
2084 856 2383 920 altissimam,

128 937 168 983 si
215 936 337 983 forte
384 933 704 983 differentiam
753 934 1021 981 invenirem
1072 933 1135 982 ab
1198 932 1538 983 observatione
1589 932 1770 980 mensis
1818 929 2118 995 Septembris
2171 931 2383 994 indeque

129 1009 260 1057 orbis
298 1009 462 1071 magni
499 1006 709 1055 Telluris
747 1006 811 1054 ad
850 1006 1015 1055 orbem
1053 1005 1261 1056 fixarum
1299 1008 1466 1055 sentiri
1503 1010 1671 1069 posset
1714 1007 1983 1068 proportio.
2059 1003 2158 1054 Sed
2210 1004 2385 1054 frustra

130 1082 226 1143 fui,
279 1081 494 1144 ligneum
544 1085 648 1129 erat
683 1080 1076 1137 instrumentum,
1134 1078 1416 1143 pinnacidia
1464 1093 1562 1128 non
1610 1084 1863 1143 accurata,
1915 1081 2082 1141 inepta
2122 1079 2285 1127 omnia
2322 1077 2384 1126 ad

133 1154 469 1218 scrupulosam
510 1154 917 1203 observationem.
993 1151 1104 1202 Hoc
1141 1159 1304 1202 tamen
1342 1155 1527 1214 notavi,
1573 1150 1972 1216 perpendiculum
2013 1151 2270 1201 Decembri
2307 1165 2386 1200 re-

131 1227 307 1278 cidisse
351 1227 552 1289 eodem,
610 1239 708 1288 quo
759 1226 998 1276 reciderat
1034 1224 1323 1290 Septembri.
1399 1226 1582 1275 Postea
1629 1227 1818 1289 copiam
1874 1230 2047 1274 nactus
2097 1223 2385 1288 inspiciendi

130 1301 499 1351 observationes
536 1298 788 1364 Tychonis
825 1300 1012 1362 Brahe,
1067 1299 1171 1348 vidi
1209 1298 1517 1349 altitudinem
1556 1298 1761 1348 eandem
1811 1304 2018 1362 utroque
2055 1312 2221 1347 mense
2259 1299 2385 1346 intra

129 1390 279 1424 unum
317 1373 515 1438 quidem
551 1372 846 1436 scrupulum,
888 1388 979 1423 nec
1016 1373 1173 1437 major
1211 1376 1455 1423 accuratio
1494 1373 1587 1420 fuit
1623 1374 1673 1420 in
1711 1372 1810 1420 illis
1849 1371 2204 1434 altitudinibus,
2279 1371 2384 1420 Ita-

130 1464 224 1512 que
262 1447 619 1498 semidiameter
657 1448 787 1495 orbis
825 1449 991 1510 magni
1029 1462 1082 1496 se
1122 1447 1272 1496 habet
1310 1447 1371 1496 ad
1411 1446 1824 1496 semidiametrum
1862 1446 2092 1507 fixarum,
2133 1450 2188 1494 ut
2225 1445 2384 1493 minus

133 1521 318 1585 aliquid
371 1523 482 1570 sinu
530 1521 675 1568 unius
723 1521 938 1588 scrupuli
987 1520 1051 1569 ad
1101 1522 1262 1569 sinum
1309 1525 1481 1570 totum.
1557 1520 1814 1583 Proportio
1843 1525 1935 1569 ·est
1983 1519 2046 1568 ad
2084 1524 2158 1568 ter
2207 1517 2384 1567 millies

27 1595 48 1650 ,’
135 1610 291 1659 eoque
330 1595 555 1658 amplius.
630 1593 804 1656 Itaque
844 1596 966 1644 haec
1002 1595 1302 1644 immensitas
1341 1596 1488 1643 etiam
1515 1593 1798 1658 Tychonem
1824 1592 1985 1642 Brahe
2023 1591 2243 1657 perculit,
2284 1605 2381 1655 quo

130 1671 288 1718 minus
328 1669 596 1732 Copernico
635 1668 826 1718 credere
865 1668 1016 1718 vellet
1054 1674 1139 1716 aut
1176 1673 1287 1717 ante
1327 1667 1468 1716 illum
1493 1666 1789 1728 Aristarch0,
1830 1669 1916 1730 qui
1943 1664 2233 1715 Archimede
2258 1670 2384 1715 teste

129 1743 490 1807 proportionem
530 1755 637 1790 eam
678 1739 798 1790 dixit
838 1743 968 1791 orbis
1006 1721 1168 1790 motus
1194 1741 1373 1791 Terrae
1412 1740 1475 1790 ad
1513 1741 1679 1790 orbem
1708 1741 1927 1803 fixarum,
1970 1755 2095 1803 quae
2133 1740 2198 1788 sit
2234 1741 2384 1788 centri

130 1816 192 1865 ad
230 1815 546 1881 superficiem.
622 1812 728 1877 Ego
769 1829 884 1864 vero
921 1815 1045 1863 libro
1086 1813 1145 1864 de
1184 1814 1339 1864 Stella
1374 1814 1519 1864 Nova
1556 1814 1855 1877 Serpentarii
1890 1813 2196 1877 probabilem
2235 1814 2384 1862 statui

133 1890 495 1954 proportionem
533 1887 674 1948 hanc,
715 1894 770 1937 ut
808 1890 936 1938 sicut
974 1902 1147 1952 corpus
1188 1887 1318 1938 Solis
1357 1887 1420 1936 ad
1457 1889 1706 1951 regionem
1745 1887 2014 1948 mobilium,
2057 1889 2127 1936 sic
2162 1887 2285 1936 haec
2322 1886 2383 1934 ad

128 1964 363 2013 ambitum
400 1961 619 2011 fixarum.
661 1969 729 2024 (11.
764 1968 881 2025 674.)
961 1962 1150 2025 Corpus
1189 1963 1317 2010 enim
1343 1961 1472 2011 Solis
1512 1967 1586 2011 est
1611 1966 1785 2027 motor,
1824 1961 2033 2024 sphaera
2067 1961 2272 2009 fixarum
2311 1965 2384 2008 est

132 2038 272 2086 locus
311 2043 358 2085 et
395 2050 528 2084 mera
565 2036 613 2081 in
655 2053 712 2088 ea
751 2038 906 2100 quies,
982 2034 1120 2085 Sicut
1156 2037 1304 2099 igitur
1340 2041 1500 2084 motor
1536 2035 1601 2084 ad
1638 2035 1835 2097 mobile,
1876 2036 1946 2084 sic
1983 2034 2078 2084 hoc
2116 2033 2179 2082 ad
2218 2033 2383 2097 quies-

131 2125 261 2160 cens.
340 2109 462 2158 Cum
513 2110 680 2171 itaque
719 2110 805 2160 Sol
857 2110 920 2158 sit
967 2109 1030 2158 ad
1069 2108 1293 2171 Terram,
1348 2115 1404 2158 ut
1444 2110 1474 2157 6
1520 2108 1620 2158 fere
1668 2108 1733 2157 ad
1776 2111 1826 2170 l,
1887 2114 1936 2157 et
1973 2107 2212 2157 Saturnus
2255 2107 2385 2155 absit

135 2184 307 2233 11500
346 2180 732 2237 semidiametros
783 2183 990 2244 Terrae,
1047 2179 1203 2232 aberit
1258 2183 1405 2244 igitur
1456 2184 1598 2231 2000
1642 2182 1742 2232 fere
1795 2181 2180 2231 semidiametros
2237 2179 2381 2229 Solis.
2447 2172 2450 2177 ¹

32 2285 34 2297 ·
126 2258 278 2306 Fixae
328 2258 475 2320 igitur
530 2256 759 2310 abessent
797 2257 938 2305 2000
977 2255 1363 2306 semidiametros
1402 2255 1659 2306 Saturniae
1711 2255 1973 2321 sphaerae,
2026 2256 2204 2304 20000
2252 2253 2382 2302 orbis

32 2336 35 2354 ³
129 2333 308 2394 magni,
349 2336 398 2380 et
434 2329 793 2383 semidiameter
832 2331 962 2379 orbis
1000 2331 1164 2394 magni
1202 2329 1516 2380 subtenderet
1562 2333 1749 2379 sextam
1794 2334 1981 2393 partem
2026 2329 2171 2378 unius
2208 2328 2379 2376 minuti

127 2419 213 2454 seu
255 2404 368 2453 10¹1.
446 2402 635 2466 Quodsi
685 2420 784 2470 qua
832 2405 959 2453 inest
1009 2403 1317 2467 pulchritudo
1356 2406 1405 2451 in
1452 2403 1545 2452 hae
1579 2404 1919 2467 proportione,
1973 2401 2090 2466 quid
2143 2415 2265 2465 opus
2307 2407 2381 2450 est

127 2492 216 2527 nos
252 2475 495 2541 trepidare
534 2491 679 2547 super
714 2479 936 2543 potentia
964 2476 1248 2526 Creatoris?
1322 2476 1412 2527 Ille
1451 2476 1583 2540 quod
1620 2476 1874 2541 pulchrum
1904 2482 1976 2526 est
2014 2474 2156 2526 facile
2194 2476 2382 2523 invenit

35 2566 37 2576 ’
128 2550 418 2613 faciliusque
457 2550 618 2604 efficit.
694 2551 951 2602 Miraberis
990 2551 1177 2614 forsan,
1231 2552 1309 2600 cui
1347 2552 1478 2600 bono
1527 2557 1666 2599 tanta
1703 2550 1945 2600 vastitas?
2018 2549 2233 2598 Mirabar
2271 2562 2377 2611 eg0‚

128 2626 204 2674 cui
244 2625 372 2674 bono
409 2623 598 2687 reliqua
633 2627 781 2690 hujus
819 2625 1024 2688 generis.
1101 2624 1229 2674 Ecce
1266 2630 1321 2672 tu
1357 2627 1490 2689 ipse,
1531 2626 1720 2674 ratione
1758 2623 1933 2673 ductus
1970 2622 2252 2672 mechanica
2289 2636 2380 2670 ne-

128 2700 228 2748 scio
269 2713 384 2762 qua,
422 2697 700 2749 Saturnum.
725 2698 938 2749 collocas
976 2700 1026 2746 in
1058 2698 1221 2747 medio
1259 2700 1382 2747 inter
1407 2697 1571 2748 Solem
1599 2703 1648 2748 et
1673 2698 1811 2760 fixas,
1851 2696 2064 2746 medium
2101 2694 2379 2757 intelligens

131 2771 442 2835 aequalitatis
481 2785 567 2819 seu
594 2773 967 2823 arithmeticum.
1042 2770 1262 2835 Sphaera
1288 2773 1435 2836 igitur
1461 2771 1657 2821 Saturni
1685 2776 1862 2821 octava
1888 2785 2000 2834 pars
2029 2770 2118 2821 erit
2141 2768 2379 2833 sphaerae

128 2844 332 2894 fixarum
372 2844 559 2893 solidae
598 2848 857 2910 cogitatae.
934 2845 1026 2894 Cui
1064 2847 1213 2909 igitur
1259 2845 1389 2894 bono
1436 2850 1624 2908 septem
1661 2850 1824 2908 partes
1863 2857 2082 2908 vacuae,
2130 2844 2226 2890 nisi
2264 2843 2380 2904 quia

129 2919 218 2967 tibi
264 2917 518 2982 pulchrum
569 2920 789 2981 videtur,
844 2918 1105 2968 Saturnum
1153 2921 1202 2966 in
1240 2918 1402 2969 medio
1443 2918 1594 2968 esse?
1669 2919 1731 2966 Et
1766 2917 1886 2966 mihi
1937 2918 2084 2980 igitur
2119 2915 2376 2979 pulchrum

127 2991 331 3052 videtur,
371 2992 633 3043 Saturnum
671 3008 778 3044 esse
814 2994 865 3040 in
902 2992 1064 3042 medio
1103 2995 1398 3055 geometrico
1424 2990 1792 3055 proportionali,
1829 2990 2034 3040 ulterius
2068 3003 2167 3039 non
2194 3003 2376 3052 quaero

134 3064 192 3114 de
229 3066 460 3114 vastitate
499 3065 631 3117 illius
669 3067 829 3132 spatii.
905 3066 968 3114 Et
1006 3065 1123 3130 quid
1161 3068 1204 3115 si
1231 3065 1412 3126 dixero,
1452 3070 1609 3114 totum
1634 3063 1752 3112 illud
1778 3066 2000 3128 spatium'
2017 3078 2124 3114 esse
2151 3077 2378 3128 vacuum,

32 3166 36 3211 ξ
129 3143 184 3187 nt
233 3133 479 3188 obtine‘am
527 3144 675 3191 etiam
720 3141 826 3200 hic,
882 3139 1005 3187 nihil
1058 3140 1241 3189 factum
1289 3153 1397 3187 esse
1434 3138 1631 3187 frustra:
1688 3151 1900 3187 vacuum
1940 3139 2068 3187 enim
2123 3135 2246 3185 nihil
2285 3142 2373 3186 est.

33 3247 36 3286 ὲ
130 3211 367 3274 Equidem
408 3210 551 3264 valde
589 3221 781 3264 tenuem
820 3218 1012 3277 oportet
1049 3226 1157 3262 esse
1195 3214 1462 3272 materiam,
1504 3225 1629 3275 quae
1654 3210 1851 3260 Saturni
1888 3211 2052 3261 lumen
2088 3225 2185 3260 non
2223 3210 2377 3259 hebe-

33 3292 37 3311 ¹
129 3288 199 3332 tat
234 3299 319 3349 per
360 3287 534 3337 12000
574 3287 1045 3337 semidiametrorum
1082 3284 1262 3335 Terrae
1300 3284 1570 3347 trajectum.
1647 3285 1799 3335 Fixae
1837 3287 1984 3349 igitur
2021 3287 2128 3349 ipso
2167 3282 2375 3334 Saturno

135 3356 358 3408 clariores
395 3360 512 3422 quid
550 3361 686 3411 aliud
723 3365 932 3424 arguunt
971 3373 1117 3423 quam
1154 3359 1270 3419 hoc,
1325 3357 1447 3407 nihil
1486 3373 1592 3409 esse
1631 3360 1681 3407 in
1718 3358 2003 3410 intermedio
2042 3361 2167 3408 inter
2204 3356 2376 3407 Satur·

36 3483 38 3508 ,
134 3442 249 3480 num
287 3438 338 3482 et
372 3431 510 3486 fixas.
583 3435 723 3486 Haec
761 3434 820 3483 de
857 3435 1012 3497 prima
1051 3435 1351 3495 quaestione.

274 3503 517 3556 Continuo
557 3508 639 3558 filo
681 3509 914 3558 orationis
954 3507 1154 3557 devenis
1206 3506 1269 3554 ad
1308 3506 1642 3569 quaestionem
1681 3504 1853 3568 aliam3
1902 3519 2000 3554 non
2039 3506 2165 3554 enim
2213 3503 2373 3564 vide0‚

37 3574 41 3591 ¹
132 3577 215 3638 qui
266 3578 524 3630 cohaereat
562 3583 773 3646 obJectio
826 3595 934 3630 cum
985 3579 1241 3646 prioribus.
1315 3579 1551 3629 Nimirum
1599 3579 1882 3628 incredibile
1931 3584 2076 3642 putas
2115 3593 2198 3639 ea,
2250 3591 2374 3640 quae

35 3655 42 3686 i
133 3647 193 3698 de
238 3651 286 3698 vi
322 3655 519 3704 motrice
559 3655 831 3720 disputavi,
870 3657 941 3704 sic
980 3668 1032 3703 se
1071 3653 1278 3715 habere3
1319 3667 1427 3703 cum
1463 3655 1506 3702 si
1544 3667 1662 3702 vera
1699 3658 1877 3713 essent,
1921 3652 2119 3702 Terram
2163 3652 2226 3700 10
2267 3651 2375 3698 dia-

37 3729 41 3749 ¹
135 3723 301 3772 metris
345 3727 570 3790 progredi
616 3743 817 3779 necesse
869 3733 998 3778 esset
1047 3725 1267 3790 quolibet
1305 3725 1399 3777 die.
1474 3725 1609 3775 Nihil
1658 3725 1751 3776 hoc
1789 3727 1967 3776 turbat.
2043 3726 2169 3774 Nam
2208 3724 2372 3771 Venus

0 3795 3 3802 ’
40 3836 44 3862 ,
133 3799 261 3845 certo
306 3799 610 3863 progreditur
661 3816 758 3851 uno
808 3801 885 3851 die
932 3800 1153 3865 pluribus
1200 3799 1570 3850 semidiametris
1619 3800 1734 3849 suis.
1809 3799 1866 3847 In
1915 3798 2156 3848 Mercurio
2213 3796 2375 3845 omnia

134 3874 248 3919 sunt
284 3869 332 3917 in
369 3876 681 3939 proportione
719 3875 906 3941 majori.
983 3872 1191 3925 Omnino
1230 3874 1318 3925 tibi
1358 3871 1716 3940 quodammodo
1767 3872 1921 3925 invito
1959 3871 2151 3924 videtur
2187 3867 2373 3936 aliquid
