2554 4140
804 193 807 197 Ι
870 128 1009 175 Liber
1038 127 1215 210 Sextus.
1273 129 1386 174 Pars
1416 128 1597 187 Quinta.
2257 134 2358 183 509

120 275 258 324 Duos
307 277 356 324 in
401 290 460 325 eo
508 273 762 358 distinguit
812 276 1105 340 quadrantes
1158 278 1221 327 ab
1268 279 1502 339 invicem,
1554 276 1839 327 orientalem
1889 277 2073 327 scilicet
2117 278 2180 327 ab
2229 278 2361 326 occi-

122 347 317 403 dentali.

264 420 517 480 Quomodo
554 423 750 469 utimur
783 423 1135 484 parallaxibus
1154 423 1334 471 Lunae
1369 437 1403 470 a
1443 422 1556 471 Sole
1591 423 1922 486 lonyitudinis
1956 429 2002 471 et
2037 421 2360 471 latitudinis?

121 492 458 555 Longitudinis
495 493 781 557 parallaxi3‚
835 494 975 546 Luna
1027 495 1250 545 'versante
1297 497 1346 542 in
1396 494 1666 558 quadrante
1707 496 1954 557 orientali,
2010 495 2202 544 additur
2250 495 2361 544 loco

118 564 286 614 Lunae
326 580 438 615 vero
477 566 539 615 ad
578 566 848 631 eclipticam
887 567 1107 626 reducto,
1154 571 1204 616 in
1243 566 1531 618 occidentali
1570 568 1804 630 aufertur,
1861 574 1908 616 et
1945 569 2016 617 sic
2055 570 2362 617 constituitur

118 653 354 702 apparens
401 654 487 692 seu
534 641 642 688 visa
692 639 962 702 longitudo,>
1037 641 1333 690 Latitudinis
1382 639 1646 705 parallaxis
1697 643 1746 687 in
1799 641 2156 705 hemisphaerio
2195 646 2361 690 nostro

118 713 330 774 aufertur
365 727 396 761 a
427 713 792 775 septentrionali
818 711 988 762 L'unae
1024 714 1295 774 latitudine,
1336 716 1379 762 si
1415 713 1538 762 haec
1562 713 1731 775 maj0r,
1770 713 2017 762 residuum
2043 719 2117 763 est
2153 714 2361 763 latitudo

117 786 223 832 visa
261 785 678 848 septentrionalis3
727 788 800 834 sin
846 786 995 835 fuerit<
1027 789 1183 835 minor
1231 801 1348 836 vera
1386 787 1777 851 septentrionalis
1814 786 2046 847 latitudo,
2093 792 2208 835 tunc
2235 788 2362 851 'ipsa

114 857 325 906 aufertur
362 859 575 907 vicissim
613 858 898 922 aparallaxi
935 859 1207 908 latitudinis
1242 859 1427 922 eritque
1452 858 1698 908 residuum
1735 858 1943 908 latitudo
1970 861 2079 908 visa
2117 859 2361 908 australis.

118 928 304 991 Quodsi
342 933 488 987 etiam
518 932 725 980 latitudo
764 946 879 980 vera
915 928 1059 980 fuerit
1084 934 1325 995 australis,
1366 929 1560 1004 additur
1598 935 1641 981 ei
1669 931 1932 996 parallaxis
1972 931 2228 1017 proditque
2254 947 2362 980 rur-

115 1017 222 1051 sum
258 1004 483 1053 australis
522 1006 630 1054 visa
664 1004 885 1065 latitudo,
925 1004 1156 1069 intellige,
1194 1012 1249 1055 ut
1286 1000 1448 1071 supra,
1487 1011 1709 1070 respectu
1733 1004 1880 1068 Solis,
1920 1019 1979 1054 ac
2006 1006 2048 1054 si
2085 1006 2190 1069 ipse
2216 1006 2362 1070 plane

15 1118 26 1140 ι,
118 1075 301 1126 nullam
339 1077 635 1141 parallaxin
646 1078 839 1127 taceret

259 1152 490 1211 Quantus
536 1151 626 1200 hoc
675 1158 820 1213 pacto
869 1151 1131 1214 conficitur
1167 1152 1404 1201 horarius
1441 1152 1649 1200 visibilis
1684 1165 1773 1199 scu
1819 1164 2072 1214 apparens
2109 1149 2293 1199 Lunae
2329 1165 2362 1198 a

20 1211 33 1250 >⁷
113 1220 268 1277 Sole?
317 1222 517 1287 Semper
558 1225 656 1273 fere
694 1224 911 1282 horarius
949 1223 1267 1287 longitudinis
1306 1225 1515 1273 visibilis
1553 1223 1766 1273 redditur
1797 1225 1991 1282 brevior
2029 1238 2162 1284 ver0,
2202 1224 2360 1286 magis

114 1298 273 1344 tamen
313 1295 362 1343 id
400 1298 527 1346 circa
562 1297 953 1363 nonagesimum3
988 1312 1106 1345 nam
1143 1312 1309 1362 prope.
1331 1298 1631 1359 horizontem
1668 1311 1765 1345 non
1793 1297 2017 1345 differunt
2053 1296 2360 1358 sensibiliter,

28 1417 54 1438 ²,
113 1367 333 1430 adeoque
381 1369 437 1417 fit
493 1372 637 1418 etiam
677 1371 968 1433 quandoque
1007 1372 1325 1432 contrarium,
1377 1371 1462 1420 sed
1501 1376 1549 1420 et
1586 1371 1679 1419 hoc
1716 1370 2078 1420 insensibiliter.
2153 1369 2363 1418 Rursum

25 1474 30 1478 -
113 1440 370 1490 discrimen
403 1443 496 1491 hoc
534 1443 806 1499 evidentius
845 1449 918 1493 est
955 1445 1004 1490 in
1042 1458 1222 1509 magna
1257 1445 1561 1507 nonagesimi
1614 1443 1895 1505 altitudine,
1945 1444 2051 1492 sive
2089 1443 2218 1506 signi
2255 1443 2360 1492 sive

0 1527 42 1570 ’Δ
117 1514 325 1564 climatis
365 1530 527 1578 causa,
566 1519 737 1565 minus
763 1517 963 1566 evidens
1009 1518 1056 1563 in
1093 1532 1260 1580 parva.

257 1591 366 1649 Quo
402 1590 579 1638 ordine
614 1589 880 1642 succedunt
914 1593 1128 1638 invicem
1165 1605 1289 1639 vera
1327 1596 1373 1638 et
1408 1590 1614 1639 visibilis
1666 1589 1993 1650 conjunctio?
2044 1588 2100 1636 In
2156 1587 2359 1648 occiduo

18 1647 21 1650 ⁵
87 1659 382 1724 vquadrante
416 1661 637 1726 'sequitur
676 1663 881 1711 visibilis
921 1663 1111 1726 copula,
1151 1665 1202 1711 in
1243 1665 1400 1712 ortivo
1438 1663 1700 1726 praecedit.
1778 1656 2038 1725 Quantitas
2076 1661 2222 1731 hujus
2261 1661 2363 1710 dis-

15 1759 37 1772 .,
113 1734 323 1783 criminis
363 1740 436 1784 est
472 1751 501 1784 a
538 1735 861 1799 parallaxium
899 1738 1137 1785 varietate
1174 1736 1398 1800 petenda.

258 1808 392 1870 Quid
429 1810 577 1872 efficit
606 1811 897 1872 parallaxis
931 1811 990 1858 in
1025 1815 1167 1859 motu
1205 1808 1389 1858 visibili
1426 1809 1748 1858 latitudinis?
1794 1808 1934 1856 Luna
1987 1821 2277 1870 quocunque
2314 1808 2362 1853 in

113 1881 249 1943 signo
281 1881 543 1943 incesserit,
585 1883 847 1932 orientibus
865 1882 1347 1946 septentrionalibus
1372 1883 1523 1945 signis
1563 1883 1611 1928 in
1651 1882 2002 1950 septentriones
2029 1880 2185 1928 attolli
2224 1879 2365 1929 vide-

114 1959 229 2016 tur3
249 1954 543 2005 australibus
583 1970 696 2005 vero
736 1955 1032 2017 orientibus,
1075 1958 1183 2020 ipsa
1219 1971 1305 2005 seu
1346 1957 1503 2008 oriens
1541 1955 1627 2003 seu
1667 1954 1893 2004 occidens
1933 1954 2135 2017 deprimi
2177 1949 2366 2002 videtur

114 2027 164 2075 in
197 2033 445 2092 austrum3
483 2035 740 2094 utrumque
777 2034 941 2078 tanto
954 2028 1172 2091 celeriuS‚
1214 2035 1396 2092 quanto
1437 2029 1694 2077 viciniores
1726 2029 1926 2112 tropicis
1953 2028 2144 2091 punctis
2183 2026 2363 2089 gradus

23 2100 26 2104 ’
66 2146 81 2166 ,
116 2100 879 2150 oriantur..

58 2181 66 2189 '
142 2221 148 2227 .
254 2178 420 2236 Quam
456 2177 676 2238 acquirit
711 2177 921 2239 speciem
962 2177 1049 2224 via
1086 2175 1294 2223 visibilis
1330 2144 1490 2223 centri
1527 2173 1712 2223 Lunae
1743 2175 1805 2221 in
1845 2173 1976 2223 disco
2017 2172 2176 2231 Solis,
2229 2187 2361 2235 quae

33 2285 43 2294 .
112 2245 217 2307 aiut
251 2248 514 2298 inclinatio
551 2248 622 2296 ad
656 2249 974 2312 eclipticam?
1026 2248 1136 2297 Non
1174 2248 1319 2311 plane
1357 2253 1491 2296 recta
1526 2246 1656 2296 linea
1695 2252 1923 2311 apparet,
1974 2260 2064 2295 nec
2100 2245 2360 2294 inclinatur

26 2363 31 2365 Δ
67 2307 175 2374 ,ὀᾶ
210 2321 479 2386 eclipticam
518 2321 698 2384 angulo
737 2323 977 2371 constanti
1013 2318 1074 2370 5⁰
1115 2322 1214 2382 181,
1261 2320 1347 2370 sed
1386 2319 1625 2370 interdum
1665 2322 1710 2369 ei
1747 2319 1981 2384 parallela
2027 2318 2230 2380 incedit,
2278 2324 2364 2367 aut

114 2393 257 2450 etiam
294 2396 343 2442 in
382 2394 672 2443 contr'arium
709 2397 1004 2444 viae·verae
1044 2391 1263 2443 inclinari
1303 2393 1508 2456 videtur,
1549 2394 1680 2457 quod
1717 2394 1794 2455 fit,
1835 2392 1976 2441 Luna
2015 2391 2212 2455 quidem
2249 2397 2363 2441 ante

36 2467 38 2469 ’
113 2464 192 2516 vel
227 2473 339 2532 post
374 2467 556 2516 nodum
593 2468 935 2518 ascendentem
975 2482 1089 2517 vero
1115 2474 1253 2516 motu
1291 2472 1574 2529 assurgente
1611 2468 1660 2513 in
1690 2467 1902 2524 boream,
1943 2467 2208 2515 orientibus
2246 2478 2361 2515 vero

46 2570 55 2575 -
111 2539 259 2602 siguis
296 2541 502 2590 brumali
539 2540 748 2590 solstitio
788 2543 989 2604 vicinis;
1028 2546 1114 2589 aut
1151 2542 1390 2601 vicissim„
1440 2540 1580 2588 Luna
1619 2539 1815 2602 quidem
1858 2545 1972 2587 ante
2010 2538 2088 2587 vel
2127 2544 2242 2601 post
2269 2552 2361 2604 nof-

83 2609 226 2662 --dnm
262 2612 636 2664 descendentem
675 2621 916 2676 versante,
958 2613 1223 2676 orientibus
1262 2627 1379 2662 vero
1418 2614 1570 2677 signis
1608 2613 1816 2661 solstitio
1856 2614 2044 2669 aestivo
2084 2612 2270 2660 vicinis.

250 2687 307 2735 In
344 2687 591 2737 schemate
632 2689 716 2736 97.
756 2690 820 2736 sit
857 2687 890 2736 S
931 2687 1032 2750 Sol,
1071 2686 1195 2749 ESQ
1223 2686 1460 2750 ecliptica,
1499 2685 1590 2735 RN
1626 2687 1710 2734 via
1736 2685 1905 2734 Lunae
1945 2699 2075 2745 vera,
2115 2683 2246 2732 CLD
2275 2685 2358 2732 via

113 2759 315 2810 visibilis
352 2762 400 2808 in
438 2762 728 2810 contrarium
764 2761 1010 2810 inclinata.

53 2827 59 2833 ’
250 2832 495 2883 Interdum
534 2849 650 2884 vero
688 2824 898 2898 angulus
935 2832 1262 2885 inclinationis
1300 2831 1445 2881 valde
1482 2845 1687 2894 magnus
1726 2836 1813 2898 est,
1857 2835 1905 2893 et
1941 2829 2052 2893 plus
2079 2843 2226 2892 quam
2265 2826 2359 2876 du-

111 2902 235 2968 plus,
270 2907 442 2971 triplus
481 2913 566 2956 aut
602 2907 900 2972 quadruplus
939 2906 1182 2967 ordinarii,
1222 2901 1458 2968 graduum
1500 2905 1546 2953 5.
1594 2905 1692 2964 18‘,
1732 2909 1787 2952 ut
1823 2904 1866 2951 si
1906 2905 2032 2952 circa
2057 2900 2239 2951 nodum
2275 2916 2360 2950 as-

114 2977 389 3029 cendentem
426 2979 568 3030 Luna
605 2987 843 3042 versante,
884 2982 1295 3044 orianturpartes
1321 2979 1511 3027 vicinae
1550 2977 1761 3026 solstitio
1796 2978 1999 3037 aestiv0,
2041 2981 2127 3024 aut
2165 2975 2205 3023 si
2232 2976 2359 3023 circa

112 3049 288 3101 nodum
339 3052 709 3103 descendentem
746 3054 830 3102 illa
869 3053 1149 3113 incedente,
1205 3051 1498 3114 Sagittarius
1543 3050 1624 3099 vel
1662 3050 1982 3113 Capricornus
2032 3054 2122 3099 etc.
2173 3049 2271 3110 sint
2310 3049 2358 3096 in

111 3127 234 3173 ‘om
306 3125 433 3175 Vide
471 3125 585 3190 Opt.
626 3126 756 3176 Astr.
784 3127 976 3176 Partem
1018 3142 1048 3176 a
1085 3126 1170 3175 fol.
1211 3126 1332 3189 408.
1373 3129 1421 3173 et
1446 3123 1528 3172 fol.
1568 3124 1687 3171 410.
1723 3122 1920 3191 schema
1961 3136 2069 3171 cum
2108 3120 2356 3184 exemplis.

116 3194 228 3242 (Vol.
257 3197 308 3237 11.
339 3210 382 3252 p.
414 3199 498 3240 382
530 3196 600 3252 ss.)

254 3271 520 3332 Quodnam
567 3275 726 3335 iyitur
771 3278 839 3320 est
883 3272 1107 3320 medium
1156 3271 1371 3332 eclipsis,
1426 3283 1556 3330 quae
1602 3270 1833 3317 maxima
1871 3268 2196 3318 obscuratio?
2247 3267 2357 3317 Non

114 3352 300 3406 semper
349 3344 627 3394 coincidunt
673 3347 791 3405 ista,
841 3343 927 3392 sed
967 3350 1070 3394 est
1085 3345 1296 3391 maxima
1348 3343 1651 3401 obscuratio,
1702 3340 1896 3403 quando
1947 3347 2109 3391 centra
2144 3341 2358 3390 lumina-

114 3413 234 3463 rlnm'
277 3416 501 3466 videntur
547 3419 754 3467 invicem
802 3417 1224 3479 propinquissima.
1299 3414 1410 3463 Hoc
1458 3428 1573 3462 vero
1623 3413 1677 3460 fit
1715 3414 1952 3463 interdum
1996 3416 2215 3478 proxime
2263 3416 2357 3463 cir-

116 3484 270 3535 mlum
307 3488 601 3553 latitudinis,
649 3506 734 3554 per
772 3496 985 3539 centrum
1025 3488 1154 3538 Solis
1194 3487 1418 3547 ductum,
1472 3494 1586 3534 tunc
1622 3487 1876 3552 nimirum,
1914 3501 2022 3536 cum
2061 3488 2140 3538 vel
2179 3503 2357 3550 magna

117 3563 208 3606 est
239 3561 538 3625 obscuratio,
588 3564 669 3613 vel
720 3563 927 3612 visibilis
978 3564 1058 3610 via
1105 3561 1272 3609 Lunae
1313 3560 1399 3608 cl)
1452 3573 1575 3622 pene
1623 3558 1859 3623 parallela
1907 3561 2051 3611 fuerit
2101 3561 2354 3623 eclipticas

116 3627 229 3692 EQ
283 3633 373 3682 Sin
410 3636 617 3698 angulus
654 3637 981 3685 inclinationis
1020 3632 1164 3683 valde
1188 3647 1407 3695 magnus,
1448 3631 1640 3694 eclipsis
1679 3647 1793 3682 vero
1820 3649 1996 3698 parva,
2036 3641 2150 3683 tunc
2175 3647 2355 3696 appro-

115 3702 364 3767 pinquatio
424 3711 666 3773 proxima·
702 3716 973 3759 centrorum
1033 3705 1310 3768 quaerenda
1362 3711 1435 3754 est
1492 3706 1539 3752 in
1589 3705 1789 3766 circu10,
1858 3710 1939 3770 qui
1990 3701 2063 3757 est
2114 3722 2143 3754 a
2190 3710 2351 3754 centro

118 3773 244 3826 Solis
280 3794 450 3829 versus
484 3781 663 3831 nodum
710 3782 952 3831 visibilem
1002 3779 1274 3829 inclinatus.
1349 3778 1451 3827 Nec
1489 3778 1611 3828 b'ene
1657 3779 1748 3828 sert
1798 3782 1891 3830 ista
1945 3782 2152 3830 varietas
2190 3777 2352 3841 plures

117 3849 319 3912 togulas.
