2554 4140
142 123 168 171 7
181 121 244 171 18
904 111 1180 158 Tabularum
1211 111 1604 169 Rudolphinarum

137 265 323 313 ratione
361 261 492 311 soliti
530 264 644 308 sunt
680 260 774 319 uti,
814 274 900 321 pro
940 273 1024 320 e0‚
1065 259 1198 322 quod
1234 273 1325 308 nos
1362 261 1542 307 utimur
1577 260 1868 324 horologiis,
1913 273 2038 322 quae
2078 257 2156 306 vel
2193 255 2383 320 ponde-

138 338 271 385 ribus
308 334 387 384 vel
426 334 646 381 tensione
683 332 971 380 laminarum
1015 333 1287 380 incitantur.
1366 331 1429 378 Et
1467 333 1784 385 communiter
1821 333 2015 396 quidem
2057 331 2250 392 eligitur
2286 329 2384 381 fixa

142 408 286 467 clara,
327 405 414 454 sed
453 419 712 469 possumus
751 419 840 453 nos
871 404 976 466 jam
1015 406 1162 452 etiam
1201 406 1270 452 uti
1307 403 1532 465 planetis,
1572 410 1626 452 ut
1662 406 1972 455 evidentioris
2011 403 2383 462 observationiS,

140 483 286 529 etiam
327 477 442 527 Sole
481 478 540 526 de
580 477 681 536 die,
722 479 870 526 etiam
906 476 1048 525 Luna
1087 476 1146 525 de
1182 482 1325 525 nocte
1363 476 1582 535 turbida,
1635 491 1743 524 cum
1779 478 1932 526 latent
1968 477 2138 527 stellae
2178 482 2383 526 ceterae.

139 551 325 613 Quodsi
364 552 542 598 utimur
578 549 721 610 Sole,
773 549 994 598 sufficere
1032 555 1194 611 potest
1231 548 1405 597 modus
1445 563 1550 611 cap.
1577 548 1684 596 XII
1722 553 1871 609 (supra
1900 557 1971 596 fol.
2003 557 2150 610 549.);
2211 547 2381 595 Lunae

135 625 242 673 loco
282 637 398 673 vero
451 625 493 671 si
555 624 756 682 utimur,
808 628 924 670 ωηο
974 628 1048 670 est
1102 620 1428 684 computanda
1477 620 1742 684 parallaxis
1780 621 2050 670 altitudinis
2090 623 2380 670 observatae

136 699 277 760 eique
324 694 579 756 addenda3
631 694 949 743 subducenda
987 708 1101 743 vero
1150 693 1210 742 de
1248 694 1480 742 distantia
1527 709 1557 742 a
1595 697 1796 752 vertice,
1850 696 1892 741 si
1938 695 2082 755 haec,
2139 708 2236 742 non
2276 692 2378 750 illa,

137 769 469 818 instrumentis
520 769 611 816 erit
659 769 898 830 quaesita.
973 766 1026 815 Si
1073 781 1191 815 vero
1239 768 1536 830 computatio
1587 766 1682 815 loci
1730 765 1899 814 Lunae
1947 769 2183 828 processit
2229 767 2384 828 u'sque

136 842 199 892 ad
238 840 496 901 visibilem,
538 839 768 889 adhibitis
805 854 869 891 sc.
906 839 1239 902 parallaxibus
1277 839 1406 902 long.
1447 847 1495 888 et
1530 841 1645 899 lat.,
1685 846 1802 887 ωηο
1839 841 1887 886 ἰη
1925 838 2178 887 altitudine
2216 839 2386 887 obser-

134 921 265 974 vata,
306 916 338 962 i.
369 925 411 963 e.
453 914 651 974 visibili,
693 913 812 960 nihil
852 914 941 961 erit
977 907 1278 963 mutandum.
1351 911 1469 961 Sive
1507 914 1652 975 igitur
1677 911 1820 960 Luna
1855 913 2048 972 utimur,
2088 913 2192 959 sive
2229 910 2385 971 stella,

137 983 583 1049 extra‘eclipticam
617 986 892 1046 collocatis,
948 986 1153 1049 primum
1194 985 1532 1034 constituenda
1579 991 1651 1033 est
1697 998 1796 1033 asc.
1835 990 1967 1033 recta
2015 990 2063 1032 et
2109 982 2383 1045 declinatio,

142 1061 213 1111 de
240 1059 429 1124 reliquo
467 1072 724 1122 processus
760 1059 941 1106 insistit
978 1058 1219 1120 triangulo
1258 1059 1381 1106 inter
1417 1058 1457 1106 P
1495 1057 1686 1121 polum,
1728 1057 1772 1105 V
1812 1059 2042 1106 verticem
2080 1063 2127 1105 et
2164 1055 2197 1104 S
2236 1055 2385 1116 sidus,

135 1135 184 1181 in
226 1147 322 1196 quo
362 1131 668 1195 quaerendus
709 1137 782 1179 est
820 1129 1026 1192 angulus
1064 1130 1217 1191 VPS,
1269 1137 1324 1178 ut
1363 1145 1508 1194 quem
1554 1132 1749 1190 metitur
1798 1144 1940 1178 arcus
1987 1130 2262 1192 aequatoris
2300 1142 2384 1177 seu

137 1205 368 1254 distantia
404 1204 578 1253 sideris
617 1219 646 1252 a
683 1203 966 1252 meridiano.
1028 1203 1168 1253 Haec
1193 1201 1350 1252 sidere
1377 1203 1580 1252 cadente
1608 1202 1801 1252 additur
1830 1202 1893 1251 ad
1920 1203 2025 1264 ejus
2052 1217 2151 1251 asc.
2190 1206 2385 1262 rectam,

50 1330 53 1334 ,
137 1285 364 1341 surgente
404 1277 619 1326 aufertur
657 1277 718 1325 ab
758 1291 840 1338 ea3
890 1278 960 1325 sic
1000 1279 1321 1326 constituetur
1358 1291 1456 1325 asc.
1497 1282 1630 1325 recta
1666 1277 1813 1325 medii
1851 1276 1974 1325 coeli
2014 1275 2094 1324 vel
2133 1275 2238 1338 jam
2278 1274 2389 1323 the-

138 1353 284 1401 matis
322 1349 550 1399 natalitii.
625 1348 735 1399 Hoc
771 1357 916 1413 pacto
955 1346 1100 1398 simul
1138 1349 1259 1397 hora
1295 1349 1575 1398 addiscitur
1651 1349 1776 1397 Nam
1826 1352 1867 1397 si
1906 1348 2040 1396 sidus
2077 1349 2387 1397 observatum

140 1432 215 1474 est
261 1426 366 1487 ipse
404 1422 518 1484 Sol,
570 1425 733 1470 statim
783 1423 905 1471 haec
955 1425 1062 1486 ipsa
1109 1421 1385 1471 differentia·
1414 1423 1577 1471 elicita
1622 1429 1813 1486 tempus
1852 1422 2057 1483 indicat;
2111 1423 2184 1469 sin
2224 1426 2389 1469 autem

139 1497 273 1546 aliud
322 1495 455 1545 sidus
503 1495 669 1556 fuerit,
722 1503 836 1544 tunc
881 1509 967 1557 per
1019 1495 1230 1544 elicitam
1279 1485 1608 1544 differentiam
1647 1497 1910 1544 constituta
1960 1494 2072 1543 Asc
2121 1493 2180 1542 R.
2219 1493 2287 1542 M.
2331 1491 2384 1542 C.
2449 1491 2454 1495 ’

140 1574 446 1633 comparatur
484 1583 591 1617 cum
631 1569 691 1618 A.
730 1567 790 1619 R
832 1567 963 1616 Solis
1003 1574 1051 1616 et
1090 1567 1360 1617 differentia
1397 1570 1648 1630 utriusque
1690 1568 1882 1631 deteget
1919 1567 2089 1628 horas,
2138 1580 2292 1629 quae,
2345 1567 2388 1614 si

135 1644 196 1691 A.
237 1643 294 1691 R.
335 1639 405 1708 Q)
444 1642 766 1704 sequebatur,
816 1656 846 1690 a
883 1640 1083 1690 meridie
1131 1647 1255 1689 sunt·
1281 1641 1631 1701 numerandae,
1680 1643 1755 1689 sin
1792 1639 2059 1699 antecedit,
2110 1638 2305 1688 ablatae
2349 1654 2380 1687 a

140 1718 203 1764 12
242 1714 430 1772 vel,24
468 1714 748 1777 relinquunt
787 1713 931 1765 horas
971 1730 1001 1762 a
1038 1713 1200 1763 media
1237 1719 1378 1763 nocte
1416 1713 1496 1763 vel
1534 1713 1732 1763 meridie
1771 1713 2104 1763 antecedente.

276 1787 434 1837 Prae
452 1802 492 1836 c.
533 1788 651 1836 200.
735 1786 997 1851 Quomodo
1022 1788 1263 1852 veniatur
1294 1790 1351 1835 in
1375 1789 1708 1850 cognitionem
1747 1802 1843 1836 asc.
1872 1787 2106 1850 obliquae
2130 1785 2388 1847 horoscopi

135 1867 180 1910 et
213 1876 305 1925 per
333 1875 454 1924 ,eam
491 1859 684 1922 yradus
720 1862 926 1909 orientis
963 1866 1343 1922 ceterarumque
1379 1860 1556 1909 ordine
1596 1859 1880 1909 domorum.
1955 1858 2252 1921 Principium
2290 1859 2386 1906 eri-

134 1933 280 1998 gendi
319 1933 545 1983 thematis
585 1940 658 1982 est
682 1932 955 1982 faciendum
983 1934 1044 1982 ab
1072 1933 1181 1981 ista.
1242 1933 1466 1982 Habetur
1503 1939 1666 1982 autem
1707 1933 1785 1981 vel
1824 1948 1884 1982 ex
1922 1947 2020 1982 asc.
2060 1939 2192 1980 recta
2216 1929 2285 1978 M.
2314 1930 2383 1991 0.,

136 2007 216 2057 vel
254 2012 365 2056 ante
405 2021 529 2056 eam.
606 2006 745 2054 Prior
782 2021 925 2056 casus
964 2012 1060 2066 est,
1112 2007 1154 2054 si
1192 2011 1384 2070 tempus
1422 2006 1565 2054 fuerit
1603 2006 1972 2055 determinatum
2017 2019 2104 2068 per
2149 2004 2386 2053 observa-

135 2082 318 2129 tionem
364 2078 635 2129 altitudinis
685 2078 891 2142 alicujus
944 2078 1141 2139 sideris,
1195 2087 1281 2127 aut
1328 2081 1370 2127 si
1414 2079 1562 2128 horae
1610 2082 1706 2127 sint
1754 2079 2024 2139 iudicatae,
2077 2082 2317 2126 currentes
2355 2091 2387 2123 a

137 2153 336 2202 meridie
375 2153 454 2201 vel
493 2151 652 2200 media
690 2159 846 2200 nocte.
923 2151 975 2201 Si
1013 2153 1162 2200 horae
1201 2159 1314 2199 sunt
1350 2151 1739 2214 pomeridianam,
1787 2151 2030 2200 resolutae
2079 2152 2127 2197 in
2166 2150 2385 2213 tempora

136 2227 428 2289 aequatoris,
467 2224 709 2273 addantur
747 2225 811 2272 ad
835 2221 904 2290 Θ
934 2225 992 2272 A.
1021 2225 1101 2289 R„
1138 2226 1215 2272 sin
1253 2240 1284 2272 a
1308 2239 1368 2272 m.
1396 2239 1462 2284 n.,
1503 2223 1744 2272 addantur
1781 2226 1976 2287 insuper
2002 2230 2222 2285 tempora
2253 2223 2383 2283 1803

135 2301 205 2346 ita
257 2300 522 2347 constituta
568 2300 658 2346 erit
695 2298 754 2345 A.
792 2297 851 2345 R.
892 2297 959 2345 M.
1002 2297 1085 2357 0.,
1139 2299 1217 2345 cui
1254 2297 1432 2347 additis
1474 2299 1540 2345 90
1579 2304 1726 2360 temp.
1779 2304 1828 2346 et
1878 2313 1908 2345 a
1953 2311 2142 2345 summa
2190 2295 2383 2357 rejectis

139 2373 262 2436 360,
300 2373 343 2419 si
380 2372 660 2430 excreverit,
701 2370 898 2420 definita
937 2371 1027 2418 erit
1064 2370 1185 2418 haec
1222 2385 1318 2418 asc.
1362 2370 1458 2418 obl.
1499 2370 1772 2433 horoscopi
1847 2369 1940 2418 His
1966 2370 2177 2417 inventis
2216 2382 2386 2416 excer-

135 2449 278 2507 patur
314 2450 544 2506 punctum
585 2443 836 2506 eclipticae
875 2442 1170 2502 culminanS,
1224 2442 1355 2504 quod
1395 2443 1485 2491 erit
1522 2444 1682 2506 cuspis
1731 2442 1903 2492 domus
1941 2442 2017 2505 X3
2068 2447 2386 2507 excerpantur

137 2522 300 2567 autem
339 2515 481 2565 simul
521 2517 666 2565 etiam
704 2515 910 2579 angulus
950 2522 998 2564 et
1036 2515 1294 2564 declinatio
1332 2515 1697 2579 respondentes.

279 2589 492 2638 Praec.
536 2591 655 2638 201.
731 2589 807 2637 Ad
857 2590 1219 2651 inquisitionem
1270 2588 1527 2652 horoscopi
1580 2603 1667 2637 seu
1715 2587 1888 2637 domus
1926 2587 1966 2637 1.
2010 2586 2385 2637 declinationem

141 2664 309 2727 puncti
348 2662 685 2723 culminantis,
726 2664 768 2710 si
805 2661 948 2711 fuerit
983 2661 1403 2724 septentrionalis,
1443 2662 1578 2711 aufer
1616 2662 1678 2711 ab
1716 2661 1800 2710 alt.
1840 2661 1968 2725 poli,
2024 2663 2065 2709 si
2104 2660 2382 2722 meridiana,

138 2735 278 2784 adde.
354 2735 430 2783 Ita
469 2739 787 2784 constituetur
825 2749 966 2783 arcus
1005 2734 1092 2783 VC
1130 2735 1199 2798 (in
1239 2734 1484 2798 triangulo
1522 2737 1645 2783 inter
1671 2734 1715 2782 V
1755 2737 1999 2796 verticem,
2042 2734 2079 2782 C
2115 2734 2384 2790 culminans

138 2816 187 2858 et
235 2808 278 2857 N
324 2808 741 2871 nonagesimum),
794 2809 926 2870 prius
978 2822 1093 2856 vero
1145 2807 1352 2870 angulus
1398 2807 1532 2856 VCN
1578 2807 1670 2855 suit
1714 2814 1983 2871 excerptus,
2060 2806 2385 2870 Logarithmis

138 2896 252 2930 vero
291 2883 541 2944 utriusque
574 2881 774 2943 junctis,
813 2894 1002 2929 summa
1041 2887 1094 2929 ut
1119 2880 1219 2941 log.
1249 2881 1331 2929 dat
1359 2894 1524 2929 arcum
1550 2880 1657 2941 VN,
1698 2881 1837 2944 cujus
1863 2880 2066 2943 antilog.
2093 2881 2155 2929 ab
2182 2880 2383 2942 antilog.

138 2953 225 3002 VC
264 2953 458 3003 ablatus
495 2954 724 3016 relinquit
762 2953 962 3016 antilog.
1001 2967 1141 3002 arcus
1177 2953 1262 3002 ΝΟ
1304 2959 1350 3002 et
1387 2953 1485 3002 hic
1506 2953 1788 3003 culminanti
1826 2959 2006 3017 puncto
2047 2953 2268 3015 adjectus
2303 2951 2385 3000 vel

139 3026 326 3075 demtus
375 3026 557 3089 detegit
605 3030 973 3090 nonagesimum
1017 3041 1104 3075 seu
1149 3032 1380 3091 punctum
1420 3026 1671 3091 eclipticae
1710 3027 1803 3104 hac
1839 3029 1947 3076 vice
1987 3026 2299 3086 altissimum,
2350 3039 2380 3072 a

141 3113 236 3161 quo
275 3099 574 3163 horoscopus
615 3100 764 3148 distat
803 3102 832 3148 3
874 3113 1014 3163 porro
1053 3100 1219 3162 signis.

283 3170 398 3220 Jam
435 3180 487 3220 ut
513 3174 690 3235 inquiri
715 3179 915 3236 possent
953 3172 1124 3221 domus
1154 3179 1342 3221 ceterae
1367 3171 1634 3221 secundum
1660 3172 1948 3220 rationalem
1974 3170 2171 3220 modum
2195 3169 2379 3233 Regio-

143 3247 373 3305 montani,
413 3247 550 3294 initio
591 3246 736 3295 debet
772 3246 950 3309 inquiri
987 3245 1071 3293 alt.
1110 3244 1238 3309 poli,
1279 3259 1424 3307 super
1461 3245 1691 3293 circulum
1732 3244 1903 3294 domus
1941 3245 2192 3307 cujusque.
2263 3255 2267 3260 ·

288 3316 502 3366 Praec.
544 3320 698 3367 202·
740 3318 818 3366 Ad
878 3318 976 3381 log.
1018 3318 1102 3368 alt.
1150 3318 1252 3382 poli
1299 3332 1444 3380 super
1490 3317 1789 3367 horizontem
1845 3319 1941 3367 loci
1978 3317 2212 3379 cujusque
2263 3313 2388 3363 adde

139 3402 226 3452 pro
267 3388 489 3437 domibus
527 3389 622 3459 XI.
661 3396 711 3439 et
747 3391 838 3440 III.
881 3391 978 3453 log.
1022 3388 1129 3451 60⁰,
1168 3405 1256 3454 pro
1296 3391 1520 3440 domibus
1558 3390 1678 3439 XII.
1719 3397 1767 3440 et
1803 3391 1869 3439 11.
1907 3390 2004 3452 log.
2049 3387 2156 3450 30⁰,
2197 3403 2385 3436 summa

141 3466 367 3524 excerpat
403 3476 589 3523 arcum3
627 3463 773 3525 hujus
809 3465 1012 3526 antilog.
1051 3465 1246 3512 ablatus
1283 3465 1346 3513 ab
1385 3463 1584 3526 antilog.
1624 3464 1706 3512 alt.
1736 3464 1837 3526 poli
1869 3461 2102 3524 relinquit
2138 3462 2384 3524 antilogu-

143 3534 369 3583 rithmum
417 3533 501 3581 alt.
542 3535 760 3596 ejusdem
807 3537 907 3600 poli
954 3551 1098 3599 super
1147 3537 1376 3585 circulum
1424 3537 1596 3585 domus
1645 3536 1941 3599 propositae.
2017 3534 2206 3583 Deinde
2261 3548 2383 3596 opus

145 3614 219 3657 est
257 3621 355 3657 asc.
396 3605 494 3655 obl.
523 3621 667 3668 super
693 3609 924 3658 circulum
962 3610 1196 3672 cujusque
1236 3610 1432 3669 domus,
1473 3624 1599 3672 quae
1649 3610 1853 3658 habetur
1890 3605 2069 3655 additis
2106 3607 2171 3656 ad
2217 3607 2275 3656 A.
2321 3607 2379 3655 R.

44 3686 50 3691 ’
142 3679 210 3727 Μ.
249 3679 302 3728 C.
341 3693 427 3728 seu
466 3678 636 3727 domus
674 3679 743 3727 X.
781 3684 975 3731 tricenis
1022 3684 1320 3745 temporibus
1369 3684 1457 3746 pro
1495 3683 1701 3746 singulis
1747 3678 1913 3729 ordine
1952 3678 2176 3730 domibus
2213 3694 2383 3729 succe-

147 3751 388 3801 dentibuS.

286 3825 501 3874 Praec.
541 3825 662 3874 203.
738 3825 830 3874 His
879 3830 1169 3890 comparatis
1216 3828 1405 3878 elicitur
1452 3826 1630 3890 gradus
1679 3824 1932 3888 eclipticae
1973 3828 2191 3876 cooriens
2239 3839 2384 3888 super
