2560 4100
929 117 1001 163 De
1030 116 1243 190 Epitorne
1272 114 1601 163 Astronomiae.
2328 122 2394 171 41

144 268 570 320 eccentricitatum.
641 265 812 316 Habes
849 266 1009 328 igitur,
1052 264 1183 329 quod
1220 266 1402 330 petisti,
1441 267 1677 315 rationem
1705 269 1877 316 erroris
1907 272 2150 331 apertam.
2212 267 2266 316 Si
2306 267 2400 318 Se-

140 345 335 404 verinus
373 341 547 403 majori
585 339 804 404 epicyclo
845 338 1060 388 dedisset
1100 340 1254 401 6525,
1294 340 1468 389 minori
1507 340 1666 398 2175,
1707 344 1822 389 tunc
1846 343 2047 405 propius
2073 343 2396 404 expressisset

142 415 473 475 bisectionem‚
514 426 687 476 quam,
728 428 759 462 a
794 427 872 462 me
908 414 958 460 in
996 411 1112 462 Sole
1151 412 1449 473 adhibitam,
1500 413 1605 474 ipse
1646 414 1696 459 in
1736 412 1878 465 Luna
1917 415 2194 464 affectabat.
2270 415 2398 463 Nam

140 489 352 552 planeta,
394 493 557 536 centro
596 486 794 548 majoris
834 485 1040 549 epicycli
1077 489 1341 549 proximuS,
1381 485 1621 534 abfuisset
1649 486 1807 546 4350,
1847 489 2198 537 remotissimus
2228 489 2397 536 8700:

142 576 241 624 qua
274 561 461 609 ratione
501 560 827 610 conformatur
863 559 1033 607 Lunae
1073 561 1406 610 eccentricitas
1447 559 1607 607 causis
1645 558 1880 622 physicis.
1959 560 2112 610 Crede
2150 561 2295 622 mihi,
2352 567 2400 611 te

139 635 380 683 facturum
419 647 595 696 operae
633 635 872 698 pretium,
911 634 954 680 si
990 647 1091 680 rem
1129 634 1192 683 ab
1229 634 1349 696 ipsis
1387 632 1715 680 fundamentis
1754 646 1813 681 ex
1850 632 1978 681 libro
2016 632 2104 682 IV.
2152 634 2236 683 fol.
2280 634 2400 696 527,

146 709 249 756 580
287 712 496 770 repetas
570 705 693 755 Illae
731 707 929 768 quidem
969 720 1146 755 causae
1184 707 1434 770 physicae,
1475 705 1671 767 quando
1708 703 1835 754 libro
1874 705 1937 754 V.
1973 705 2059 754 fol.
2106 707 2206 755 665
2246 722 2402 770 usque

145 782 249 828 674
289 780 582 829 inducuntur
619 781 667 827 in
706 780 1028 841 geometriam
1065 794 1153 842 per
1191 780 1630 829 demonstrationes
1668 778 1938 840 legitimaS,
1990 778 2175 828 habent
2214 780 2401 844 aliquid

144 853 465 914 difficultatis,
520 867 666 916 quam
713 855 819 915 ipse
858 858 976 902 ante
1017 867 1182 901 omnes
1220 869 1328 902 sum
1368 857 1621 915 expertUS‚
1676 851 1814 913 dum,
1865 857 1923 900 ut
1961 850 2401 903 demonstrationes

142 927 381 990 perfectae
420 929 540 987 sint,
598 928 849 975 minimum
888 925 1050 975 decies
1088 927 1258 975 refinxi
1297 928 1483 987 omnia3
1535 930 1587 973 at
1635 927 1718 988 qui
1770 939 1868 974 non
1923 925 2032 973 vult
2079 926 2302 989 fatigari,
2357 929 2403 976 ei

142 1000 386 1050 sufficient
423 999 580 1049 lectae
621 1001 933 1063 quaestiones
974 1005 1022 1048 et
1058 1001 1242 1062 primae
1281 1001 1652 1063 responsionum
1675 999 1835 1058 lineae
1871 1003 1920 1047 et
1945 997 2143 1047 schema
2177 999 2261 1048 fol.
2299 1001 2400 1048 662

143 1073 353 1123 ethaeo
393 1073 651 1137 explicatio
699 1073 851 1122 semel
895 1087 982 1135 pro
1032 1087 1245 1135 semper,
1298 1072 1428 1136 quod
1476 1073 1677 1135 planeta
1721 1077 1920 1136 propter
1959 1085 2134 1122 causas
2172 1072 2402 1136 physicas

142 1147 398 1196 invehatur
437 1147 634 1210 quidem
670 1161 757 1209 per
793 1146 863 1207 P,
903 1145 976 1205 H,
1018 1145 1081 1206 E,
1121 1146 1196 1207 R,
1249 1147 1318 1195 sic
1356 1152 1409 1194 ut
1446 1147 1638 1208 positus
1675 1146 1724 1191 in
1763 1144 1813 1193 H
1851 1145 2083 1208 angulum
2122 1146 2400 1196 anomaliae

143 1226 444 1283 coaequatae
482 1221 631 1269 faciat
655 1219 810 1280 PAH,
849 1233 1161 1282 nequaquam
1199 1234 1316 1268 vero
1345 1218 1498 1280 PAG,
1539 1218 1622 1266 sed
1663 1223 1828 1268 tamen
1867 1225 1916 1267 et
1953 1219 2204 1268 anomalia
2240 1219 2404 1269 media

144 1300 421 1342 numeretur
458 1296 505 1341 in
546 1309 660 1342 area
696 1293 834 1342 PGA
874 1293 1023 1356 (quae
1062 1295 1126 1341 sit
1165 1294 1273 1341 vice
1311 1294 1465 1356 ipsius
1504 1291 1670 1352 PHA,
1720 1298 1918 1356 propter
1955 1291 2226 1342 faciliorem
2265 1307 2402 1342 com-

141 1365 460 1433 putationem)
500 1374 548 1417 et
587 1367 820 1416 distantia
857 1366 1084 1430 planetae
1124 1381 1154 1415 a
1192 1365 1308 1415 Sole
1335 1365 1432 1414 AH
1470 1367 1533 1413 sit
1570 1366 1793 1428 aequalis
1831 1367 1926 1429 ipsi
1955 1364 2058 1418 GC.
2121 1365 2233 1416 Hac
2259 1369 2406 1415 unica

141 1443 454 1490 instructione
493 1441 720 1489 suffultus
759 1441 937 1503 aliquis
973 1439 1117 1489 facile
1143 1438 1279 1488 videt
1315 1452 1596 1503 processum
1638 1439 1851 1500 brevem,
1893 1438 2166 1501 simplicem
2205 1444 2254 1489 et
2290 1440 2404 1503 pla-

141 1529 271 1562 num.
345 1515 477 1563 Dato
530 1516 656 1563 enim
706 1529 820 1562 arcu
859 1512 963 1573 PG,
1004 1529 1053 1562 v.
1093 1526 1134 1560 c.
1177 1509 1295 1575 60⁰,
1353 1511 1495 1561 facile
1545 1511 1705 1573 videt,
1763 1518 1811 1561 et
1860 1527 2024 1561 aream
2061 1512 2196 1561 PGB
2236 1513 2401 1564 valere

140 1587 308 1637 itidem
348 1585 463 1649 60⁰,
519 1595 567 1637 et
606 1590 741 1636 sinus
783 1587 884 1648 GF,
926 1587 1011 1635 FB
1053 1588 1290 1649 excerpit,
1346 1600 1552 1648 cumque
1602 1583 1782 1634 similia
1832 1587 1928 1634 sint
1966 1586 2398 1650 triangulassGBR

141 1661 294 1721 ABG,
347 1663 491 1710 unica
543 1663 692 1724 igitur
740 1660 1143 1723 multiplicatione
1183 1660 1267 1708 FB
1317 1661 1366 1707 in
1405 1659 1521 1720 BA,
1576 1660 1842 1721 praesectis
1881 1674 1910 1707 a
1948 1659 2078 1722 facto
2122 1661 2150 1708 5
2201 1659 2401 1721 ultimis,

146 1737 399 1784 constituit
434 1734 518 1783 BC
559 1741 606 1784 et
645 1733 747 1795 GC,
787 1736 892 1784 sive
928 1733 1048 1794 HA,
1088 1732 1383 1782 distantiam
1420 1733 1649 1796 planetae
1688 1748 1718 1780 a
1757 1732 1901 1794 Sole3
1956 1732 2115 1781 altera
2161 1733 2402 1797 multipli-

143 1810 334 1859 catione
370 1807 456 1856 GF
495 1809 544 1855 in
584 1808 800 1857 valorem
850 1821 992 1856 areae
1031 1807 1171 1855 BDA
1221 1808 1472 1855 constituit
1521 1805 1738 1854 valorem
1789 1820 1931 1854 areae
1970 1804 2134 1867 BGA,
2197 1809 2282 1869 qui
2331 1812 2405 1856 est

139 1897 252 1946 pars
289 1883 612 1944 aequationiS,
651 1881 838 1931 scilicet
877 1895 1104 1932 excessus
1142 1880 1370 1930 hocloco
1398 1879 1673 1928 anomaliae
1712 1878 1902 1929 mediae
1940 1894 2090 1942 supra
2128 1894 2292 1929 arcum
2312 1879 2403 1930 PG

144 1953 265 2016 60⁰,
316 1963 372 2004 ut
408 1957 479 2004 sic
516 1957 565 2002 in
605 1957 875 2018 composita
914 1969 1029 2002 arca
1067 1953 1204 2002 PGA
1256 1954 1497 2003 habeatur
1548 1958 1742 2016 tempus
1793 1967 1881 2001 seu
1933 1952 2181 2002 anomalia
2226 1953 2403 2016 media,

139 2028 436 2092 respondens
476 2030 608 2078 arcui
646 2028 739 2077 PH
778 2029 980 2091 ejusque
1020 2029 1206 2076 vicario
1233 2026 1339 2075 PG.
1404 2026 1496 2075 His
1536 2026 1726 2076 accedit
1757 2027 1984 2089 operatio
2025 2028 2180 2089 tertia,
2223 2027 2403 2076 divisio

140 2117 206 2152 sc.
235 2104 390 2165 ipsius
416 2102 503 2150 FA
530 2117 617 2164 per
642 2100 743 2163 GC,
783 2104 814 2150 i.
843 2116 887 2151 e.
914 2101 1025 2163 HA,
1067 2107 1121 2150 ut
1160 2106 1377 2165 emergat
1414 2102 1550 2149 sinus
1576 2101 1729 2163 ipsius
1753 2099 1906 2160 ΑΗΒ,
1947 2100 2087 2163 cujus
2128 2101 2303 2165 compl.
2333 2107 2406 2151 est

139 2176 294 2236 HAF,
322 2178 430 2239 ipsa
454 2176 701 2225 anomalia
722 2181 1009 2236 coaequata,
1039 2174 1337 2238 respondens
1357 2174 1547 2224 mediae
1568 2176 1703 2237 prius
1725 2175 1970 2223 inventae.
2016 2173 2312 2237 Imaginatio
2333 2180 2406 2224 est

139 2264 270 2299 nova
307 2255 356 2298 et
391 2249 622 2310 insolens,
664 2250 883 2312 operatio
922 2248 1167 2298 facillima.
1222 2248 1280 2296 In
1318 2247 1425 2297 solo
1452 2247 1562 2308 hoc,
1605 2246 1736 2310 quod
1762 2252 1835 2296 est
1858 2246 1946 2295 fol.
1977 2247 2095 2308 695,
2136 2254 2209 2297 est
2236 2248 2403 2312 aliqua

138 2322 523 2380 incommoditas,
550 2322 637 2371 sed
664 2337 724 2371 ea
746 2337 843 2370 non
872 2327 1016 2371 nocet
1043 2323 1344 2385 computanti
1370 2320 1566 2370 tabulas
1584 2322 1953 2384 aequationum,
1980 2334 2070 2370 nec
2097 2328 2402 2386 computatas

140 2398 358 2460 sequitur
384 2397 551 2459 aliqua
578 2395 837 2445 difficultas
862 2397 910 2442 in
940 2410 1046 2444 usu,
1109 2395 1169 2443 Et
1197 2394 1315 2458 quid
1352 2393 1556 2443 multis?
1615 2392 1824 2443 Omnino
1864 2396 2170 2444 necessarius
2209 2403 2284 2446 est
2321 2396 2401 2445 hic

140 2470 370 2530 calculus,
410 2472 515 2519 sive
553 2469 711 2518 facilis
749 2471 827 2530 sit,
867 2471 972 2518 sive
1013 2468 1237 2530 difficilis,
1277 2470 1564 2531 praesertim
1591 2470 1640 2515 in
1666 2468 1842 2528 Marte,
1885 2468 2033 2531 idque
2060 2482 2157 2516 non
2197 2471 2401 2533 potissi-

140 2559 271 2592 mum
323 2544 385 2592 ob
440 2542 810 2592 differentiolam
848 2542 988 2590 ΡΑΗ
1039 2547 1340 2606 coaequatae
1393 2556 1540 2591 verae
1594 2548 1642 2590 et
1691 2540 1827 2590 PAG
1876 2541 2234 2603 Ptolemaicae,
2296 2558 2404 2591 cum

143 2617 286 2666 GAH
323 2619 385 2665 sit
421 2618 824 2680 paucissimorum
863 2618 1173 2677 minutorum,
1213 2621 1334 2680 puta
1372 2630 1614 2664 summum
1657 2617 1685 2663 6
1726 2615 1806 2664 vel
1838 2616 1883 2673 8,
1925 2614 2012 2664 sed
2048 2615 2202 2664 multo
2244 2617 2402 2678 magis

139 2698 336 2756 propter
375 2682 839 2753 prosthaphaereses
882 2690 1011 2739 orbis
1050 2690 1224 2751 annui,
1277 2703 1403 2752 quae
1441 2703 1539 2737 non
1576 2689 1737 2739 ferunt
1777 2688 2033 2737 distantias
2072 2687 2403 2739 Ptolemaicas

142 2764 249 2824 AG,
290 2763 399 2825 AD,
439 2762 525 2812 sed
563 2764 814 2826 requirunt
843 2762 952 2823 AH,
994 2762 1096 2824 ΑΕ,
1138 2778 1197 2812 ex
1237 2762 1410 2826 ellipsi.
1470 2762 1623 2811 Crede
1663 2754 1795 2824 mihi,
1836 2776 1933 2810 non
1973 2766 2047 2810 est
2087 2763 2135 2810 in
2175 2761 2268 2813 hac
2306 2763 2402 2828 hy-

140 2838 417 2902 pothesium
455 2836 718 2886 insolentia
755 2836 972 2886 studium
1010 2836 1165 2885 ullum
1202 2837 1496 2896 novationis,
1538 2835 1626 2885 sed
1665 2849 1799 2884 amor
1838 2836 2075 2884 veritatis

286 2922 575 2972 Criigerus:
626 2922 807 2962 Ulterius
848 2927 888 2963 te
920 2935 1085 2975 quaeso.
1151 2922 1431 2963 Parallaxium
1461 2922 1718 2963 Martialium
1766 2921 2058 2973 disquisitione
2099 2924 2139 2960 et
2186 2921 2404 2961 earundem

63 2994 85 3009 ‚-
142 2982 327 3022 exilitate
358 2980 611 3032 deprehensa
643 2985 866 3032 permotus,
897 2984 1020 3021 etiam
1051 2980 1160 3022 Solis
1190 2980 1427 3032 parallaxin
1459 2981 1530 3019 vix
1556 2981 1593 3018 1‘
1615 2980 1766 3019 statuis
1798 2983 1838 3018 et
1860 2979 1996 3033 Solem
2027 2980 2201 3019 immani
2232 2993 2258 3020 a
2279 2981 2406 3020 Terra

139 3039 358 3080 intervallo
390 3042 547 3079 abesse.
610 3040 727 3088 Quae
757 3041 794 3079 si
825 3042 1079 3092 consistunt,
1111 3052 1194 3080 non
1228 3040 1419 3079 consistit
1451 3042 1586 3077 motus
1624 3036 1733 3078 Solis
1764 3038 1926 3077 medius
1958 3038 2248 3093 Tychonicus,
2281 3051 2404 3092 quem

142 3104 279 3139 tamen
309 3099 520 3138 retinuisti
549 3110 662 3140 num.
686 3099 719 3139 1.
753 3098 879 3148 praef.
911 3100 956 3138 in
987 3098 1156 3149 Ephem.
1189 3100 1287 3138 anni
1321 3099 1446 3137 1617.
1509 3096 1647 3136 Motus
1678 3097 1751 3137 ille
1783 3095 1893 3137 solis
1924 3098 2086 3136 medius
2119 3099 2274 3150 quibus
2307 3099 2403 3138 fun-

143 3158 261 3197 detur
291 3158 505 3208 principiis
534 3158 658 3207 nosti,
689 3157 886 3196 nimirum
918 3159 1146 3197 observatis
1178 3169 1204 3195 a
1235 3157 1431 3205 Tyehone
1461 3156 1751 3207 aequinoctiis.
1806 3155 1919 3195 Haec
1950 3157 2172 3195 observata
2205 3160 2302 3196 sunt
2332 3169 2404 3208 per

142 3216 382 3255 altitudines
405 3215 514 3255 Solis
547 3216 811 3266 meridianas,
842 3216 1163 3255 retractionibus
1195 3219 1236 3254 et
1266 3213 1553 3264 parallaxibus
1574 3214 1786 3256 liberatas.
1836 3212 2069 3254 Parallexis
2091 3215 2200 3255 Solis
2230 3216 2275 3255 in
2306 3214 2403 3255 alti·

142 3274 283 3314 tudine
314 3274 393 3313 34⁰
423 3273 597 3327 (quanta
627 3275 787 3314 circiter
821 3278 883 3314 cst
911 3274 1147 3326 aequatoris
1178 3271 1493 3324 Uraniburgica)
1526 3273 1765 3322 Tychonica
1797 3276 1859 3311 est
1890 3274 1929 3311 2¹
1964 3274 2061 3323 29⁴¹,
2096 3278 2170 3312 tua.
2202 3275 2274 3314 vix
2304 3275 2402 3327 49⁴⁴,

145 3333 377 3373 differentia
409 3335 447 3372 1⁴
480 3335 578 3386 40¹¹,
609 3344 696 3386 qua
728 3337 857 3386 certe,
890 3334 926 3372 si
958 3337 1032 3371 tua
1062 3335 1143 3371 stet
1172 3331 1436 3382 hypothesis,
1480 3343 1576 3370 vera
1606 3331 1716 3371 Solis
1749 3331 1929 3371 altitudo
1960 3332 2145 3384 itemque
2176 3332 2402 3373 declinatio

143 3392 266 3431 borea
295 3393 431 3430 minor
460 3396 532 3431 aut
561 3392 754 3431 australis
785 3394 919 3441 major
949 3391 1098 3430 fuisset
1128 3389 1387 3443 'l'ychonica3
1431 3393 1730 3443 consequenter
1768 3402 1865 3429 vera
1904 3391 2265 3443 aequinoctiorum
2296 3395 2401 3431 tem-

144 3460 244 3499 pora
273 3449 483 3489 differrent
512 3462 536 3489 a
563 3451 812 3500 Tychonicis
843 3451 943 3490 hora
974 3451 1020 3497 13
1051 3448 1148 3488 inde
1178 3449 1222 3487 in
1255 3448 1575 3488 eccentricitatis
1607 3452 1647 3489 et
1683 3450 1857 3499 apogaei
1888 3450 2237 3499 pervestigatione
2268 3462 2403 3504 neque

145 3508 316 3554 aestatis
342 3519 476 3561 neque
506 3508 654 3548 hiemis
689 3510 897 3563 spatium,
929 3519 1064 3561 neque
1096 3506 1209 3559 quod
1239 3507 1505 3557 aequinoctio
1538 3511 1579 3547 et
1607 3507 1825 3547 medietati
1848 3508 1897 3553 δ’
1934 3509 2153 3557 interjacet
2175 3511 2264 3560 etc„
2296 3512 2403 3548 recte

145 3576 172 3603 a
200 3565 394 3615 Tyehone
425 3568 697 3607 constitutum
729 3571 848 3607 esset.
907 3568 965 3607 Ut
996 3567 1195 3606 consistet
1223 3566 1352 3615 igitur
1381 3569 1518 3606 motus
1551 3566 1813 3615 Tychonicus
1845 3566 2035 3605 medius?

289 3638 635 3702 Keplerus:
683 3639 919 3703 Trepidas
959 3641 1105 3689 etiam
1143 3652 1288 3702 super
1325 3644 1459 3688 motu
1487 3638 1616 3689 Solis
1643 3639 1821 3702 medio,
1862 3639 1912 3687 id
1940 3645 2014 3688 est
2047 3654 2192 3703 super
2218 3638 2403 3703 epocha

149 3708 253 3770 ejus
289 3710 352 3760 ad
388 3717 555 3761 nostra
591 3718 834 3777 tempora,
874 3715 915 3763 si
953 3712 1220 3776 parallaxin
1261 3711 1390 3761 Solis
1428 3713 1668 3762 minuam.-
1706 3712 1791 3763 sed
1830 3713 2019 3763 frustra.
2081 3712 2261 3761 Verum
2290 3713 2400 3774 qui-

149 3780 259 3830 dem
293 3789 389 3845 est,
428 3781 703 3835 differentia
738 3787 1061 3850 parallaxium
1098 3784 1345 3848 Tychonis
1386 3790 1433 3835 et
1458 3799 1609 3846 meae,
1648 3785 1762 3835 Sole
1799 3788 1848 3834 in
1876 3790 2138 3848 aequatore
2166 3786 2401 3834 existente

148 3855 294 3917 inque
330 3857 555 3922 meridie,
595 3864 669 3909 est
710 3857 755 3908 1‘
797 3858 901 3909 40ss
943 3873 1098 3921 eoque
1136 3857 1251 3907 mihi
1292 3864 1456 3909 aestas
1492 3859 1547 3908 fit
1582 3858 1732 3923 paulo
1772 3859 1986 3921 brevior,
2028 3859 2157 3922 quia,
2204 3855 2399 3920 quando
