2554 4140
220 149 323 202 436
1091 141 1324 203 Epitomes
1354 142 1690 189 Astronomiae.

218 297 314 345 lem
351 297 526 352 fertur,
577 295 830 342 tercenties
881 295 1104 356 sexagies
1153 294 1371 356 praecise
1410 294 1536 340 eirea
1573 305 1714 338 suum
1751 304 1892 340 axem
1929 290 2156 338 volutura
2193 292 2276 349 sit,
2325 296 2464 352 parte

220 368 390 416 eadem
429 365 638 415 Telluris
674 380 868 413 reversa
905 365 968 413 ad
1009 367 1211 414 eandem
1250 366 1455 424 lineam,
1505 378 1631 427 quae
1670 370 1832 412 centra
1871 364 1998 412 Solis
2045 370 2093 411 et
2130 363 2307 410 Terrae
2345 377 2464 410 con-

219 441 384 503 nectit,
425 445 472 487 et
510 439 636 486 hanc
675 438 859 486 Telluri
895 439 1090 486 insitam
1131 441 1358 486 virtutem
1396 444 1617 500 respectu
1656 438 1730 485 sui
1769 439 1922 499 ipsius
1958 442 2014 484 ut
2051 436 2297 484 solitariae
2334 450 2465 483 sem-

217 527 303 574 per
353 525 500 573 agere
547 510 882 572 aequabiliter.
960 511 1024 559 At
1069 512 1174 572 ,iam
1225 509 1509 568 fortificatur
1553 509 1676 558 haec
1724 510 1879 557 virtus
1930 524 1959 556 a
2009 510 2283 572 praesentia
2337 507 2464 556 Solis

217 585 339 633 alias
378 584 549 643 aliter,
592 589 760 646 estque
799 589 928 631 totus
971 592 1018 631 et
1057 588 1415 631 consummatus
1467 583 1663 630 effectus
1709 581 1855 643 hujus
1894 581 2244 629 fortificationis
2281 581 2331 626 in
2369 594 2466 628 una

219 656 418 720 periodo
456 655 666 704 Telluris
714 652 842 704 circa
878 655 1042 704 Solem
1093 670 1179 704 seu
1230 657 1278 702 in
1324 668 1422 706 uno
1462 669 1588 702 anno
1624 654 1731 702 dies
1773 657 1802 702 5
1843 669 1952 703 cum
1990 653 2258 715 quadrante
2294 667 2467 715 super·
2525 642 2554 699 '⁷

215 729 490 778 numerarii.
552 719 631 776 'Hi
670 743 785 777 vero
827 729 928 776 dies
966 743 1052 776 seu
1092 727 1419 776 revolutiones
1451 723 1661 775 Telluris
1699 730 1828 776 circa
1865 741 2005 774 suum
2033 741 2173 775 axem
2215 721 2317 792 5¹s4
2357 724 2464 773 effi-

221 803 515 851 ciuntur-ab
555 802 780 849 omnibus
824 803 1038 848 omnium
1077 802 1265 850 orbitae
1301 800 1522 850 telluriae
1547 801 1758 864 partium
1798 799 2040 848 distantiis
2066 814 2096 846 a
2120 798 2236 847 Sole
2271 798 2465 860 junctis,

216 877 286 923 sie
322 881 378 922 ut
413 875 572 922 minus
610 873 866 922 fortificent
904 873 1018 922 illae
1058 873 1343 933 distantiae,
1399 886 1526 935 quae
1563 874 1832 937 longiores,
1882 872 1991 935 plus
2030 886 2156 933 quae
2204 871 2466 928 breviores,

217 963 303 997 seu
341 946 472 1010 quod
513 954 585 995 est
621 947 764 1010 plane
802 945 954 1006 idem,
1004 952 1059 994 ut
1102 947 1348 1007 longiores
1395 948 1628 1009 temporis
1678 945 1952 1007 aequabilis
2009 945 2267 992 existimati
2307 957 2469 991 moras

219 1021 401 1069 faciant
438 1019 551 1068 illae
578 1019 783 1068 Telluris
811 1018 1010 1068 diurnae
1041 1019 1386 1086 revolutiones,
1425 1033 1552 1082 quae
1592 1020 2033 1080 coritiuguntcirca
2054 1016 2316 1081 aphelium,
2356 1016 2471 1064 bre-

218 1095 393 1153 viores
437 1107 563 1155 quae
602 1094 727 1140 circa
764 1091 1068 1153 periheliurn.

361 1166 482 1214 Cum
521 1170 682 1213 autem
721 1163 919 1227 planum
947 1166 1182 1226 segmenti
1223 1159 1476 1212 eccentrici
1500 1163 1726 1223 Telluris,
1766 1164 1903 1212 verbi
1929 1177 2078 1212 eausa
2102 1161 2258 1222 PGO,
2299 1160 2466 1210 valeat

215 1249 381 1288 omnes
433 1237 709 1299 aequalium
749 1237 856 1298 ejus
894 1252 1094 1286 arcuum
1133 1237 1415 1295 distantiae,
1467 1243 1520 1284 ut
1559 1235 1941 1284 demonstratum
1979 1236 2104 1284 libro
2145 1235 2216 1296 V,
2266 1234 2466 1298 planum
2549 1271 2554 1279 .

217 1325 334 1360 vero
373 1310 600 1372 trianguli
638 1312 907 1373 aequatorii
933 1309 1060 1359 PCO
1098 1308 1248 1374 (quod
1286 1313 1359 1358 est
1396 1311 1444 1355 in
1476 1307 1687 1357 Telluris
1709 1311 1978 1358 eccentrico
2008 1309 2343 1367 180000000‚
2382 1307 2478 1356 ubi*
2539 1326 2541 1330 ⁴

216 1386 501 1445 maximum)
552 1389 724 1444 arguat
767 1397 1016 1431 excessum
1053 1383 1186 1445 plani
1223 1382 1460 1444 segmenti
1510 1383 1767 1434 eceeutrici
1816 1380 1997 1445 (PGO,
2037 1396 2123 1445 per
2159 1379 2247 1429 ΡΟ
2285 1380 2490 1449 ῙίῐιιεειιιῐΙ
2537 1380 2549 1424 ζ

217 1471 276 1505 cx
315 1456 429 1505 Sole
466 1457 605 1516 facti)
644 1470 789 1518 super
826 1455 971 1516 PGC,
1011 1456 1211 1519 planum
1250 1455 1470 1504 sectoris:
1523 1453 1651 1502 idem
1691 1456 1839 1517 igitur
1875 1455 2075 1519 planum
2112 1459 2284 1518 arguet
2322 1453 2468 1501 etiam

218 1530 449 1592 temporis
500 1530 841 1590 aequationem
880 1529 1030 1585 hanc,
1087 1527 1146 1578 de
1186 1543 1283 1591 qua
1320 1540 1448 1576 nunc
1498 1529 1703 1588 agimus.
1779 1527 1906 1576 Nam
1943 1529 1982 1576 si
2024 1529 2174 1576 totius
2215 1526 2473 1576 eccentriei‘
2532 1551 2534 1556 ·

219 1616 332 1650 area
373 1602 768 1651 31415926536
819 1601 954 1650 valet
994 1596 1095 1674 5¹14
1141 1601 1470 1655 revolutiones
1518 1598 1751 1661 Telluris,
1805 1615 1919 1663 pars
1967 1601 2094 1663 ejus,
2146 1599 2333 1649 scilicet
2379 1598 2471 1650 hoe

220 1677 559 1736 aequatorium
585 1673 894 1736 triangulum,
935 1674 1121 1723 valebit
1148 1677 1235 1722 21¹
1274 1675 1379 1722 40⁰
1417 1673 1623 1730 horaria,
1663 1687 1774 1722 cum
1799 1673 2074 1738 plurimum.
2125 1673 2299 1735 Itaque
2323 1683 2482 1721 reve--

215 1746 430 1797 lutiones
482 1749 700 1796 aestivae
743 1747 807 1795 ab
853 1756 1075 1811 apogaeo
1117 1747 1245 1796 Solis
1294 1746 1358 1795 ad
1395 1745 1748 1809 longitudinem
1786 1746 1996 1796 mediam
2047 1745 2277 1796 seu'dies
2315 1759 2478 1810 appa-

221 1826 382 1868 rentes
422 1819 587 1869 valent
626 1819 753 1868 ultra
775 1819 965 1869 medios
1003 1819 1197 1884 aequali
1226 1834 1424 1869 numero
1462 1818 1665 1868 totidem
1691 1821 1878 1868 minuta
1915 1818 2040 1883 plus.
2114 1819 2182 1868 Et
2217 1816 2481 1881 quamdin
2527 1846 2531 1871 2

217 1894 449 1955 aequatio
490 1892 618 1941 Solis
672 1898 745 1942 est
796 1893 1143 1954 subtractoria,
1193 1907 1385 1957 semper
1430 1889 1625 1941 additur
1669 1891 1794 1942 haee
1842 1895 2072 1955 aequatio
2125 1890 2187 1940 ad
2234 1887 2517 1955 apparens.

219 1972 436 2028 tempus,
496 1973 550 2013 ut
586 1965 670 2015 fiat
707 1965 945 2027 medium,
999 1967 1084 2015 ubi
1136 1979 1252 2016 vero
1301 1966 1531 2028 aequatio
1570 1971 1643 2013 est
1690 1965 1980 2028 adjectoria‚
2031 1963 2361 2026 ‘subtrahitur3
2413 1977 2473 2012 ex
2509 1972 2530 1983 ·'

217 2039 378 2087 medio
423 2053 541 2087 vero
594 2045 810 2102 tempore
860 2039 915 2087 fit
965 2052 1205 2103 apparens
1254 2039 1495 2088 contraria
1542 2038 1801 2102 utrobique
1850 2041 2054 2087 ratione.
2131 2038 2209 2086 Ita
2259 2031 2486 2086 rationes

221 2111 368 2173 hujus
407 2112 716 2174 aequationis
751 2117 866 2159 sunt
901 2114 1171 2161 rationibus
1210 2113 1381 2176 prioris
1423 2111 1708 2159 contrariae.
2244 2129 2248 2136 ¹
2477 2122 2482 2142 ·=

370 2183 482 2247 Quo
529 2187 866 2246 experimento
918 2186 1096 2247 scitur,
1150 2184 1488 2233 adhibendam
1537 2197 1634 2231 esso
1688 2184 1821 2233 hanc
1868 2188 2069 2247 partem
2117 2183 2436 2246 aequationis
2449 2176 2554 2229 P?

225 2259 271 2304 1.
326 2256 495 2320 Tycho
533 2257 754 2305 Braheus
793 2257 1055 2306 observata
1103 2272 1193 2307 sua
1238 2259 1285 2304 in
1327 2257 1466 2306 Luna
1515 2257 1774 2307 conciliare
1811 2256 1954 2305 aliter
2002 2269 2098 2305 nou
2148 2247 2333 2318 potuit,
2378 2250 2521 2303 nisil'

220 2329 454 2391 abjiceret
505 2331 812 2392 aequationis
865 2332 1096 2394 temporis
1144 2330 1278 2379 illam
1326 2337 1541 2393 partem,
1597 2344 1724 2392 quae
1773 2335 1848 2378 est
1902 2334 2098 2394 propter
2149 2329 2526 2392 aequationem»

218 2401 363 2451 Solis.
442 2401 564 2450 Cum
600 2404 750 2465 igitur
787 2403 908 2452 haec
944 2418 1175 2468 praesens
1211 2405 1443 2466 aequatio
1482 2404 1545 2451 sit
1582 2401 1654 2449 illi
1694 2417 1722 2451 e
1758 2401 1993 2451 diametro
2033 2403 2274 2452 contraria
2309 2397 2512 2455 illumi-¹.

218 2489 312 2537 que
352 2475 579 2537 perimat,
633 2481 764 2523 stant
801 2477 949 2537 igitur
986 2477 1353 2525 observationes
1391 2475 1570 2524 Brahei
1607 2475 1671 2523 ab
1709 2475 1855 2538 hujus
1893 2475 2129 2540 partibus.
2206 2477 2253 2523 2.
2309 2474 2375 2522 At
2410 2483 2487 2522 net

189 2550 290 2598 'sic
328 2546 521 2609 quidem
563 2548 783 2598 Braheus
834 2551 995 2597 omnia
1035 2550 1295 2599 observata
1332 2554 1543 2615 tuetur,¹
1568 2549 1684 2610 quin
1724 2551 1887 2612 potius
1925 2554 2170 2612 optasset,
2225 2553 2281 2596 ut
2317 2545 2489 2596 multus

216 2620 376 2682 majus
414 2627 542 2670 esset
578 2620 650 2683 id,
704 2621 835 2684 quod
874 2623 1066 2685 abjicit:
1115 2629 1163 2670 et
1200 2637 1311 2672 eece
1350 2621 1472 2671 haec
1517 2627 1683 2670 nostra
1732 2635 1963 2685 praesens
2001 2615 2232 2685 aequatio
2272 2622 2491 2685 *super-tt

215 2693 351 2741 illam
389 2694 598 2757 amplius
652 2708 798 2757 quam
839 2693 1003 2759 duplo.
1077 2695 1240 2744 Nolim
1280 2701 1442 2744 tamen
1498 2709 1607 2744 cum
1645 2707 1892 2757 quoquam
1933 2693 2221 2744 contendere
2258 2685 2489 2758 pertine&

219 2768 321 2814 cius
362 2781 505 2830 super
540 2766 635 2816 hac
671 2769 813 2816 tertia
851 2781 1000 2817 causa
1039 2770 1362 2832 aequationis.
1437 2767 1563 2816 Nam
1601 2769 1642 2816 si
1681 2769 1791 2830 quis
1830 2769 2198 2817 observationes
2223 2765 2397 2816 Brahei
2424 2766 2494 2820 ine

218 2839 361 2887 Luna
399 2839 731 2890 conciliaverit
767 2842 968 2905 propius
1004 2855 1092 2904 per
1129 2844 1360 2891 usitatam
1399 2841 1631 2904 temporis
1668 2844 2035 2904 aequationem,
2083 2842 2127 2890 ei
2166 2840 2342 2889 lubens
2379 2835 2487 2902 ogd
2551 2841 2554 2860 ¹

220 2912 436 2974 palmam
476 2912 646 2961 cedam
686 2927 887 2963 eversae
927 2914 1074 2977 hujus
1111 2917 1263 2979 partis
1302 2914 1612 2976 aequationis
1650 2915 1896 2979 temporis.
2416 2913 2498 2973 ⁴¹⁰1
2547 2933 2554 2988 ἡ,

368 2985 610 3034 Discerne
638 2988 752 3046 jam
792 2987 894 3036 dies
931 2995 1232 3051 apparentes
1267 3004 1302 3037 a
1333 2987 1511 3035 mediis
1545 3001 1634 3035 seu
1650 2988 1976 3050 aequalibus,
2005 2985 2281 3035 secundum
2308 2973 2480 3046 affl
2544 2997 2554 3047 q

220 3063 316 3104 tres
353 3073 533 3107 causas
571 3060 828 3121 aequandi
865 3063 1101 3123 temporis
1138 3063 1195 3109 in
1243 3075 1410 3109 unum
1456 3062 1707 3124 confusas.
1786 3062 1829 3108 A
1870 3057 1936 3108 20
1968 3060 2056 3109 24’
2094 3055 2163 3125 ὓ
2205 3055 2491 3108 addendum
2542 3052 2554 3130 ξ

223 3134 297 3177 est
335 3132 681 3193 apparentibus
718 3133 1045 3197 temporibus,
1099 3133 1284 3183 additio
1324 3134 1536 3182 maxima
1574 3138 1649 3181 est
1686 3134 1735 3179 in
1777 3130 1946 3201 ²5¹s2⁰
1983 3136 2046 3193 52:
2104 3131 2185 3182 19‘
2223 3133 2345 3180 27‘1.
2416 3121 2487 3177 lb
2540 3135 2554 3189 ᾗ

228 3198 319 3248 180
374 3204 439 3266 m
491 3205 659 3267 incipit
707 3208 886 3266 exigua
932 3207 1225 3267 subtractio,
1283 3221 1409 3270 quae
1459 3207 1673 3255 maxima
1720 3211 1796 3255 est
1843 3207 1892 3254 in
1945 3202 2004 3254 30
2054 3205 2126 3264 ‚2¹2
2186 3206 2233 3252 1¹
2287 3205 2374 3264 1“;
2402 3187 2487 3269 ἰή
2540 3199 2554 3250 i·

227 3270 318 3320 190
355 3273 402 3332 ‚Z
440 3290 625 3324 rursum
653 3279 823 3342 incipit
847 3277 1032 3327 additio
1057 3279 1265 3343 parvula
1281 3286 1330 3329 et
1354 3280 1408 3328 fit
1424 3280 1638 3328 maxima
1660 3279 1708 3325 in
1737 3277 1832 3326 250
1862 3278 1943 3342 ,ὅτ
1983 3280 2034 3326 3⁴
2062 3279 2185 3339 31⁹3
2213 3264 2484 3334 subtracffl
2537 3279 2554 3337 εἳ

224 3346 392 3407 incipit
429 3348 478 3393 in
518 3348 611 3395 22⁰
666 3359 759 3408 m,
813 3363 939 3414 quae
978 3354 1190 3400 maxima
1223 3360 1301 3401 'est
1338 3354 1384 3399 in
1430 3348 1487 3399 60
1535 3351 1620 3411 ὅτ
1661 3353 1749 3398 21’
1790 3353 1879 3409 1”,
1912 3351 2314 3412 consumiturque
2350 3340 2490 3412 paui&
2536 3347 2554 3398 ’ἰ

130 3412 170 3461 f
224 3417 359 3465 latim
399 3420 448 3464 in
489 3417 545 3466 20
584 3418 668 3486 ⁶3³·
743 3423 900 3486 Igitur
936 3439 966 3472 a
1007 3424 1064 3472 6⁰
1112 3423 1157 3485 ὅ
1210 3427 1258 3472 in
1300 3421 1469 3491 26¹,l20
1509 3430 1547 3488 §2
1589 3430 1811 3472 crescunt
1849 3430 2139 3488 apparentes
2186 3423 2314 3483 dies,
2343 3417 2483 3486 ‘iuthi
2532 3417 2554 3494 ἢ

230 3489 513 3539 decrescunt
549 3507 703 3554 usque
740 3497 788 3542 in
831 3494 887 3544 30
940 3496 1022 3557 l,
1077 3504 1298 3546 crescunt
1334 3501 1510 3546 iterum
1550 3511 1707 3559 usque
1743 3499 1791 3543 in
1833 3494 1928 3544 250
1967 3497 2058 3563 [6,
2112 3502 2160 3545 et
2198 3481 2480 3544 decrescat!
2530 3492 2540 3570 j

232 3577 386 3624 usque
425 3564 473 3608 in
517 3561 572 3609 60
621 3563 696 3623 ὅ.
772 3568 848 3615 Ita
885 3569 951 3629 fit,
994 3576 1045 3618 ut
1086 3572 1132 3617 in
1175 3568 1233 3617 20
1273 3573 1360 3618 24‘
1400 3567 1467 3637 fi}
1509 3570 1612 3618 dies
1661 3569 1896 3617 naturalis
1947 3571 2011 3617 sit
2047 3570 2382 3630 longissimus,
2426 3556 2480 3622 ff
2506 3584 2538 3635 μς

232 3633 324 3682 180
358 3639 407 3695 3(
443 3636 784 3698 brevissimus-3
824 3646 870 3686 et
907 3655 1095 3690 rursum
1134 3645 1352 3706 proxime
1390 3645 1502 3692 talis
1523 3645 1572 3690 in
1617 3639 1708 3689 120
1749 3642 1855 3701 ἐξ,
1896 3648 1948 3689 at
1984 3643 2033 3689 in
2075 3639 2171 3689 270
2208 3647 2271 3703 52,
2313 3637 2371 3687 3⁰
2403 3633 2474 3697 ,θ’
2527 3644 2535 3682 ¹

230 3704 324 3755 250
365 3707 448 3773 ἦ)
491 3703 548 3755 60
597 3701 666 3767 ὅ“
693 3710 972 3759 mediocris:
1027 3721 1081 3762 ut
1126 3718 1197 3763 sie
1246 3716 1333 3780 per
1375 3718 1615 3777 integrum
1655 3711 1998 3776 quadrantem,
2047 3716 2095 3761 in
2142 3713 2281 3776 cujus
2319 3706 2478 3759 medi&
2525 3710 2532 3747 Ι

228 3779 487 3829 solstitium
534 3777 768 3841 hiemale,
831 3784 1015 3831 scilicet
1070 3789 1132 3835 ab
1186 3787 1276 3835 180
1329 3791 1394 3852 m
1446 3801 1603 3850 usque
1651 3787 1698 3832 iu
1756 3784 1851 3833 220
1904 3796 1965 3839 1:52
2031 3792 2267 3851 perpetuo
2314 3774 2531 3849 tenfflst

228 3859 423 3902 maneat
460 3853 558 3903 fere
597 3853 867 3903 mediocris.
945 3856 1168 3921 Denique
1208 3861 1446 3924 particula
1483 3861 1597 3909 anni
1633 3872 1667 3907 a
1706 3854 1764 3906 6⁰
1812 3857 1857 3919 ὅ
1908 3874 1996 3923 per
2030 3859 2291 3909 solstitium
2329 3853 2478 3904 aest*
