2554 4140
212 158 279 207 47
286 158 318 207 0
1055 147 1292 205 Epitomes
1321 148 1638 194 Astronomiae

211 303 471 387 physicae,
523 300 615 347 nisi
655 297 788 362 quod
826 313 940 348 area
976 298 1214 381 producta
1254 298 1552 346 convertitur
1590 300 1638 346 in
1678 299 1919 363 scrupula,
1961 299 2178 363 qualium
2216 300 2264 348 in
2302 315 2467 352 mense

212 376 358 440 pleno
397 376 504 437 ipsa
542 374 657 421 facit
699 373 800 421 60‘.

356 443 417 488 Ut
447 443 485 487 si
518 441 659 487 centri
688 441 725 484 B
757 439 1069 485 eecentricitas
1100 434 1175 483 BZ
1207 443 1442 483 menstrua
1474 439 1533 484 sit
1563 441 1692 496 3529,
1723 441 1862 498 hujus
1894 441 2126 486 dimidium
2160 442 2333 500 1764¹s2
2365 443 2468 489 duc·

209 514 306 554 tum
335 507 381 551 in
413 506 792 553 semidiametrum
822 506 900 551 ΒΟ
936 511 1059 551 creat
1088 518 1238 549 aream
1270 504 1384 548 BZO
1421 506 1809 552 176450000.1n
1842 521 1996 554 mense
2027 521 2133 553 vero
2165 513 2327 565 plene,
2369 521 2471 554 cum

212 576 249 620 B
281 581 351 620 est
379 574 426 618 in
459 574 498 618 E
532 580 577 618 et
605 580 838 620 menstrua
869 573 1179 618 eecentricitas
1211 572 1294 616 AE
1326 572 1464 627 4362,
1506 572 1558 616 fit
1598 586 1702 618 area
1742 574 1915 620 isthaec
1945 576 2222 623 218100000.
2284 575 2332 620 Si
2363 589 2470 635 ergo

211 641 474 686 218100000
500 639 621 684 valet
651 640 864 697 scrupula
895 640 976 688 60‘,
1009 651 1115 683 area
1146 650 1362 695 praesens
1395 639 1658 685 176450000
1688 638 1856 684 valebit
1886 641 1956 686 48‘
1987 643 2076 688 33⁴¹
2108 642 2322 699 scrupula
2350 655 2471 687 men-

212 711 340 751 strua
369 717 452 762 pro
483 704 570 749 hoc
600 718 754 750 mense
783 703 1006 750 technico.
1087 716 1097 728 Χ

355 781 639 831 Notandum
674 781 768 842 hic,
808 784 848 830 si
885 771 1246 830 accuratissime
1276 781 1565 828 insistamus
1604 780 1787 843 figurae
1826 784 1979 846 ipsius
2007 785 2206 846 orbitae,
2247 783 2472 834 conside-

211 861 389 916 rantes,
429 854 563 904 illam
590 853 653 903 ad
683 855 957 918 exemplum
997 861 1264 904 ceterorum
1302 853 1606 916 planetarum
1635 869 1740 903 esse
1770 854 2047 918 ellipticam,
2089 863 2204 906 tunc
2241 857 2472 906 semidia-
2527 913 2530 915 μ

212 935 392 978 metros
418 926 522 988 ΒΟ,
563 928 650 976 BN
676 927 823 992 paulo
853 943 959 976 esse
987 929 1234 977 breviores
1268 927 1638 982 semidiametris
1667 927 1775 993 BD,
1814 929 1913 989 BF,
1954 929 2100 992 idque
2139 937 2274 978 tanto
2300 931 2471 992 magiS,

213 1007 396 1065 quanto
434 1002 608 1050 rectior
643 1007 716 1049 est
752 999 920 1059 DBO,
969 1001 1097 1049 eirca
1135 999 1464 1062 longitudines
1514 999 1714 1048 medias.
1793 1001 1895 1050 Nec
1942 1002 2117 1051 desunt
2161 1002 2473 1053 fundamenta

214 1073 526 1139 computandi
579 1073 667 1122 has
716 1073 1027 1122 abbreviatas
1080 1073 1464 1122 semidiametros
1525 1088 1584 1121 ex
1630 1072 1753 1121 libro
1807 1075 1867 1124 V.
1925 1076 2028 1124 sive
2075 1078 2367 1138 geometrice
2414 1090 2474 1126 ex

213 1147 489 1207 schcmate,
539 1148 644 1196 sive
685 1146 1028 1209 compendiose
1082 1153 1130 1196 et
1166 1161 1319 1211 prope
1358 1161 1524 1194 verum
1575 1161 1633 1195 ex
1673 1147 1841 1209 regula
1887 1149 1955 1196 ibi
1993 1149 2183 1197 tradita.
2262 1149 2327 1198 At
2366 1163 2507 1198 cum-

214 1226 351 1269 tanta
389 1220 661 1268 subtilitate
700 1233 798 1268 non
836 1221 900 1268 sit
941 1233 1090 1282 opus,
1143 1226 1361 1283 praestat
1399 1232 1506 1267 eam
1547 1221 1787 1278 omittere,
1846 1236 1990 1283 quam
2032 1228 2226 1285 captum
2264 1229 2474 1272 novatae

214 1295 564 1357 aequationum
612 1293 797 1341 formae
845 1292 1006 1341 adhuc
1056 1293 1375 1342 difficiliorem
1426 1293 1640 1349 reddere,
1730 1293 1947 1342 Maxima
2004 1295 2200 1357 quidem
2261 1298 2476 1344 omnium

214 1368 420 1417 curtatio
458 1380 543 1414 seu
583 1365 795 1414 latitudo
837 1365 1037 1415 lunulae
1086 1369 1133 1414 in
1174 1366 1374 1415 totalem
1415 1367 1821 1415 eecentricitatem
1872 1368 2020 1417 ducta
2071 1371 2216 1431 inque
2255 1366 2514 1417 denomi-'

214 1443 464 1489 nationem
504 1441 878 1488 astronomicam
919 1454 1170 1500 conversa,
1210 1454 1307 1488 non
1348 1440 1494 1488 efficit
1536 1442 1561 1486 7
1592 1439 1821 1501 secunda,
1863 1455 1989 1503 quae
2029 1441 2173 1490 dueta
2215 1443 2259 1488 in
2288 1440 2346 1489 2⁰
2373 1444 2474 1503 30‘,
2551 1430 2554 1444 ’

211 1515 556 1576 aequationem
581 1514 842 1561 maximam
871 1520 1182 1573 menstruam,
1226 1513 1373 1562 efficit
1406 1515 1506 1559 17“
1532 1511 1651 1559 nibil
1679 1513 1819 1562 ultra.
1897 1513 2006 1563 Hoc
2031 1515 2084 1562 fit
2110 1522 2238 1574 tune,
2281 1515 2475 1578 quando

214 1587 255 1636 B
296 1589 344 1634 in
387 1587 423 1635 E
462 1584 642 1635 incidit.
724 1586 789 1634 At
828 1601 924 1649 quo
963 1585 1158 1649 longius
1200 1586 1240 1633 Β
1282 1586 1344 1634 ab
1384 1586 1421 1633 Ε
1462 1585 1689 1644 discedit,
1731 1586 1826 1635 hoc
1863 1589 2019 1636 minor
2057 1594 2360 1651 semper.est
2397 1588 2476 1638 hic

218 1659 508 1719 errorculus,
566 1657 749 1721 duplici
788 1660 999 1720 nomine,
1040 1667 1088 1709 et
1126 1661 1244 1723 quia
1283 1662 1490 1708 curtatio
1530 1660 1687 1707 minor
1729 1667 1778 1709 et
1814 1662 1931 1722 quia
1969 1662 2302 1710 eecentricitas
2339 1676 2475 1711 men-

213 1739 348 1783 strua
383 1734 554 1781 minor.

365 1805 503 1870 Quid
553 1812 622 1853 est
669 1812 1030 1868 aryumentum
1085 1805 1418 1868 lonyitudinis
1464 1806 1824 1853 menstruum?
1896 1807 1983 1855 Est
2031 1821 2170 1855 arcus
2222 1806 2486 1856 eecentrici.

215 1879 400 1936 Lunae,
450 1880 672 1942 inceptus
722 1892 753 1927 a
803 1878 1042 1942 parallela
1089 1878 1248 1928 lineae
1300 1879 1511 1941 apogaei
1550 1881 1782 1927 menstrui
1823 1879 1939 1942 (boc
1977 1890 2050 1928 est
2096 1879 2174 1929 vel
2213 1879 2309 1928 loci
2348 1879 2475 1930 Solis

214 1952 295 2002 vel
334 1952 440 2016 ejus
479 1951 716 2015 oppositi)
755 1952 806 1998 in
846 1951 1041 2000 easdem
1079 1958 1242 2014 partes
1282 1952 1458 2001 educta
1510 1958 1558 2000 et
1596 1964 1875 2000 numeratus
1915 1955 1961 2000 in
2003 1955 2352 2016 consequentia
2390 1965 2476 2002 us·-

219 2041 314 2087 que
364 2024 427 2074 ad
482 2025 663 2074 lineam
715 2025 811 2074 loci
849 2024 1020 2074 Lunae
1074 2027 1228 2088 primo
1278 2025 1501 2087 aequati,
1553 2039 1637 2074 seu
1686 2027 1979 2088 aequatione
2019 2026 2237 2075 solitaria
2287 2026 2514 2083 solutae¹

216 2099 393 2148 affecti.

365 2169 627 2233 Quomodo
664 2172 928 2220 invenitur
966 2176 1330 2234 aryumentum
1377 2170 1733 2220 menstruum?
1806 2171 2053 2220 Distantia
2092 2173 2297 2236 apogaei
2338 2186 2477 2222 men-

216 2246 337 2295 strui
375 2244 489 2308 (hoc
528 2250 601 2293 est
641 2243 718 2293 vel
756 2244 852 2294 loci
891 2243 1021 2294 Solis
1074 2243 1152 2292 vel
1193 2243 1298 2305 ejus
1339 2243 1572 2307 oppositi)
1611 2245 1674 2293 ab
1712 2258 1934 2308 apogaeo
1973 2245 2144 2293 Lunae
2198 2244 2475 2296 anomaliae

192 2317 408 2368 ,solutae
457 2316 788 2366 subtrahenda
834 2323 910 2367 est
956 2317 1018 2366 ab
1067 2315 1311 2365 anomalia
1357 2318 1589 2377 eecentri,
1646 2316 1838 2380 adjecto
1892 2319 1936 2367 ei
1990 2318 2168 2411 circulo
2208 2320 2396 2382 integro
2434 2318 2477 2387 si

215 2405 339 2455 opus
378 2395 480 2452 est,
519 2391 589 2439 sic
626 2397 843 2440 remanet
880 2396 1219 2453 argumentum
1258 2396 1574 2444 menstruum.
2456 2431 2475 2454 ,ς

363 2471 417 2517 In
449 2471 680 2517 schemate
711 2474 782 2519 89.
816 2474 876 2518 sit
906 2474 991 2517 ΑΗ
1021 2473 1142 2518 linea
1171 2472 1260 2518 loci
1292 2473 1422 2524 Solis,
1455 2474 1536 2517 AD
1569 2474 1690 2519 linea
1721 2473 1911 2531 apogaei
1943 2473 2146 2531 solutae,
2178 2474 2303 2519 HAD
2335 2474 2479 2519 minor

211 2544 359 2590 recte,
408 2549 552 2594 eoque
582 2537 666 2581 ΑΗ
697 2537 818 2582 linea
847 2538 1038 2595 apogaei
1077 2539 1320 2594 menstrui,
1364 2539 1496 2594 eique
1541 2539 1759 2596 parallela
1794 2540 1867 2584 BP
1907 2540 1954 2583 in
1986 2540 2166 2585 easdem
2196 2546 2350 2597 partes
2380 2539 2477 2597 BP,

2515 2394 2522 2399 ι

2532 2242 2554 2414 -..ρει-...α
2541 2170 2554 2217 ..7'
2538 2092 2554 2158 -,-¹—-
2542 2026 2551 2080 —0
2543 1961 2551 2009 a..
2545 1873 2554 1942 Q*
2542 1801 2554 1856 -ψ

214 2611 260 2651 et
288 2604 414 2649 HAD
449 2601 663 2647 distantia
695 2602 811 2648 Solis
846 2610 894 2647 ut
928 2602 1119 2661 apogaei
1148 2602 1368 2647 menstrui
1410 2604 1466 2648 ab
1506 2617 1710 2661 apogaeo
1740 2605 1914 2650 Lunae.
1977 2605 2045 2650 Sit
2074 2606 2209 2650 etiam
2241 2606 2320 2650 AL
2359 2605 2478 2653 linea
2527 2602 2537 2642 ἦ

213 2675 362 2716 motus
392 2669 551 2714 Lunae
580 2668 724 2725 primo
755 2670 950 2725 aequati,
985 2676 1030 2713 et
1060 2669 1141 2713 DL
1173 2669 1244 2713 vel
1277 2670 1390 2713 DBL
1425 2670 1650 2715 anomalia
1681 2672 1892 2715 eecentri,
1949 2670 2092 2716 Aufer
2121 2671 2259 2728 HAD,
2293 2673 2380 2718 hoc
2409 2675 2478 2718 est
2531 2701 2534 2740 i

213 2737 330 2781 PBD
362 2737 419 2781 ab
450 2735 598 2791 LBD,
629 2735 819 2780 restabit
849 2734 988 2788 LBP,
1034 2740 1346 2792 argumentum
1376 2742 1673 2780 menstruum.
1737 2736 1804 2780 Sit
1835 2735 1926 2780 AM
1967 2736 2089 2781 linea
2129 2741 2278 2782 motus
2308 2737 2478 2793 Lunae,
2530 2755 2554 2810 ··

214 2802 345 2847 DBM
376 2800 601 2846 anomalia
631 2800 848 2855 eecentri,
881 2799 967 2845 erit
997 2800 1126 2845 PBM
1157 2806 1472 2856 argumentum
1503 2807 1796 2846 menstruum.
1856 2853 1862 2856 μ

364 2877 482 2941 Qua
518 2893 574 2925 re
609 2883 1059 2938 repraesentantur
1096 2883 1142 2925 et
1177 2883 1549 2926 mensurantur
1587 2880 1912 2940 aequationes
1950 2878 2134 2927 Lunae
2171 2868 2489 2954 menstruae,-
2522 2877 2554 2926 ἱ

215 2956 541 3012 competentes
583 2950 700 2999 locis
739 2950 921 2999 Lunae
955 2950 1261 3011 propositis?
1341 2951 1478 2999 Areis
1528 2950 1881 3012 triangulorum
1930 2966 2076 3015 super
2116 2952 2247 3014 basi,
2303 2944 2478 3002 socen-⁴
2522 2963 2529 2974 ·

218 3024 424 3071 tricitate
461 3024 628 3086 puncti
666 3025 914 3083 menstrui,
955 3025 1202 3083 stantium,
1244 3025 1425 3072 vertice
1463 3025 1512 3070 in
1550 3032 1731 3086 puncto
1772 3025 1960 3073 orbitae
1999 3024 2166 3073 Lunae
2210 3026 2526 3091 proposito91

218 3094 521 3157 Rediguntur
567 3101 731 3145 autem
778 3110 919 3145 areae
963 3097 1094 3145 istae
1144 3095 1238 3144 hac
1276 3098 1383 3145 vice
1434 3096 1482 3143 in
1522 3095 1703 3159 gradus
1753 3103 1801 3145 ct
1839 3099 2052 3153 minuta,
2108 3098 2325 3159 qualium
2364 3095 2474 3148 arci
2517 3106 2554 3146 ¹¹

218 3166 368 3216 totius
409 3168 596 3217 orbitae
635 3168 770 3218 valet
806 3183 876 3231 gr.
923 3170 1044 3220 360

364 3235 426 3280 Ut
458 3237 563 3292 quia
595 3237 628 3283 C
661 3242 731 3283 est
759 3242 978 3294 punctum
1009 3242 1316 3293 menstruum,
1361 3238 1436 3282 CA
1470 3237 1567 3293 ejus
1600 3237 1914 3283 eecentricitas
1955 3249 1982 3281 a
2013 3238 2182 3284 Terrae
2223 3245 2379 3284 centro
2409 3235 2471 3294 A*
2513 3235 2554 3336 Ι

207 3300 259 3345 ‘si
278 3313 396 3355 ergo
426 3300 563 3346 fuerit
592 3303 638 3346 in
670 3303 822 3360 aliquo
853 3309 1079 3348 momento
1110 3304 1215 3348 talis
1247 3303 1508 3360 dispositio,
1540 3304 1672 3348 Luna
1701 3309 1912 3348 versante
1941 3304 1988 3346 in
2019 3304 2082 3360 L,
2123 3310 2232 3349 tunc
2263 3317 2368 3350 area
2395 3301 2471 3349 πῖ*

222 3366 375 3421 anguli
414 3367 527 3411 CLA
565 3368 749 3413 metitur
794 3370 1107 3426 aequationem
1145 3375 1436 3414 menstruam.
1507 3369 1680 3424 Quodsi
1731 3368 1819 3414 alio
1865 3374 2069 3424 tempore
2118 3383 2299 3415 reversa
2341 3339 2519 3416 fueriti

221 3431 378 3477 eadem
410 3430 666 3488 dispositio,
706 3434 823 3478 idem
855 3435 1030 3481 scilicet
1059 3435 1228 3479 mensis
1258 3435 1518 3490 technicus,
1560 3434 1692 3478 Luna
1721 3438 1829 3478 tunc
1868 3435 1914 3477 in
1944 3434 1994 3478 M
2024 3442 2254 3492 versante,
2298 3445 2472 3507 rursum
2509 3443 2554 3501 1

221 3510 330 3542 area
361 3496 484 3541 CAM
514 3497 664 3552 prodit
694 3512 950 3544 mensuram
981 3500 1263 3558 aequationis
1293 3506 1566 3546 menstruae.

372 3573 633 3636 Quomodo
684 3585 1011 3637 computatur
1058 3594 1182 3627 area
1229 3580 1507 3641 trianquli,
1558 3579 1704 3638 cujus
1740 3577 1870 3624 basis
1908 3581 1976 3622 est
2010 3580 2346 3625 eecentricitas
2388 3573 2518 3624 ΟΔ

2546 3386 2554 3414 l

219 3649 400 3709 puncti
442 3645 483 3694 0
509 3648 799 3694 menstrui?
872 3648 1135 3710 Quodlibet
1173 3651 1344 3699 horum
1382 3650 1731 3714 triangulorum
1768 3648 1917 3696 habet
1943 3651 2144 3709 socium,
2186 3651 2324 3711 cujus
2361 3660 2468 3696 ver·
2505 3664 2512 3678 ·
2548 3663 2554 3675 f

223 3726 303 3769 tex
341 3718 485 3778 idem,
525 3718 656 3766 basis
697 3733 810 3767 vero
851 3721 932 3767 BZ
972 3726 1303 3772 eecentricitas
1342 3731 1588 3772 menstrua
1626 3722 1775 3770 centri
1811 3723 2066 3769 eecentrici
2112 3722 2166 3782 B,
2208 3721 2471 3770 differentia
2505 3721 2552 3758 ¹¹

221 3794 346 3842 inter
383 3797 640 3853 utrumque
678 3798 753 3839 est
794 3794 1033 3854 particula
1070 3810 1254 3844 exsors.
1331 3797 1470 3844 Prius
1510 3797 1655 3858 igitur
1695 3799 1808 3841 sunt
1858 3794 2184 3856 computanda
2231 3791 2471 3855 triangula
2503 3802 2507 3817 ·

212 3865 345 3915 'haec
383 3866 518 3914 socia.
553 3869 601 3913 et
637 3863 875 3926 particula
913 3879 1090 3927 exsors,
1131 3875 1246 3916 tunc
1283 3868 1451 3917 addita
1487 3868 1610 3916 haec
1647 3866 1743 3914 illis
1783 3867 2034 3915 constituit
2071 3882 2210 3917 areas
2249 3868 2468 3929 triangu-
2502 3864 2508 3921 ἕ
2550 3878 2554 3906 2
