2554 4140
855 138 991 185 Liber
1017 137 1210 185 Primus.
1269 137 1381 184 Pars
1413 137 1576 184 Prima.
2249 141 2346 189 131

100 292 302 339 narium.
377 289 447 337 At
482 290 579 336 nisi
614 288 765 337 Terra
802 287 1009 337 rotunda
1047 292 1196 349 esset,
1246 285 1466 350 aequalis
1504 286 1600 334 ista
1636 287 1886 349 proportio
1923 284 2086 334 locum
2122 298 2220 333 non
2257 284 2351 334 ha-

99 365 248 411 beret.
324 361 473 410 Terra
511 375 625 424 ergo
663 359 872 410 rotunda
910 367 983 410 est
1031 366 1134 410 tam
1169 362 1219 414 in
1257 358 1636 423 septentrionem
1689 364 1736 407 et
1778 357 2054 422 meridiem,
2116 360 2262 421 quam
2300 358 2350 405 in

98 442 255 484 ortum
293 440 342 483 et
379 447 622 483 occasum.

243 506 468 568 Denique
506 511 644 569 patet
680 504 743 554 ad
783 505 979 555 oculum
1018 507 1137 554 citra
1173 504 1371 568 longam
1406 502 1843 564 ratiocinationem,
1882 505 2112 554 terminos
2149 504 2352 553 umbrae

23 576 28 581 “
97 580 332 628 terrestris
384 581 434 626 in
473 592 672 642 corpore
709 577 878 627 Lunae
920 578 1209 639 deficientis,
1264 584 1365 627 tam
1405 578 1491 639 qui
1527 581 1641 624 sunt
1677 575 1742 625 ad
1778 579 2159 639 septentrioneS,
2202 592 2352 641 quam

19 1414 32 1422 .
93 1393 181 1427 seu
220 1380 505 1429 eminentias
543 1394 630 1444 per
667 1385 822 1428 totam
860 1380 1073 1444 corporis
1109 1377 1465 1442 longitudinem
1504 1377 1584 1426 vel
1620 1377 1929 1427 latitudinem
1970 1379 2164 1442 ductas,
2206 1393 2353 1429 ocea-
2430 1381 2438 1390 “

97 653 182 714 qui
218 651 281 700 ad
318 657 562 713 austrum,
614 658 715 699 tam
753 651 815 700 ad
855 654 1114 710 orientem,
1155 666 1300 714 quam
1339 649 1404 699 ad
1442 648 1768 710 occidentem,
1822 663 1927 699 esse
1972 665 2112 700 arcus
2150 647 2352 714 perfecti

97 724 278 772 circuli.
354 724 542 788 Corpus
591 731 778 785 autem,
831 725 969 787 cujus
1015 726 1064 776 in
1117 723 1327 773 rotundo
1365 721 1481 772 Sole
1518 723 1667 786 positi
1711 722 1885 771 umbra
1924 723 2104 773 circulo
2143 725 2352 772 circum-

98 797 337 858 scribitur,
380 796 612 846 circulare
652 799 714 845 sit
750 811 947 846 necesse
987 803 1061 846 est
1098 797 1185 845 illo
1225 801 1398 856 tractu,
1437 794 1566 844 unde
1606 793 1856 844 descendit
1892 796 2078 857 umbra,
2117 802 2172 843 ut
2211 795 2353 845 docet

98 870 275 932 optica.
353 869 475 918 Cum
513 871 660 933 igitur
697 884 927 919 successu
965 871 1197 932 temporis
1234 868 1498 931 multisque
1535 867 1812 917 Lunaribus
1857 868 2132 939 eclipsibus·
2160 871 2352 917 contin-

94 942 322 1004 gentibus
372 957 538 991 omnes
588 944 801 1006 corporis
840 942 1019 991 Terrae
1074 941 1254 991 limites
1292 941 1416 991 tales
1462 941 1721 1004 projiciant
1758 941 1981 1003 umbrae,
2033 941 2351 1004 undiquaque

94 1017 243 1078 igitur
280 1014 430 1064 Terra
466 1016 675 1064 rotunda
712 1021 787 1063 est
824 1014 888 1063 ad
924 1029 1134 1064 sensum.

243 1087 380 1151 Quid
421 1092 464 1137 si
508 1088 666 1137 Terra
703 1091 924 1150 inqentes
961 1088 1164 1150 aliquas
1214 1087 1397 1135 habeat
1433 1087 1756 1147 eminentiae,
1809 1102 1963 1148 quaS,
2017 1087 2129 1135 licet
2163 1087 2352 1135 umbra

93 1167 140 1208 et
177 1164 491 1211 astronomia
527 1176 634 1210 non
668 1161 820 1224 facile
856 1159 1075 1225 deteyat,
1124 1162 1230 1222 ipse
1267 1165 1438 1207 tamen
1474 1173 1671 1220 sensus,
1714 1162 1757 1207 si
1802 1159 2014 1208 Terram
2054 1166 2210 1209 totam
2247 1175 2352 1208 uno

92 1235 287 1282 intuitu
325 1235 492 1282 liceret
529 1235 760 1294 lustrare,
785 1234 936 1297 facile
959 1233 1241 1282 detecturus
1276 1230 1474 1296 fuerit?
1544 1231 1706 1294 Negat
1730 1232 1824 1280 hoc
1845 1238 1948 1281 tam
1974 1239 2149 1282 natura
2176 1247 2350 1296 aquae,

95 1320 241 1368 quam
279 1308 594 1370 experientia.
668 1306 795 1354 Nam
831 1308 1014 1370 primo,
1066 1307 1108 1354 si
1160 1319 1334 1368 corpus
1372 1303 1551 1354 Terrae
1602 1305 1846 1354 notabiles
1890 1305 2096 1355 haberet
2144 1308 2350 1369 angulos

93 1466 185 1500 nus
223 1466 321 1501 non
360 1451 820 1502 circumfunderetur
858 1453 1023 1501 circuli
1062 1452 1229 1513 forma,
1270 1450 1356 1500 sed
1394 1451 1693 1514 interruptus
1730 1451 1888 1500 nudas
1922 1451 2205 1504 destitueret
2241 1452 2352 1502 illas

95 1526 405 1587 eminentiae,
457 1532 507 1575 et
543 1527 613 1574 sic
650 1539 748 1574 non
787 1539 997 1575 oceanus
1037 1526 1295 1574 continuus
1333 1530 1511 1584 terrae,
1563 1523 1650 1573 sed
1698 1529 1826 1574 terra
1864 1517 2096 1576 contiriua
2141 1527 2354 1588 cingeret

93 1599 278 1660 maria3
334 1613 432 1647 non
469 1600 710 1663 potuisset
746 1599 895 1662 igitur
932 1598 1112 1647 Terrae
1149 1597 1328 1661 globus
1380 1597 1442 1646 ab
1483 1601 1592 1645 ortu
1638 1597 1688 1644 in
1734 1612 1964 1648 occasum
2013 1605 2100 1649 aut
2136 1600 2353 1650 vicissim

94 1673 520 1735 circumnavigari‚
559 1670 692 1734 quod
728 1672 910 1720 factum
945 1671 1154 1735 legimus
1191 1670 1287 1719 hoc
1323 1669 1490 1719 seculo
1526 1684 1624 1718 non
1662 1671 1830 1720 semel.

237 1744 429 1794 Deinde
465 1746 507 1793 si
546 1746 653 1807 quis
693 1743 989 1795 conscendat
1026 1743 1292 1793 altissimos
1327 1747 1517 1792 montes
1559 1744 1774 1792 omnium
1802 1746 2154 1795 continentium
2197 1759 2353 1808 exque

94 1819 155 1866 iis
194 1818 571 1881 circumspiciat,
626 1816 849 1881 adeoque
899 1824 947 1867 et
991 1818 1310 1867 instrumento
1358 1818 1590 1866 metiatur
1640 1832 1783 1866 omne
1826 1817 2168 1869 libramentum
2219 1817 2354 1867 hori-

96 1892 254 1940 zontis
293 1892 468 1939 terreni
509 1892 837 1940 circumcirca:
889 1890 1132 1954 siquidem
1168 1903 1308 1939 mons
1345 1889 1458 1939 talis
1508 1891 1723 1939 omnium
1762 1891 2033 1941 vicinorum
2073 1891 2353 1953 altissimus,

0 1954 2 2011 Ϊ
55 2028 57 2032 f
94 1962 421 2028 deprehendet
459 1964 744 2020 observator
802 1979 861 2014 ex
899 1978 957 2014 eo
997 1964 1358 2028 depressionem
1398 1962 1595 2026 quidem
1645 1963 1862 2026 aliquam
1899 1966 2050 2014 totius
2087 1964 2354 2014 horizontis

0 3704 22 3771 ’l

0 3784 2 3792 ’
19 3790 24 3845 ἰ

93 2037 216 2086 infra
251 2036 592 2086 libramentum
631 2051 790 2100 aquae
830 2053 916 2087 seu
955 2038 1096 2087 basin
1134 2035 1499 2100 perpendiculi,
1545 2042 1683 2086 tanto
1722 2037 1958 2100 majorem
2005 2039 2180 2102 quavis
2216 2044 2354 2102 parte

92 2109 319 2172 finitoris,
374 2116 558 2173 quanto
597 2111 882 2160 remotiores
935 2111 1004 2159 ibi
1043 2111 1251 2174 spectati
1302 2109 1479 2159 fuerint
1519 2116 1710 2160 montes
1749 2113 1921 2175 ceteri,
1972 2113 2200 2176 nuspiam
2237 2125 2355 2162 vero

93 2181 452 2247 depressionem
506 2182 861 2234 animadvertet
903 2184 1140 2247 majorem
1189 2182 1380 2232 duobus
1429 2182 1685 2246 gradibus3
1736 2188 1875 2234 tanta
1923 2187 2051 2234 enim
2099 2190 2193 2248 est,
2245 2200 2355 2234 cum

94 2263 382 2320 prospectus
421 2262 497 2306 cst
532 2258 582 2304 in
619 2271 752 2306 mare
791 2272 853 2307 ex
890 2256 1148 2307 altitudine
1187 2255 1373 2304 dimidii
1410 2256 1632 2306 milliaris
1669 2260 1847 2321 magni,
1889 2258 2020 2321 quod
2050 2261 2357 2322 paucissimis

92 2329 217 2378 locis
256 2335 305 2378 et
341 2331 509 2380 nescio
546 2343 609 2379 an
647 2328 803 2392 ullibi,
842 2331 937 2379 nisi
973 2331 1096 2380 forte
1132 2330 1184 2376 in
1223 2328 1440 2383 Chilensi
1476 2321 1692 2394 regione,
1742 2333 1894 2380 totius
1933 2332 2187 2381 Peruanae
2227 2334 2360 2381 occi-

97 2400 448 2465 dentalissima,
504 2404 783 2488 contingere
831 2409 1006 2469 potest.
1083 2402 1323 2452 Montana
1373 2404 1500 2452 enim
1550 2408 1716 2452 tantae
1755 2404 2028 2454 altitudinis
2072 2405 2358 2469 plerumque

97 2482 212 2524 sunt
248 2475 503 2525 recondita
550 2478 600 2524 in
639 2478 940 2528 continentes
979 2475 1193 2538 medias,
1243 2474 1373 2526 unde
1419 2477 1471 2525 in
1507 2475 1656 2526 litora
1701 2481 1750 2527 et
1789 2492 2026 2529 oceanum
2070 2484 2359 2544 prospectus

93 2562 189 2599 non
228 2554 316 2599 est.

232 2621 379 2671 Patet
403 2623 563 2685 igitur,
604 2622 808 2672 circulos
847 2628 1088 2673 extremos
1108 2628 1264 2673 terrae
1291 2622 1624 2687 aspectabilis,
1663 2623 1848 2687 ubique
1876 2622 2096 2674 locorum
2123 2639 2182 2674 ex
2213 2624 2356 2675 editis

94 2696 341 2744 montibus
381 2696 509 2744 visui
546 2695 905 2758 circumjectos,
946 2710 1182 2760 apparere
1221 2709 1369 2759 quam
1405 2697 1624 2760 proxime
1662 2695 1853 2761 planos.

239 2769 306 2817 At
342 2769 383 2816 si
423 2767 574 2817 Terra
610 2767 815 2818 haberet
852 2769 1035 2818 alicubi
1073 2769 1317 2818 notabiles
1357 2771 1660 2830 eminentiae,
1701 2783 1885 2833 easque
1923 2784 2021 2819 non
2059 2771 2204 2819 unius
2243 2774 2356 2818 tan-

96 2846 198 2890 tum
234 2846 321 2890 aut
366 2839 566 2890 alterius
602 2842 806 2903 montis,
865 2842 952 2891 sed
1001 2843 1152 2892 totius
1191 2842 1384 2892 vicinae
1436 2844 1757 2903 continentis,
1816 2847 2060 2905 oporteret
2113 2858 2173 2892 ex
2226 2842 2356 2892 edito
2418 2881 2422 2889 .

90 2913 211 2978 jugo
264 2913 395 2963 illius
440 2914 730 2964 eminentiae
785 2914 1088 2964 horizontem
1136 2914 1304 2979 aliqua
1347 2917 1426 2965 sui
1461 2922 1602 2980 parte
1647 2915 1931 2965 notabiliter
1983 2915 2231 2966 dehiscere
2271 2931 2357 2966 seu

95 2984 358 3036 subsidere.
435 2986 661 3050 Denique
699 2987 976 3051 ubicunque
1012 2987 1230 3038 locorum
1267 2990 1550 3039 instituatur
1589 2987 1826 3037 dimensio
1864 2988 2001 3051 globi
2031 2988 2210 3039 Terrae
2250 2991 2355 3038 sine

97 3072 188 3123 ope
227 3059 377 3121 coeli,
420 3059 479 3108 de
519 3075 618 3123 qua
654 3073 794 3121 mox,
834 3061 1095 3111 dummodo
1135 3061 1368 3110 distantia
1402 3062 1629 3111 binorum
1666 3061 1885 3110 locorum
1924 3062 1986 3111 ad
2024 3076 2147 3126 opus
2186 3065 2354 3126 requi-

97 3133 298 3181 siturum
336 3133 385 3179 in
424 3131 595 3183 eadem
633 3147 824 3196 semper
861 3133 1162 3184 dimensione
1201 3135 1265 3183 sit
1302 3140 1447 3195 nota,
1498 3148 1689 3198 semper
1724 3133 1888 3197 prodit
1927 3134 2101 3184 eadem
2138 3137 2356 3201 proxime

96 3204 481 3255 semidiametros
532 3205 666 3269 globi
706 3205 938 3268 Telluris3
993 3206 1125 3268 quod
1181 3212 1255 3256 est
1306 3211 1618 3271 argumento,
1675 3206 1860 3256 nullam
1906 3207 2117 3258 Telluris
2166 3215 2354 3273 partem

96 3290 211 3340 prae
248 3277 448 3341 reliquis
486 3279 667 3342 insigni
705 3278 872 3342 aliqua
910 3282 1183 3341 quantitate
1220 3281 1271 3327 in
1310 3278 1466 3330 altum
1505 3281 1640 3343 erigi.

240 3350 448 3415 Semper
495 3358 552 3401 tu
595 3353 686 3401 hoe
720 3365 969 3414 usurpas,
1024 3365 1188 3415 aquas
1237 3366 1333 3401 esse
1373 3352 1739 3417 profundiores
1789 3353 2041 3416 litoribus,
2096 3361 2152 3403 at
2200 3354 2354 3416 vulyo

95 3423 331 3472 videntur
368 3424 569 3483 altiores
603 3426 679 3474 iis.
757 3425 867 3473 Non
905 3430 1018 3472 sunt
1055 3424 1280 3490 altiores,
1321 3425 1409 3475 sed
1446 3426 1630 3475 fallitur
1667 3425 1746 3475 hic
1785 3428 2061 3477 aestimatio
2102 3428 2354 3487 sensitiva,

97 3502 152 3544 ut
198 3495 372 3546 docent
422 3499 584 3562 optici.
679 3497 746 3546 At
795 3499 837 3547 si
884 3502 1019 3546 stans
1078 3499 1125 3544 in
1175 3496 1318 3546 litore
1373 3500 1589 3548 metiaris
1643 3499 1965 3562 instrumento
2014 3500 2356 3549 libramentum

96 3568 359 3630 undarum,
412 3572 558 3620 etiam
609 3585 732 3634 quas
780 3571 994 3620 omnium
1043 3574 1282 3619 extremas
1319 3571 1456 3621 visus
1506 3572 1804 3635 assequitur,
1856 3588 2167 3637 nequaquam
2207 3575 2254 3620 in
2295 3574 2354 3619 iis

96 3640 433 3704 elevationem,
472 3642 559 3693 sed
593 3658 784 3708 semper
823 3644 1049 3706 exiguam
1074 3642 1290 3705 aliquam
1319 3643 1649 3694 declivitatem
1683 3644 2031 3709 deprehendeS,
2071 3646 2355 3710 apparebit-

99 3716 192 3777 'que
229 3729 324 3764 non
363 3716 611 3766 imminere
649 3718 789 3766 terris
827 3716 1008 3776 undas,
1049 3714 1135 3763 scd
1175 3714 1298 3764 infra
1335 3717 1446 3765 illas
1485 3717 1752 3768 subsidere.

243 3786 460 3850 Explica
509 3804 688 3839 causas
736 3789 889 3850 hujus
934 3790 1119 3838 erroris
1169 3791 1224 3836 in
1262 3791 1590 3839 aestimando.
1669 3790 1820 3839 Visus
1872 3797 2036 3855 partes
2082 3793 2227 3839 mar1s
2267 3804 2355 3837 ex-

0 3863 24 3891 ''
99 3863 274 3908 tremas
312 3861 504 3925 inspicit
544 3862 697 3911 oculis
738 3861 1100 3919 elevatioribus,
1143 3875 1290 3921 quam
1321 3864 1529 3923 vicinas3
1571 3862 1743 3924 quodsi
1772 3873 1936 3926 partes
1967 3864 2080 3911 illae
2109 3870 2353 3911 extremae

1905 3951 1981 3998 9*
