2554 4140
784 118 924 164 Liber
953 118 1168 174 Quartus.
1215 101 1342 163 'Pars
1374 116 1596 163 Secunda.
2220 120 2323 172 355

62 267 337 316 necessario
375 266 604 314 statuitur
642 279 749 314 esse
786 267 837 313 in
876 266 961 315 illo
1001 270 1243 317 communi
1281 267 1413 317 nodo
1450 266 1767 329 sphaerarum
1817 267 2056 328 omnium,
2111 272 2165 314 ut
2201 266 2326 313 iutra

63 338 360 400 probabitur,
401 353 508 387 esse
546 339 763 399 proxime
802 353 885 387 cor
909 341 1091 401 mundi,
1131 357 1221 391 nec
1254 348 1416 390 tamen
1453 339 1636 401 inipso
1677 337 1821 387 corde
1854 339 2044 399 mundi,
2076 337 2200 387 -Sole
2225 340 2323 386 sci-

60 411 206 471 licet;
251 411 490 470 secundo,
544 412 663 472 quia
711 413 785 459 vis
837 415 1014 461 motrix
1064 428 1162 462 non
1199 421 1364 477 potest
1397 411 1607 461 residere
1647 412 1692 458 in
1740 418 1921 473 puncto
1960 409 2323 471 mathematice,

61 483 148 532 sed
183 484 384 546 requirit
421 495 611 545 corpoe,
652 484 876 533 nimirum
917 500 998 534 cor
1022 487 1206 548 mundi,
1244 486 1435 547 Solem;
1474 485 1632 544 tertio,
1673 486 1789 546 quia
1814 486 1889 530 vis
1925 487 2099 532 motrix
2128 474 2325 532 omnino'

0 591 4 595 ψ
62 557 157 604 sibi
194 556 411 618 postulat
450 562 666 604 centrum
692 557 874 619 mundi,
916 561 963 606 in
1005 556 1104 622 quo
1127 559 1212 609 Sol
1253 561 1357 622 ipse
1384 563 1473 619 est,
1514 559 1640 606 sicut
1665 556 1940 619 superficiei
1977 557 2143 605 mundi
2171 559 2325 621 quies,

61 635 223 678 motus
262 628 549 677 intermedio
591 632 836 692 competit.

85 756 89 759 ,
209 702 256 750 5.
302 701 528 764 Inprimis
584 717 700 750 vero
738 702 1026 752 Braheanae
1074 705 1346 753 sententiae
1404 701 1706 766 eripiendum
1757 706 1832 750 est
1878 699 1972 749 hoc
2025 708 2073 750 et
2123 701 2327 750 demon-

62 773 339 834 strandum,
380 774 513 836 quod
551 789 647 823 non
688 773 879 824 differat
915 782 1131 824 centrum
1169 778 1383 839 regionis
1420 775 1674 824 mobilium
1712 788 1742 821 a
1781 780 1944 822 centro
1985 773 2128 822 Solis.
2201 774 2328 822 Nam

61 850 102 895 si
141 847 236 895 hoc
260 856 495 910 sequatur
518 848 752 909 BraheuS,
793 854 992 910 cogetur
1027 853 1278 911 assignare
1306 848 1409 898 Soli
1448 849 1599 898 alium
1628 851 1826 903 motum,
1867 846 1980 894 huic
2019 860 2134 895 vero
2161 854 2324 895 centro

61 918 313 968 mobilium
363 922 509 968 etiam
558 921 708 969 alium
749 920 1077 979 differentem,
1129 937 1226 984 quo
1266 930 1401 970 motu
1440 922 1540 982 fiat,
1579 929 1634 969 ut
1672 919 1757 969 Sol
1791 919 1897 982 jam
1935 918 2196 968 antecedat
2235 920 2327 968 hoc

62 1000 291 1053 centrum,
328 993 432 1055 jam
469 1000 717 1056 sequatur,
751 995 858 1056 jam
895 1008 1044 1056 supra
1080 1002 1190 1056 stet,
1227 996 1331 1058 jam
1370 995 1508 1056 infra,
1550 1003 1598 1044 et
1637 1002 1799 1043 tamen
1824 998 2085 1055 utrumque
2124 991 2328 1041 eandem

61 1080 253 1128 semper
289 1065 473 1115 habeat
510 1066 765 1129 periodum
802 1069 1049 1128 temporis.
1373 1071 1376 1075 '

210 1141 255 1188 6.
313 1138 441 1201 Quin
481 1130 629 1188 etian']
668 1140 910 1188 accideret
946 1139 1141 1189 Braheo
1191 1141 1456 1190 absurdum
1504 1148 1552 1189 et
1597 1139 1819 1188 mirabile
1869 1136 2003 1201 quid.
2079 1135 2164 1185 Sol
2203 1139 2329 1184 enim

60 1218 336 1261 moveretur
383 1219 521 1260 motu
572 1215 853 1272 eccentrici,
905 1213 1091 1261 habens
1142 1214 1362 1276 apsidem
1393 1213 1558 1262 ‘hodie
1599 1216 1645 1260 in
1687 1212 1898 1271 Cancro,
1954 1215 2171 1258 centrum
2211 1223 2327 1259 vero

58 1284 315 1333 mobilium
352 1284 556 1335 haberet
592 1291 754 1334 motus
791 1288 869 1333 sui
906 1286 1163 1335 eccentrici
1211 1286 1431 1349 apsidem
1472 1289 1519 1335 in
1560 1287 1790 1350 opposito
1833 1286 1974 1345 signo
2016 1282 2326 1346 Capricorno.

60 1358 129 1406 At
166 1372 294 1420 quae
332 1357 480 1420 hujus
516 1359 585 1406 rei
624 1373 774 1407 causa
811 1358 974 1407 esset?
2154 1403 2159 1409 .

207 1433 252 1479 7.
304 1429 444 1480 Haec
483 1430 580 1480 duo
619 1431 792 1480 ultima
830 1438 1117 1494 argumenta
1153 1433 1389 1494 praebent
1422 1446 1572 1480 unum
1610 1436 1951 1494 argumentum
1977 1430 2125 1478 etiam
2163 1431 2330 1477 contra

62 1502 412 1566 Copernicum‚
467 1510 710 1566 quatenus
758 1506 905 1552 etiam
957 1506 1061 1567 ipse
1098 1504 1280 1553 nodum
1333 1507 1480 1554 istum
1517 1506 1824 1568 planetarum
1864 1504 2080 1553 omnium
2120 1501 2328 1550 collocat

60 1577 275 1638 proxime
314 1577 494 1638 Solem,
538 1592 635 1625 non
673 1579 724 1624 in
764 1579 871 1639 ipso
910 1577 1040 1627 Sole.
1119 1577 1350 1627 Omnium
1386 1578 1684 1641 reliquorum
1723 1577 2060 1640 primariorum
2097 1576 2328 1637 planeta—

61 1664 167 1698 rum
204 1655 366 1698 motus
403 1651 453 1697 in
492 1650 587 1699 hoc
626 1653 946 1712 conveniunt,
987 1651 1120 1713 quod
1158 1658 1363 1716 puncta,
1405 1654 1532 1700 circa
1570 1667 1697 1715 quae
1735 1657 1896 1698 motus
1937 1663 2102 1698 eorum
2142 1650 2332 1709 aequa—‘

61 1722 185 1771 biles
223 1729 473 1785 apparent,
515 1723 741 1772 differunt
778 1726 874 1775 situ
913 1738 944 1772 a
983 1731 1147 1773 centro
1188 1727 1431 1773 communi
1456 1726 1669 1787 regionis
1708 1723 1985 1782 mobilium,
2027 1722 2135 1769 sola
2159 1719 2330 1769 Tellus

0 1827 1 1862 ‡
60 1794 154 1853 hoc
189 1797 349 1858 ipsum
388 1803 621 1858 punctum
646 1811 734 1859 pro
774 1811 944 1845 norma
969 1798 1046 1846 sui
1082 1803 1243 1847 motus
1271 1798 1571 1858 observaret,
1611 1799 1653 1846 si
1679 1796 1767 1846 Sol
1802 1810 1898 1844 non
1930 1799 2070 1843 'esset
2106 1793 2159 1841 in'
2182 1794 2331 1856 ipsis-

59 1869 184 1917 simo
224 1877 388 1918 centro
426 1871 639 1931 regionis
677 1870 946 1918 mobilium.
1025 1869 1094 1918 At
1132 1885 1258 1932 quae
1297 1870 1444 1932 hujus
1485 1871 1783 1920 diversitatis
1823 1883 1972 1917 causa
2010 1866 2176 1916 esset?
2269 1918 2272 1922 A

0 1896 3 2032 ι
103 1977 105 1984 .
195 1935 256 1989 ’8.
334 1942 559 2004 Denique
599 1956 775 2002 causa,
828 1958 912 1992 cur
950 1942 1247 2005 Copernicus
1288 1951 1336 1992 et
1373 1944 1596 1993 Braheus
1639 1943 1824 1991 differre
1861 1942 2063 1990 fecerint
2100 1942 2195 2001 ista
2233 1938 2330 1988 duo

0 2045 4 2068 2,
62 2019 252 2074 centra,
299 2029 398 2063 non
437 2023 512 2063 est
547 2015 789 2065 sufficiens
829 2031 918 2065 nec
955 2018 1076 2065 satis
1114 2019 1457 2066 astronomica.
1535 2017 1661 2066 Nam
1700 2016 1762 2064 ad
1802 2014 1850 2062 id
1887 2014 1959 2062 ssli
1998 2013 2180 2061 redacti
2218 2017 2332 2060 sunt

65 2093 252 2135 tantum
289 2102 376 2150 per
415 2088 532 2148 hoc,
574 2089 705 2151 quod
745 2091 793 2136 in
832 2092 933 2137 suis
973 2089 1139 2138 formis
1176 2089 1523 2153 hypothesium
1565 2091 1825 2138 voluerunt
1864 2088 2131 2150 exprimere
2172 2087 2331 2134 omni-

1 2139 6 2226 }
59 2159 269 2223 modam,
298 2161 729 2223 aequipollentiam
768 2163 954 2210 formae
971 2162 1319 2212 Ptolemaicae.
1398 2163 1551 2225 Atqui
1589 2176 1787 2211 necesse
1825 2174 1924 2209 non
1956 2166 2075 2219 erat,
2115 2164 2170 2207 ut
2207 2157 2332 2206 Pto-

0 2235 5 2280 :²
39 2231 238 2306 ,lernaei
277 2236 499 2297 vestigiis
538 2241 636 2283 tam
674 2250 841 2298 presse
879 2237 1171 2285 insisterent.
1249 2235 1443 2299 Quippe
1474 2236 1788 2285 Ptolemaeus
1826 2247 1924 2283 non
1964 2247 2131 2281 omnes
2169 2237 2331 2295 partes

0 2312 7 2412 Γ
61 2320 183 2356 suae
222 2306 554 2368 hypotheseos
592 2322 651 2357 ex
690 2310 1116 2357 observationibus
1155 2311 1421 2370 exstruxit,
1462 2309 1548 2358 sed
1588 2309 1743 2357 multa
1780 2306 2054 2370 superbae
2090 2319 2331 2368 praecon-

6 2382 8 2402 ³
62 2385 203 2441 cepta
242 2379 368 2427 falsa
404 2382 633 2443 opinione
672 2381 923 2442 fundavit,
963 2381 1094 2443 quod
1134 2373 1358 2444 oporteat
1394 2396 1788 2446 praesupponere
1825 2387 1986 2428 motus
2026 2377 2331 2441 planetarum

62 2466 148 2514 per
180 2457 335 2499 totum
375 2453 607 2501 circulum
635 2454 936 2517 aequabiles,
977 2453 1109 2516 quod
1138 2455 1495 2504 demonstratur
1533 2470 1591 2504 ex
1620 2454 2049 2504 observationibus
2090 2466 2196 2500 esse
2234 2450 2331 2500 fal-

62 2538 186 2573 sum.
262 2524 401 2578 Haec
437 2534 726 2588 argumenta
765 2529 1117 2587 astronomica,
1171 2528 1251 2576 hic
1288 2530 1380 2577 sub
1420 2543 1569 2576 unum
1620 2533 1871 2591 aspectum
1922 2525 2190 2583 collocata,
2246 2525 2330 2586 qui

61 2596 218 2648 solide
257 2598 394 2659 cupit
429 2598 718 2661 intelligere,
755 2601 799 2647 is
839 2599 987 2649 adeat
1023 2615 1134 2649 mea
1173 2601 1536 2651 Commentario,
1574 2600 1634 2650 de
1672 2601 1887 2649 mothus
1925 2598 2099 2648 stellae
2137 2596 2326 2645 Martis.

213 2669 407 2732 Quibus
456 2671 672 2734 denique
723 2675 1041 2734 aryumentis
1087 2674 1273 2734 probas
1318 2680 1376 2723 tu
1413 2677 1461 2734 4,
1506 2681 1738 2724 centrum
1780 2673 1932 2727 Solis,
1987 2669 2123 2732 quod
2168 2674 2237 2717 est
2272 2671 2330 2716 in

12 2746 13 2791 ζ
61 2743 342 2795 meditullio
377 2744 580 2794 orbium
623 2746 1062 2807 planetariorum,
1113 2753 1311 2808 qestans
1354 2753 1515 2797 totum
1562 2761 1737 2796 eorum
1782 2751 2020 2808 systema,
2072 2743 2202 2790 ‘non'
2228 2743 2329 2789 cir-

0 2837 1 2850 ³
63 2818 257 2869 cumire
306 2817 480 2878 aliquo
529 2824 672 2867 motu
722 2833 929 2883 annue,
978 2824 1038 2867 ut
1086 2820 1194 2868 vult
1237 2819 1495 2881 Braheus,
1543 2820 1629 2868 sed
1670 2817 1946 2867 secundum
1994 2814 2327 2876 Oopernicum

13 2913 16 2951 f
62 2888 269 2950 haerere
306 2892 362 2937 in
400 2905 507 2939 uno
545 2891 652 2940 loco
691 2891 958 2950 immobile,
1007 2891 1192 2940 Terrae
1231 2906 1350 2942 vero
1387 2900 1616 2941 centrum
1644 2906 1822 2940 annuo
1860 2894 2005 2938 motu
2027 2886 2334 2936 circumire?

16 2987 17 3002 κ
66 2953 172 3021 Etsi
221 2975 318 3011 uno
358 2962 688 3012 demonstrato
728 2970 777 3012 et
814 2963 1019 3012 alterum
1068 2968 1346 3014 necessario
1382 2967 1627 3028 seqnitur,
1665 2962 1925 3030 ‚quaedam
1971 2966 2132 3009 tamen
2182 2975 2328 3023 argu-

67 3042 233 3083 menta
270 3037 431 3098 ipsum
472 3036 636 3084 Solem
676 3038 875 3099 propius
916 3038 1146 3099 attinent,
1188 3038 1429 3100 quaedam
1469 3037 1742 3097 Tellurem,
1784 3033 2025 3098 quaedam
2064 3033 2334 3096 aequaliter

0 3149 12 3171 „
67 3113 340 3170 utrumque.

10 3175 14 3250 l,
70 3212 109 3238 ..⁴
210 3180 424 3229 Primum
463 3181 542 3229 hie
579 3181 756 3230 militat
794 3180 922 3231 idem
960 3188 1326 3245 argumentum,
1367 3196 1463 3244 quo
1498 3181 1603 3244 jam
1640 3180 1787 3230 modo
1830 3179 2187 3229 vindicavimus
2226 3177 2331 3228 Soli

11 3278 14 3317 l
69 3251 389 3306 meditullium
429 3255 640 3303 orbium:
680 3269 986 3317 supervacua
1023 3254 1208 3304 scilicet
1245 3254 1506 3303 multitudo
1547 3254 1736 3303 orbium
1777 3259 1826 3302 et
1863 3261 2080 3303 motuum
2117 3251 2329 3302 sublata,

11 3322 20 3432 ¹,
70 3322 195 3383 Nam
243 3327 371 3376 sicut
421 3334 505 3385 est,
542 3327 696 3376 multo
735 3327 1063 3390 probabilius,
1120 3342 1226 3376 esse
1266 3341 1413 3375 unum
1454 3326 1656 3389 aliquod
1697 3332 1912 3391 systema
1954 3327 2142 3374 orbium
2183 3325 2329 3384 Solis,

14 3447 23 3455 ,
72 3410 324 3458 wmmune
373 3411 421 3448 et
475 3409 640 3450 centro
679 3399 808 3448 Solis
857 3408 903 3448 et
942 3399 1011 3447 illi
1051 3399 1181 3448 nodo
1221 3402 1435 3461 quinque
1474 3400 1687 3460 orbium,
1739 3398 2005 3449 secundum
2045 3398 2330 3462 'l‘ychonem

15 3499 18 3533 ς
73 3466 256 3532 Brabe,
313 3487 458 3535 quam
511 3481 564 3522 ut
614 3473 867 3522 credamus
919 3471 1228 3532 Ptolemaeo,
1284 3474 1330 3519 in
1381 3471 1702 3535 unoquolibet
1759 3472 2331 3535 quinqueplanetarum

15 3550 26 3620 ¹,
73 3550 260 3605 practer
297 3546 440 3595 orbes
477 3546 542 3595 ad
589 3555 751 3595 motus
790 3560 954 3594 eorum
995 3546 1213 3607 proprios
1251 3550 1525 3606 spectantes
1573 3547 1731 3595 inesse
1770 3548 1966 3609 insuper
2014 3560 2164 3593 unum
2203 3546 2329 3592 inte-

17 3633 26 3682 '.
73 3628 213 3676 grum
246 3625 461 3680 systema
487 3620 690 3680 orbium,
731 3619 889 3668 simile
917 3617 979 3666 ad
1006 3632 1218 3678 unguem
1256 3623 1393 3666 sexto
1421 3616 1551 3668 Solis
1587 3621 1866 3683 systemati:
1906 3620 1976 3667 sic
2002 3620 2148 3667 etiam
2187 3629 2328 3678 porro

0 3684 27 3754 ⁷,
73 3700 200 3736 nunc
225 3695 299 3737 est
323 3691 475 3740 multo
513 3693 829 3754 probabilius,
872 3692 1011 3739 unius
1037 3688 1244 3737 Telluris
1284 3697 1496 3739 centrum
1537 3706 1698 3739 annuo
1739 3698 1871 3741 motu
1913 3692 2176 3749 circumire,
2215 3687 2329 3736 Sole

5 3763 27 3850 ',
77 3760 353 3819 quiescente
401 3765 667 3813 secundum
707 3766 1049 3828 Copernicum,
1100 3777 1246 3823 quam
1293 3761 1363 3810 illi
1417 3763 1545 3817 nodo
1593 3766 1808 3827 quinque
1857 3769 2178 3828 systematum
2220 3775 2328 3807 cum

21 3863 29 3899 ,
78 3829 276 3880 orbibus
312 3841 361 3884 et
397 3834 607 3898 planetis
646 3840 766 3900 ipsis
805 3845 853 3887 et
891 3844 1027 3886 sexto
1054 3834 1170 3884 Sole
1209 3834 1416 3884 eundem
1455 3850 1668 3887 annuum
1708 3843 1892 3886 motum
1931 3839 2146 3899 (praeter
2171 3839 2330 3881 motus

1845 3923 1960 3970 23*
