<?xml version="1.0" encoding="UTF-8"?>
<!DOCTYPE html PUBLIC "-//W3C//DTD XHTML 1.0 Transitional//EN"
    "http://www.w3.org/TR/xhtml1/DTD/xhtml1-transitional.dtd">
<html xmlns="http://www.w3.org/1999/xhtml" xml:lang="en" lang="en">
 <head>
  <title>
</title>
<meta http-equiv="Content-Type" content="text/html;charset=utf-8" />
  <meta name='ocr-system' content='tesseract 3.04.00' />
  <meta name='ocr-capabilities' content='ocr_page ocr_carea ocr_par ocr_line ocrx_word'/>
</head>
<body>
  <div class='ocr_page' id='page_1' title='image "./operaomniaedidit06kepluoft_0130.png"; bbox 0 0 2554 4140; ppageno 0'>
   <div class='ocr_carea' id='block_1_1' title="bbox 257 167 1511 226">
    <p class='ocr_par' dir='ltr' id='par_1_1' title="bbox 257 167 1511 226">
     <span class='ocr_line' id='line_1_1' title="bbox 257 167 1511 226; baseline 0.001 -14"><span class='ocrx_word' id='word_1_1' title='bbox 257 177 280 222; x_wconf 86' lang='lat'>1</span> <span class='ocrx_word' id='word_1_2' title='bbox 293 177 316 223; x_wconf 91' lang='lat'>1</span> <span class='ocrx_word' id='word_1_3' title='bbox 327 176 355 223; x_wconf 84' lang='grc'>6</span> <span class='ocrx_word' id='word_1_4' title='bbox 1304 167 1511 226; x_wconf 83' lang='lat' dir='ltr'><strong>Epistola</strong></span> 
     </span>
    </p>
   </div>
   <div class='ocr_carea' id='block_1_2' title="bbox 210 314 2527 2337">
    <p class='ocr_par' dir='ltr' id='par_1_2' title="bbox 210 314 2527 1540">
     <span class='ocr_line' id='line_1_2' title="bbox 253 314 2480 377; baseline -0.001 -11"><span class='ocrx_word' id='word_1_5' title='bbox 253 318 315 366; x_wconf 90' lang='lat' dir='ltr'>ad</span> <span class='ocrx_word' id='word_1_6' title='bbox 354 317 616 365; x_wconf 82' lang='lat' dir='ltr'>doctrinam</span> <span class='ocrx_word' id='word_1_7' title='bbox 667 322 904 377; x_wconf 83' lang='lat' dir='ltr'>veterum,</span> <span class='ocrx_word' id='word_1_8' title='bbox 960 323 1117 364; x_wconf 88' lang='lat' dir='ltr'>tamen</span> <span class='ocrx_word' id='word_1_9' title='bbox 1161 314 1291 364; x_wconf 87' lang='lat' dir='ltr'>illam</span> <span class='ocrx_word' id='word_1_10' title='bbox 1330 317 1484 377; x_wconf 84' lang='lat' dir='ltr'>ipsam</span> <span class='ocrx_word' id='word_1_11' title='bbox 1524 315 1716 377; x_wconf 88' lang='lat' dir='ltr'>expedit</span> <span class='ocrx_word' id='word_1_12' title='bbox 1764 331 1792 363; x_wconf 91' lang='lat' dir='ltr'>a</span> <span class='ocrx_word' id='word_1_13' title='bbox 1833 317 1977 364; x_wconf 87' lang='lat' dir='ltr'>variis</span> <span class='ocrx_word' id='word_1_14' title='bbox 2024 317 2301 365; x_wconf 87' lang='lat' dir='ltr'>auctoribus</span> <span class='ocrx_word' id='word_1_15' title='bbox 2339 316 2480 375; x_wconf 92' lang='lat' dir='ltr'>tradi,</span> 
     </span>
     <span class='ocr_line' id='line_1_3' title="bbox 257 386 2479 453; baseline -0.001 -16"><span class='ocrx_word' id='word_1_16' title='bbox 257 405 363 438; x_wconf 91' lang='lat' dir='ltr'>cum</span> <span class='ocrx_word' id='word_1_17' title='bbox 401 391 496 437; x_wconf 86' lang='lat' dir='ltr'>sint</span> <span class='ocrx_word' id='word_1_18' title='bbox 533 390 728 451; x_wconf 87' lang='lat' dir='ltr'>ingenia</span> <span class='ocrx_word' id='word_1_19' title='bbox 767 388 1050 438; x_wconf 89' lang='lat' dir='ltr'>discentium</span> <span class='ocrx_word' id='word_1_20' title='bbox 1090 390 1246 448; x_wconf 88' lang='lat' dir='ltr'>varia,</span> <span class='ocrx_word' id='word_1_21' title='bbox 1301 402 1390 435; x_wconf 89' lang='lat' dir='ltr'>nec</span> <span class='ocrx_word' id='word_1_22' title='bbox 1430 386 1584 435; x_wconf 89' lang='lat' dir='ltr'>eidem</span> <span class='ocrx_word' id='word_1_23' title='bbox 1625 402 1789 435; x_wconf 89' lang='lat' dir='ltr'>omnes</span> <span class='ocrx_word' id='word_1_24' title='bbox 1827 390 2054 450; x_wconf 89' lang='lat' dir='ltr'>magistro</span> <span class='ocrx_word' id='word_1_25' title='bbox 2104 392 2202 453; x_wconf 89' lang='lat' dir='ltr'>apti</span> <span class='ocrx_word' id='word_1_26' title='bbox 2243 389 2479 451; x_wconf 88' lang='lat' dir='ltr'>discipuli,</span> 
     </span>
     <span class='ocr_line' id='line_1_4' title="bbox 252 459 2480 522; baseline -0.001 -14"><span class='ocrx_word' id='word_1_27' title='bbox 252 477 340 511; x_wconf 89' lang='lat' dir='ltr'>nec</span> <span class='ocrx_word' id='word_1_28' title='bbox 378 460 503 510; x_wconf 90' lang='lat' dir='ltr'>idem</span> <span class='ocrx_word' id='word_1_29' title='bbox 544 462 765 510; x_wconf 87' lang='lat' dir='ltr'>omnibus</span> <span class='ocrx_word' id='word_1_30' title='bbox 805 462 1099 510; x_wconf 84' lang='lat' dir='ltr'>discentibus</span> <span class='ocrx_word' id='word_1_31' title='bbox 1137 460 1291 519; x_wconf 82' lang='lat' dir='ltr'>stilus,</span> <span class='ocrx_word' id='word_1_32' title='bbox 1332 474 1420 507; x_wconf 89' lang='lat' dir='ltr'>nec</span> <span class='ocrx_word' id='word_1_33' title='bbox 1447 459 1613 507; x_wconf 89' lang='lat' dir='ltr'>eadem</span> <span class='ocrx_word' id='word_1_34' title='bbox 1653 459 1906 508; x_wconf 82' lang='lat' dir='ltr'>methodus</span> <span class='ocrx_word' id='word_1_35' title='bbox 1934 463 2201 522; x_wconf 88' lang='lat' dir='ltr'>commoda,</span> <span class='ocrx_word' id='word_1_36' title='bbox 2240 476 2326 509; x_wconf 89' lang='lat' dir='ltr'>nec</span> <span class='ocrx_word' id='word_1_37' title='bbox 2353 461 2480 509; x_wconf 87' lang='lat' dir='ltr'>ullus</span> 
     </span>
     <span class='ocr_line' id='line_1_5' title="bbox 254 533 2480 597; baseline -0.001 -15"><span class='ocrx_word' id='word_1_38' title='bbox 254 536 458 597; x_wconf 84' lang='lat' dir='ltr'>scriptor</span> <span class='ocrx_word' id='word_1_39' title='bbox 495 534 617 582; x_wconf 90' lang='lat' dir='ltr'>adeo</span> <span class='ocrx_word' id='word_1_40' title='bbox 658 533 821 583; x_wconf 84' lang='lat' dir='ltr'>deviat</span> <span class='ocrx_word' id='word_1_41' title='bbox 860 550 889 582; x_wconf 89' lang='lat' dir='ltr'>a</span> <span class='ocrx_word' id='word_1_42' title='bbox 929 534 1167 582; x_wconf 86' lang='lat' dir='ltr'>communi</span> <span class='ocrx_word' id='word_1_43' title='bbox 1207 545 1360 591; x_wconf 89' lang='lat' dir='ltr'>more,</span> <span class='ocrx_word' id='word_1_44' title='bbox 1411 533 1490 592; x_wconf 90' lang='lat' dir='ltr'>qui</span> <span class='ocrx_word' id='word_1_45' title='bbox 1531 546 1628 579; x_wconf 90' lang='lat' dir='ltr'>non</span> <span class='ocrx_word' id='word_1_46' title='bbox 1666 535 1880 580; x_wconf 88' lang='lat' dir='ltr'>inveniat</span> <span class='ocrx_word' id='word_1_47' title='bbox 1917 548 2054 581; x_wconf 90' lang='lat' dir='ltr'>suum</span> <span class='ocrx_word' id='word_1_48' title='bbox 2092 534 2341 593; x_wconf 89' lang='lat' dir='ltr'>lectorem,</span> <span class='ocrx_word' id='word_1_49' title='bbox 2393 534 2480 580; x_wconf 86' lang='lat' dir='ltr'>iis-</span> 
     </span>
     <span class='ocr_line' id='line_1_6' title="bbox 253 602 2479 667; baseline -0.001 -14"><span class='ocrx_word' id='word_1_50' title='bbox 253 608 358 654; x_wconf 90' lang='lat' dir='ltr'>dem</span> <span class='ocrx_word' id='word_1_51' title='bbox 398 620 560 655; x_wconf 89' lang='lat' dir='ltr'>secum</span> <span class='ocrx_word' id='word_1_52' title='bbox 598 607 758 667; x_wconf 82' lang='lat' dir='ltr'>rebuS,</span> <span class='ocrx_word' id='word_1_53' title='bbox 800 606 969 656; x_wconf 90' lang='lat' dir='ltr'>eodem</span> <span class='ocrx_word' id='word_1_54' title='bbox 995 605 1105 654; x_wconf 87' lang='lat' dir='ltr'>stilo</span> <span class='ocrx_word' id='word_1_55' title='bbox 1145 604 1450 666; x_wconf 81' lang='lat' dir='ltr'>gaudentem.</span> <span class='ocrx_word' id='word_1_56' title='bbox 1529 602 1635 665; x_wconf 88' lang='lat' dir='ltr'>Quo</span> <span class='ocrx_word' id='word_1_57' title='bbox 1664 619 1752 667; x_wconf 89' lang='lat' dir='ltr'>ego</span> <span class='ocrx_word' id='word_1_58' title='bbox 1780 606 1979 653; x_wconf 88' lang='lat' dir='ltr'>consilio</span> <span class='ocrx_word' id='word_1_59' title='bbox 2011 621 2105 654; x_wconf 92' lang='lat' dir='ltr'>non</span> <span class='ocrx_word' id='word_1_60' title='bbox 2133 613 2318 655; x_wconf 85' lang='lat' dir='ltr'>tantum</span> <span class='ocrx_word' id='word_1_61' title='bbox 2346 608 2479 661; x_wconf 85' lang='lat' dir='ltr'>tritas</span> 
     </span>
     <span class='ocr_line' id='line_1_7' title="bbox 252 673 2482 739; baseline 0 -13"><span class='ocrx_word' id='word_1_62' title='bbox 252 687 299 726; x_wconf 90' lang='lat' dir='ltr'>et</span> <span class='ocrx_word' id='word_1_63' title='bbox 336 681 633 728; x_wconf 87' lang='lat' dir='ltr'>necessarias</span> <span class='ocrx_word' id='word_1_64' title='bbox 671 678 986 738; x_wconf 89' lang='lat' dir='ltr'>definitiones,</span> <span class='ocrx_word' id='word_1_65' title='bbox 1029 677 1112 725; x_wconf 91' lang='lat' dir='ltr'>sed</span> <span class='ocrx_word' id='word_1_66' title='bbox 1141 678 1284 724; x_wconf 88' lang='lat' dir='ltr'>etiam</span> <span class='ocrx_word' id='word_1_67' title='bbox 1321 676 1675 737; x_wconf 83' lang='lat' dir='ltr'>speculationes</span> <span class='ocrx_word' id='word_1_68' title='bbox 1701 673 1937 739; x_wconf 83' lang='lat' dir='ltr'>quasdam</span> <span class='ocrx_word' id='word_1_69' title='bbox 1962 677 2172 739; x_wconf 80' lang='lat' dir='ltr'>altioreS,</span> <span class='ocrx_word' id='word_1_70' title='bbox 2214 686 2265 726; x_wconf 90' lang='lat' dir='ltr'>ut</span> <span class='ocrx_word' id='word_1_71' title='bbox 2291 678 2482 727; x_wconf 86' lang='lat' dir='ltr'>metho-</span> 
     </span>
     <span class='ocr_line' id='line_1_8' title="bbox 210 750 2480 814; baseline -0.001 -16"><span class='ocrx_word' id='word_1_72' title='bbox 210 806 214 811; x_wconf 83' lang='lat'>.</span> <span class='ocrx_word' id='word_1_73' title='bbox 252 751 339 798; x_wconf 90' lang='lat' dir='ltr'>dus</span> <span class='ocrx_word' id='word_1_74' title='bbox 378 751 629 812; x_wconf 86' lang='lat' dir='ltr'>suadebat,</span> <span class='ocrx_word' id='word_1_75' title='bbox 671 753 970 811; x_wconf 83' lang='lat' dir='ltr'>commiscui,</span> <span class='ocrx_word' id='word_1_76' title='bbox 1012 756 1263 811; x_wconf 87' lang='lat' dir='ltr'>utrumque</span> <span class='ocrx_word' id='word_1_77' title='bbox 1304 762 1417 796; x_wconf 91' lang='lat' dir='ltr'>vero</span> <span class='ocrx_word' id='word_1_78' title='bbox 1455 763 1607 810; x_wconf 84' lang='lat' dir='ltr'>genus</span> <span class='ocrx_word' id='word_1_79' title='bbox 1644 750 1795 797; x_wconf 86' lang='lat' dir='ltr'>forma</span> <span class='ocrx_word' id='word_1_80' title='bbox 1822 753 2155 812; x_wconf 84' lang='lat' dir='ltr'>quaestionum</span> <span class='ocrx_word' id='word_1_81' title='bbox 2195 759 2241 798; x_wconf 91' lang='lat' dir='ltr'>et</span> <span class='ocrx_word' id='word_1_82' title='bbox 2279 766 2480 814; x_wconf 86' lang='lat' dir='ltr'>respon-</span> 
     </span>
     <span class='ocr_line' id='line_1_9' title="bbox 249 820 2479 887; baseline -0.001 -16"><span class='ocrx_word' id='word_1_83' title='bbox 249 826 440 872; x_wconf 88' lang='lat' dir='ltr'>sionum</span> <span class='ocrx_word' id='word_1_84' title='bbox 479 824 691 884; x_wconf 85' lang='lat' dir='ltr'>exhibui,</span> <span class='ocrx_word' id='word_1_85' title='bbox 733 831 786 872; x_wconf 93' lang='lat' dir='ltr'>ut</span> <span class='ocrx_word' id='word_1_86' title='bbox 824 838 979 887; x_wconf 90' lang='lat' dir='ltr'>neque</span> <span class='ocrx_word' id='word_1_87' title='bbox 1004 821 1343 884; x_wconf 86' lang='lat' dir='ltr'>incipientibus</span> <span class='ocrx_word' id='word_1_88' title='bbox 1371 820 1573 880; x_wconf 82' lang='lat' dir='ltr'>deesset,</span> <span class='ocrx_word' id='word_1_89' title='bbox 1616 822 1745 883; x_wconf 92' lang='lat' dir='ltr'>quod</span> <span class='ocrx_word' id='word_1_90' title='bbox 1772 830 1939 885; x_wconf 87' lang='lat' dir='ltr'>captus</span> <span class='ocrx_word' id='word_1_91' title='bbox 1965 823 2156 870; x_wconf 91' lang='lat' dir='ltr'>illorum</span> <span class='ocrx_word' id='word_1_92' title='bbox 2181 824 2286 882; x_wconf 82' lang='lat' dir='ltr'>fert,</span> <span class='ocrx_word' id='word_1_93' title='bbox 2325 838 2479 884; x_wconf 84' lang='lat' dir='ltr'>neque</span> 
     </span>
     <span class='ocr_line' id='line_1_10' title="bbox 250 894 2480 958; baseline -0 -15"><span class='ocrx_word' id='word_1_94' title='bbox 250 896 404 944; x_wconf 85' lang='lat' dir='ltr'>adulti</span> <span class='ocrx_word' id='word_1_95' title='bbox 443 902 491 945; x_wconf 92' lang='lat' dir='ltr'>et</span> <span class='ocrx_word' id='word_1_96' title='bbox 527 899 702 945; x_wconf 89' lang='lat' dir='ltr'>maturi</span> <span class='ocrx_word' id='word_1_97' title='bbox 737 896 920 958; x_wconf 87' lang='lat' dir='ltr'>judicio</span> <span class='ocrx_word' id='word_1_98' title='bbox 959 894 1174 943; x_wconf 87' lang='lat' dir='ltr'>taedium</span> <span class='ocrx_word' id='word_1_99' title='bbox 1213 895 1429 941; x_wconf 85' lang='lat' dir='ltr'>tritarum</span> <span class='ocrx_word' id='word_1_100' title='bbox 1467 901 1515 942; x_wconf 93' lang='lat' dir='ltr'>et</span> <span class='ocrx_word' id='word_1_101' title='bbox 1553 894 1823 956; x_wconf 87' lang='lat' dir='ltr'>vulgarium</span> <span class='ocrx_word' id='word_1_102' title='bbox 1862 895 2189 943; x_wconf 87' lang='lat' dir='ltr'>definitionum</span> <span class='ocrx_word' id='word_1_103' title='bbox 2232 895 2365 943; x_wconf 87' lang='lat' dir='ltr'>nulla</span> <span class='ocrx_word' id='word_1_104' title='bbox 2404 911 2480 942; x_wconf 89' lang='lat' dir='ltr'>re-</span> 
     </span>
     <span class='ocr_line' id='line_1_11' title="bbox 250 962 2480 1031; baseline -0 -15"><span class='ocrx_word' id='word_1_105' title='bbox 250 971 489 1018; x_wconf 86' lang='lat' dir='ltr'>creatione</span> <span class='ocrx_word' id='word_1_106' title='bbox 537 977 801 1031; x_wconf 89' lang='lat' dir='ltr'>temperare</span> <span class='ocrx_word' id='word_1_107' title='bbox 837 974 1062 1030; x_wconf 88' lang='lat' dir='ltr'>possent,</span> <span class='ocrx_word' id='word_1_108' title='bbox 1117 973 1164 1014; x_wconf 92' lang='lat' dir='ltr'>et</span> <span class='ocrx_word' id='word_1_109' title='bbox 1213 973 1267 1013; x_wconf 89' lang='lat' dir='ltr'>ut</span> <span class='ocrx_word' id='word_1_110' title='bbox 1317 966 1696 1028; x_wconf 84' lang='lat' dir='ltr'>speculationum</span> <span class='ocrx_word' id='word_1_111' title='bbox 1753 962 2008 1016; x_wconf 85' lang='lat' dir='ltr'>difficultas</span> <span class='ocrx_word' id='word_1_112' title='bbox 2062 967 2480 1016; x_wconf 86' lang='lat' dir='ltr'>interlocutionum</span> 
     </span>
     <span class='ocr_line' id='line_1_12' title="bbox 250 1036 2480 1106; baseline -0 -17"><span class='ocrx_word' id='word_1_113' title='bbox 250 1043 606 1106; x_wconf 86' lang='lat' dir='ltr'>opportunitate</span> <span class='ocrx_word' id='word_1_114' title='bbox 647 1041 975 1090; x_wconf 86' lang='lat' dir='ltr'>discuteretur.</span> <span class='ocrx_word' id='word_1_115' title='bbox 1052 1038 1240 1088; x_wconf 87' lang='lat' dir='ltr'>Deinde</span> <span class='ocrx_word' id='word_1_116' title='bbox 1278 1039 1372 1087; x_wconf 91' lang='lat' dir='ltr'>hoc</span> <span class='ocrx_word' id='word_1_117' title='bbox 1410 1041 1554 1087; x_wconf 89' lang='lat' dir='ltr'>etiam</span> <span class='ocrx_word' id='word_1_118' title='bbox 1586 1036 1886 1101; x_wconf 83' lang='lat' dir='ltr'>judicaturos</span> <span class='ocrx_word' id='word_1_119' title='bbox 1936 1047 2053 1102; x_wconf 91' lang='lat' dir='ltr'>puto</span> <span class='ocrx_word' id='word_1_120' title='bbox 2093 1040 2323 1097; x_wconf 80' lang='lat' dir='ltr'>artificeS‚</span> <span class='ocrx_word' id='word_1_121' title='bbox 2377 1056 2480 1088; x_wconf 90' lang='lat' dir='ltr'>me-</span> 
     </span>
     <span class='ocr_line' id='line_1_13' title="bbox 248 1106 2479 1176; baseline -0.001 -14"><span class='ocrx_word' id='word_1_122' title='bbox 248 1114 472 1175; x_wconf 89' lang='lat' dir='ltr'>thodum,</span> <span class='ocrx_word' id='word_1_123' title='bbox 533 1129 677 1176; x_wconf 90' lang='lat' dir='ltr'>quam</span> <span class='ocrx_word' id='word_1_124' title='bbox 716 1128 821 1162; x_wconf 92' lang='lat' dir='ltr'>sum</span> <span class='ocrx_word' id='word_1_125' title='bbox 860 1119 1079 1172; x_wconf 89' lang='lat' dir='ltr'>secutus,</span> <span class='ocrx_word' id='word_1_126' title='bbox 1134 1113 1321 1175; x_wconf 83' lang='lat' dir='ltr'>passim</span> <span class='ocrx_word' id='word_1_127' title='bbox 1361 1112 1537 1161; x_wconf 84' lang='lat' dir='ltr'>factam</span> <span class='ocrx_word' id='word_1_128' title='bbox 1576 1126 1683 1161; x_wconf 89' lang='lat' dir='ltr'>esse</span> <span class='ocrx_word' id='word_1_129' title='bbox 1737 1113 2130 1174; x_wconf 81' lang='lat' dir='ltr'>commodiorem3</span> <span class='ocrx_word' id='word_1_130' title='bbox 2182 1106 2297 1175; x_wconf 90' lang='lat' dir='ltr'>quin</span> <span class='ocrx_word' id='word_1_131' title='bbox 2336 1116 2479 1161; x_wconf 88' lang='lat' dir='ltr'>etiam</span> 
     </span>
     <span class='ocr_line' id='line_1_14' title="bbox 251 1184 2482 1250; baseline -0.002 -15"><span class='ocrx_word' id='word_1_132' title='bbox 251 1189 432 1236; x_wconf 86' lang='lat' dir='ltr'>omissa</span> <span class='ocrx_word' id='word_1_133' title='bbox 470 1187 704 1235; x_wconf 89' lang='lat' dir='ltr'>nonnulla</span> <span class='ocrx_word' id='word_1_134' title='bbox 741 1201 943 1250; x_wconf 65' lang='lat' dir='ltr'>par&#39;delgi</span> <span class='ocrx_word' id='word_1_135' title='bbox 980 1187 1138 1232; x_wconf 88' lang='lat' dir='ltr'>minus</span> <span class='ocrx_word' id='word_1_136' title='bbox 1163 1186 1440 1232; x_wconf 89' lang='lat' dir='ltr'>necessaria</span> <span class='ocrx_word' id='word_1_137' title='bbox 1477 1186 1787 1247; x_wconf 88' lang='lat' dir='ltr'>vicissimque</span> <span class='ocrx_word' id='word_1_138' title='bbox 1815 1184 1995 1245; x_wconf 90' lang='lat' dir='ltr'>addita,</span> <span class='ocrx_word' id='word_1_139' title='bbox 2036 1200 2160 1248; x_wconf 89' lang='lat' dir='ltr'>quae</span> <span class='ocrx_word' id='word_1_140' title='bbox 2188 1188 2330 1234; x_wconf 88' lang='lat' dir='ltr'>ceteri</span> <span class='ocrx_word' id='word_1_141' title='bbox 2356 1199 2482 1232; x_wconf 90' lang='lat' dir='ltr'>non-</span> 
     </span>
     <span class='ocr_line' id='line_1_15' title="bbox 249 1256 2479 1322; baseline -0 -16"><span class='ocrx_word' id='word_1_142' title='bbox 249 1259 361 1306; x_wconf 88' lang='lat' dir='ltr'>dum</span> <span class='ocrx_word' id='word_1_143' title='bbox 401 1258 711 1319; x_wconf 86' lang='lat' dir='ltr'>tradiderant,</span> <span class='ocrx_word' id='word_1_144' title='bbox 752 1263 1008 1322; x_wconf 81' lang='lat' dir='ltr'>praecepta</span> <span class='ocrx_word' id='word_1_145' title='bbox 1048 1258 1191 1305; x_wconf 88' lang='lat' dir='ltr'>etiam</span> <span class='ocrx_word' id='word_1_146' title='bbox 1230 1256 1604 1306; x_wconf 87' lang='lat' dir='ltr'>calculationum</span> <span class='ocrx_word' id='word_1_147' title='bbox 1642 1259 2069 1319; x_wconf 82' lang='lat' dir='ltr'>astronomicarum</span> <span class='ocrx_word' id='word_1_148' title='bbox 2109 1272 2166 1306; x_wconf 79' lang='lat' dir='ltr'>ex</span> <span class='ocrx_word' id='word_1_149' title='bbox 2203 1259 2479 1306; x_wconf 89' lang='lat' dir='ltr'>novissimis</span> 
     </span>
     <span class='ocr_line' id='line_1_16' title="bbox 247 1314 2527 1415; baseline -0.001 -36"><span class='ocrx_word' id='word_1_150' title='bbox 247 1332 494 1415; x_wconf 80' lang='lat' dir='ltr'>Tychonis</span> <span class='ocrx_word' id='word_1_151' title='bbox 535 1332 709 1392; x_wconf 89' lang='lat' dir='ltr'>Brahe,</span> <span class='ocrx_word' id='word_1_152' title='bbox 748 1331 982 1391; x_wconf 86' lang='lat' dir='ltr'>Witichii,</span> <span class='ocrx_word' id='word_1_153' title='bbox 1022 1330 1175 1392; x_wconf 90' lang='lat' dir='ltr'>Birgii</span> <span class='ocrx_word' id='word_1_154' title='bbox 1213 1337 1261 1378; x_wconf 92' lang='lat' dir='ltr'>et</span> <span class='ocrx_word' id='word_1_155' title='bbox 1298 1330 1464 1378; x_wconf 86' lang='lat' dir='ltr'>Pitisci</span> <span class='ocrx_word' id='word_1_156' title='bbox 1503 1314 1964 1398; x_wconf 81' lang='lat' dir='ltr'>abbreviationibuS,</span> <span class='ocrx_word' id='word_1_157' title='bbox 2018 1345 2103 1392; x_wconf 88' lang='lat' dir='ltr'>per</span> <span class='ocrx_word' id='word_1_158' title='bbox 2130 1330 2351 1393; x_wconf 84' lang='lat' dir='ltr'>exempla</span> <span class='ocrx_word' id='word_1_159' title='bbox 2376 1333 2478 1379; x_wconf 80' lang='lat' dir='ltr'>sin-</span> <span class='ocrx_word' id='word_1_160' title='bbox 2524 1332 2527 1333; x_wconf 70' lang='grc'>’</span> 
     </span>
     <span class='ocr_line' id='line_1_17' title="bbox 246 1395 2480 1468; baseline -0 -16"><span class='ocrx_word' id='word_1_161' title='bbox 246 1404 370 1467; x_wconf 87' lang='lat' dir='ltr'>gula</span> <span class='ocrx_word' id='word_1_162' title='bbox 402 1406 471 1452; x_wconf 92' lang='lat' dir='ltr'>sic</span> <span class='ocrx_word' id='word_1_163' title='bbox 509 1406 753 1467; x_wconf 88' lang='lat' dir='ltr'>proposui,</span> <span class='ocrx_word' id='word_1_164' title='bbox 794 1410 846 1451; x_wconf 91' lang='lat' dir='ltr'>ut</span> <span class='ocrx_word' id='word_1_165' title='bbox 885 1403 947 1451; x_wconf 89' lang='lat' dir='ltr'>ad</span> <span class='ocrx_word' id='word_1_166' title='bbox 986 1405 1154 1466; x_wconf 88' lang='lat' dir='ltr'>praxin</span> <span class='ocrx_word' id='word_1_167' title='bbox 1193 1417 1316 1466; x_wconf 90' lang='lat' dir='ltr'>pene</span> <span class='ocrx_word' id='word_1_168' title='bbox 1353 1403 1471 1451; x_wconf 92' lang='lat' dir='ltr'>nihil</span> <span class='ocrx_word' id='word_1_169' title='bbox 1511 1402 1644 1451; x_wconf 92' lang='lat' dir='ltr'>aliud</span> <span class='ocrx_word' id='word_1_170' title='bbox 1683 1395 1826 1464; x_wconf 89' lang='lat' dir='ltr'>desit,</span> <span class='ocrx_word' id='word_1_171' title='bbox 1868 1417 2012 1465; x_wconf 91' lang='lat' dir='ltr'>quam</span> <span class='ocrx_word' id='word_1_172' title='bbox 2050 1405 2393 1468; x_wconf 85' lang='lat' dir='ltr'>circumspecta</span> <span class='ocrx_word' id='word_1_173' title='bbox 2433 1411 2480 1452; x_wconf 91' lang='lat' dir='ltr'>et</span> 
     </span>
     <span class='ocr_line' id='line_1_18' title="bbox 247 1477 1252 1540; baseline -0.002 -16"><span class='ocrx_word' id='word_1_174' title='bbox 247 1477 343 1524; x_wconf 83' lang='lat' dir='ltr'>fida</span> <span class='ocrx_word' id='word_1_175' title='bbox 380 1478 586 1524; x_wconf 88' lang='lat' dir='ltr'>imitatio</span> <span class='ocrx_word' id='word_1_176' title='bbox 625 1479 752 1540; x_wconf 87' lang='lat' dir='ltr'>typi,</span> <span class='ocrx_word' id='word_1_177' title='bbox 791 1477 990 1524; x_wconf 89' lang='lat' dir='ltr'>mutatis</span> <span class='ocrx_word' id='word_1_178' title='bbox 1027 1479 1252 1524; x_wconf 88' lang='lat' dir='ltr'>numeris</span> 
     </span>
    </p>

    <p class='ocr_par' dir='ltr' id='par_1_3' title="bbox 242 1513 2515 2337">
     <span class='ocr_line' id='line_1_19' title="bbox 393 1513 2477 1612; baseline 0 -15"><span class='ocrx_word' id='word_1_179' title='bbox 393 1548 489 1597; x_wconf 87' lang='lat' dir='ltr'>Sed</span> <span class='ocrx_word' id='word_1_180' title='bbox 527 1549 687 1612; x_wconf 89' lang='lat' dir='ltr'>plures</span> <span class='ocrx_word' id='word_1_181' title='bbox 741 1554 787 1596; x_wconf 91' lang='lat' dir='ltr'>et</span> <span class='ocrx_word' id='word_1_182' title='bbox 826 1550 1120 1611; x_wconf 87' lang='lat' dir='ltr'>urgentiores</span> <span class='ocrx_word' id='word_1_183' title='bbox 1176 1549 1292 1595; x_wconf 89' lang='lat' dir='ltr'>mihi</span> <span class='ocrx_word' id='word_1_184' title='bbox 1331 1562 1501 1596; x_wconf 79' lang='lat' dir='ltr'>causas</span> <span class='ocrx_word' id='word_1_185' title='bbox 1551 1546 1858 1609; x_wconf 86' lang='lat' dir='ltr'>refingendae</span> <span class='ocrx_word' id='word_1_186' title='bbox 1908 1547 2152 1597; x_wconf 88' lang='lat' dir='ltr'>doctrinae</span> <span class='ocrx_word' id='word_1_187' title='bbox 2198 1513 2477 1611; x_wconf 78' lang='lat' dir='ltr'>sphaericae</span> 
     </span>
     <span class='ocr_line' id='line_1_20' title="bbox 246 1620 2476 1684; baseline 0 -16"><span class='ocrx_word' id='word_1_188' title='bbox 246 1622 578 1684; x_wconf 85' lang='lat' dir='ltr'>suppeditavit</span> <span class='ocrx_word' id='word_1_189' title='bbox 615 1620 950 1684; x_wconf 86' lang='lat' dir='ltr'>philosophiae</span> <span class='ocrx_word' id='word_1_190' title='bbox 989 1635 1157 1683; x_wconf 89' lang='lat' dir='ltr'>genus,</span> <span class='ocrx_word' id='word_1_191' title='bbox 1196 1620 1327 1683; x_wconf 90' lang='lat' dir='ltr'>quod</span> <span class='ocrx_word' id='word_1_192' title='bbox 1363 1627 1547 1683; x_wconf 83' lang='lat' dir='ltr'>sector3</span> <span class='ocrx_word' id='word_1_193' title='bbox 1589 1620 1718 1682; x_wconf 90' lang='lat' dir='ltr'>quod</span> <span class='ocrx_word' id='word_1_194' title='bbox 1756 1621 1898 1669; x_wconf 91' lang='lat' dir='ltr'>unico</span> <span class='ocrx_word' id='word_1_195' title='bbox 1923 1620 2100 1669; x_wconf 84' lang='lat' dir='ltr'>Terrae</span> <span class='ocrx_word' id='word_1_196' title='bbox 2138 1627 2272 1669; x_wconf 90' lang='lat' dir='ltr'>motu</span> <span class='ocrx_word' id='word_1_197' title='bbox 2308 1620 2476 1669; x_wconf 89' lang='lat' dir='ltr'>diurno</span> 
     </span>
     <span class='ocr_line' id='line_1_21' title="bbox 245 1688 2476 1757; baseline -0 -15"><span class='ocrx_word' id='word_1_198' title='bbox 245 1701 526 1757; x_wconf 88' lang='lat' dir='ltr'>temperato,</span> <span class='ocrx_word' id='word_1_199' title='bbox 566 1688 796 1756; x_wconf 80' lang='lat' dir='ltr'>plurimos</span> <span class='ocrx_word' id='word_1_200' title='bbox 834 1693 955 1742; x_wconf 85' lang='lat' dir='ltr'>aiios</span> <span class='ocrx_word' id='word_1_201' title='bbox 993 1700 1176 1754; x_wconf 88' lang='lat' dir='ltr'>motus,</span> <span class='ocrx_word' id='word_1_202' title='bbox 1230 1695 1452 1757; x_wconf 84' lang='lat' dir='ltr'>genuinis</span> <span class='ocrx_word' id='word_1_203' title='bbox 1501 1701 1548 1742; x_wconf 90' lang='lat' dir='ltr'>et</span> <span class='ocrx_word' id='word_1_204' title='bbox 1584 1694 1787 1756; x_wconf 89' lang='lat' dir='ltr'>propriis</span> <span class='ocrx_word' id='word_1_205' title='bbox 1816 1693 2139 1756; x_wconf 83' lang='lat' dir='ltr'>planetarum</span> <span class='ocrx_word' id='word_1_206' title='bbox 2178 1694 2389 1743; x_wconf 86' lang='lat' dir='ltr'>motibus</span> <span class='ocrx_word' id='word_1_207' title='bbox 2427 1690 2476 1742; x_wconf 90' lang='lat' dir='ltr'>in</span> 
     </span>
     <span class='ocr_line' id='line_1_22' title="bbox 247 1765 2475 1828; baseline -0 -13"><span class='ocrx_word' id='word_1_208' title='bbox 247 1767 423 1815; x_wconf 87' lang='lat' dir='ltr'>eodem</span> <span class='ocrx_word' id='word_1_209' title='bbox 458 1766 678 1828; x_wconf 76' lang='lat' dir='ltr'>subJecto</span> <span class='ocrx_word' id='word_1_210' title='bbox 719 1767 982 1815; x_wconf 87' lang='lat' dir='ltr'>contrarios</span> <span class='ocrx_word' id='word_1_211' title='bbox 1034 1780 1214 1828; x_wconf 90' lang='lat' dir='ltr'>eosque</span> <span class='ocrx_word' id='word_1_212' title='bbox 1259 1766 1518 1815; x_wconf 82' lang='lat' dir='ltr'>ineffabilis</span> <span class='ocrx_word' id='word_1_213' title='bbox 1563 1773 1612 1814; x_wconf 90' lang='lat' dir='ltr'>et</span> <span class='ocrx_word' id='word_1_214' title='bbox 1666 1767 1866 1814; x_wconf 89' lang='lat' dir='ltr'>insanae</span> <span class='ocrx_word' id='word_1_215' title='bbox 1920 1765 2180 1816; x_wconf 84' lang='lat' dir='ltr'>celeritatis</span> <span class='ocrx_word' id='word_1_216' title='bbox 2233 1781 2257 1816; x_wconf 90' lang='lat' dir='ltr'>e</span> <span class='ocrx_word' id='word_1_217' title='bbox 2295 1767 2475 1815; x_wconf 88' lang='lat' dir='ltr'>mundo</span> 
     </span>
     <span class='ocr_line' id='line_1_23' title="bbox 244 1838 2478 1903; baseline 0.001 -16"><span class='ocrx_word' id='word_1_218' title='bbox 244 1839 395 1896; x_wconf 90' lang='lat' dir='ltr'>tollit,</span> <span class='ocrx_word' id='word_1_219' title='bbox 453 1841 595 1887; x_wconf 84' lang='lat' dir='ltr'>unico</span> <span class='ocrx_word' id='word_1_220' title='bbox 649 1838 863 1902; x_wconf 84' lang='lat' dir='ltr'>ejusdem</span> <span class='ocrx_word' id='word_1_221' title='bbox 910 1838 1087 1888; x_wconf 76' lang='lat' dir='ltr'>Terrae</span> <span class='ocrx_word' id='word_1_222' title='bbox 1135 1845 1268 1893; x_wconf 85' lang='lat' dir='ltr'>motu</span> <span class='ocrx_word' id='word_1_223' title='bbox 1314 1852 1476 1887; x_wconf 89' lang='lat' dir='ltr'>annuo</span> <span class='ocrx_word' id='word_1_224' title='bbox 1530 1852 1695 1887; x_wconf 89' lang='lat' dir='ltr'>omnes</span> <span class='ocrx_word' id='word_1_225' title='bbox 1751 1845 1963 1887; x_wconf 87' lang='lat' dir='ltr'>veterum</span> <span class='ocrx_word' id='word_1_226' title='bbox 2008 1839 2273 1903; x_wconf 86' lang='lat' dir='ltr'>epicyclos,</span> <span class='ocrx_word' id='word_1_227' title='bbox 2333 1853 2478 1889; x_wconf 84' lang='lat' dir='ltr'>coeca</span> 
     </span>
     <span class='ocr_line' id='line_1_24' title="bbox 242 1910 2478 1976; baseline 0.001 -18"><span class='ocrx_word' id='word_1_228' title='bbox 242 1913 428 1960; x_wconf 85' lang='lat' dir='ltr'>ratione</span> <span class='ocrx_word' id='word_1_229' title='bbox 468 1911 527 1960; x_wconf 90' lang='lat' dir='ltr'>ad</span> <span class='ocrx_word' id='word_1_230' title='bbox 566 1912 696 1960; x_wconf 88' lang='lat' dir='ltr'>Solis</span> <span class='ocrx_word' id='word_1_231' title='bbox 733 1917 916 1960; x_wconf 91' lang='lat' dir='ltr'>motum</span> <span class='ocrx_word' id='word_1_232' title='bbox 953 1911 1196 1974; x_wconf 88' lang='lat' dir='ltr'>alligatos,</span> <span class='ocrx_word' id='word_1_233' title='bbox 1238 1925 1404 1960; x_wconf 84' lang='lat' dir='ltr'>omnes</span> <span class='ocrx_word' id='word_1_234' title='bbox 1441 1918 1690 1976; x_wconf 86' lang='lat' dir='ltr'>praeterea</span> <span class='ocrx_word' id='word_1_235' title='bbox 1726 1910 1917 1960; x_wconf 90' lang='lat' dir='ltr'>illorum</span> <span class='ocrx_word' id='word_1_236' title='bbox 1956 1919 2203 1961; x_wconf 87' lang='lat' dir='ltr'>eccentros</span> <span class='ocrx_word' id='word_1_237' title='bbox 2230 1919 2478 1962; x_wconf 88' lang='lat' dir='ltr'>eccentro-</span> 
     </span>
     <span class='ocr_line' id='line_1_25' title="bbox 245 1983 2515 2047; baseline 0.001 -17"><span class='ocrx_word' id='word_1_238' title='bbox 245 1998 364 2045; x_wconf 88' lang='lat' dir='ltr'>rum,</span> <span class='ocrx_word' id='word_1_239' title='bbox 405 1998 570 2032; x_wconf 90' lang='lat' dir='ltr'>omnes</span> <span class='ocrx_word' id='word_1_240' title='bbox 610 1984 993 2045; x_wconf 90' lang='lat' dir='ltr'>inclinationum,</span> <span class='ocrx_word' id='word_1_241' title='bbox 1034 1983 1364 2033; x_wconf 86' lang='lat' dir='ltr'>deviationum</span> <span class='ocrx_word' id='word_1_242' title='bbox 1401 1983 1810 2046; x_wconf 89' lang='lat' dir='ltr'>reflexionumque</span> <span class='ocrx_word' id='word_1_243' title='bbox 1848 1985 2051 2034; x_wconf 88' lang='lat' dir='ltr'>circulos</span> <span class='ocrx_word' id='word_1_244' title='bbox 2091 1984 2284 2047; x_wconf 88' lang='lat' dir='ltr'>dejicit,</span> <span class='ocrx_word' id='word_1_245' title='bbox 2339 1992 2391 2033; x_wconf 88' lang='lat' dir='ltr'>ut</span> <span class='ocrx_word' id='word_1_246' title='bbox 2428 1987 2475 2033; x_wconf 89' lang='lat' dir='ltr'>in</span> <span class='ocrx_word' id='word_1_247' title='bbox 2513 1992 2515 1996; x_wconf 88' lang='grc'><strong>’</strong></span> 
     </span>
     <span class='ocr_line' id='line_1_26' title="bbox 247 2055 2473 2120; baseline 0 -16"><span class='ocrx_word' id='word_1_248' title='bbox 247 2056 465 2105; x_wconf 88' lang='lat' dir='ltr'>doctrina</span> <span class='ocrx_word' id='word_1_249' title='bbox 502 2057 719 2107; x_wconf 88' lang='lat' dir='ltr'>theorica</span> <span class='ocrx_word' id='word_1_250' title='bbox 757 2056 914 2105; x_wconf 86' lang='lat' dir='ltr'>dicam</span> <span class='ocrx_word' id='word_1_251' title='bbox 952 2057 1175 2120; x_wconf 88' lang='lat' dir='ltr'>amplius.</span> <span class='ocrx_word' id='word_1_252' title='bbox 1250 2056 1465 2119; x_wconf 85' lang='lat' dir='ltr'>Indeque</span> <span class='ocrx_word' id='word_1_253' title='bbox 1503 2057 1626 2105; x_wconf 90' lang='lat' dir='ltr'>adeo</span> <span class='ocrx_word' id='word_1_254' title='bbox 1665 2055 1853 2117; x_wconf 82' lang='lat' dir='ltr'>evenit,</span> <span class='ocrx_word' id='word_1_255' title='bbox 1908 2064 1960 2106; x_wconf 90' lang='lat' dir='ltr'>ut</span> <span class='ocrx_word' id='word_1_256' title='bbox 1996 2063 2177 2120; x_wconf 88' lang='lat' dir='ltr'>quanto</span> <span class='ocrx_word' id='word_1_257' title='bbox 2217 2058 2473 2106; x_wconf 86' lang='lat' dir='ltr'>absurdius</span> 
     </span>
     <span class='ocr_line' id='line_1_27' title="bbox 245 2129 2475 2193; baseline 0.002 -18"><span class='ocrx_word' id='word_1_258' title='bbox 245 2131 399 2192; x_wconf 85' lang='lat' dir='ltr'>prima</span> <span class='ocrx_word' id='word_1_259' title='bbox 435 2130 591 2177; x_wconf 85' lang='lat' dir='ltr'>fronte</span> <span class='ocrx_word' id='word_1_260' title='bbox 616 2136 910 2192; x_wconf 90' lang='lat' dir='ltr'>quantoque</span> <span class='ocrx_word' id='word_1_261' title='bbox 950 2129 1133 2179; x_wconf 88' lang='lat' dir='ltr'>creditu</span> <span class='ocrx_word' id='word_1_262' title='bbox 1171 2129 1413 2178; x_wconf 87' lang='lat' dir='ltr'>difficilius</span> <span class='ocrx_word' id='word_1_263' title='bbox 1453 2131 1616 2178; x_wconf 87' lang='lat' dir='ltr'>existit</span> <span class='ocrx_word' id='word_1_264' title='bbox 1654 2129 1746 2178; x_wconf 91' lang='lat' dir='ltr'>hoc</span> <span class='ocrx_word' id='word_1_265' title='bbox 1784 2129 1842 2193; x_wconf 86' lang='lat' dir='ltr'>de</span> <span class='ocrx_word' id='word_1_266' title='bbox 1882 2130 2058 2179; x_wconf 86' lang='lat' dir='ltr'>Terrae</span> <span class='ocrx_word' id='word_1_267' title='bbox 2094 2137 2230 2178; x_wconf 88' lang='lat' dir='ltr'>motu</span> <span class='ocrx_word' id='word_1_268' title='bbox 2267 2133 2475 2191; x_wconf 85' lang='lat' dir='ltr'>axioma,</span> 
     </span>
     <span class='ocr_line' id='line_1_28' title="bbox 244 2202 2476 2267; baseline 0.002 -18"><span class='ocrx_word' id='word_1_269' title='bbox 244 2209 378 2249; x_wconf 88' lang='lat' dir='ltr'>tanto</span> <span class='ocrx_word' id='word_1_270' title='bbox 414 2202 602 2259; x_wconf 75' lang='lat' dir='ltr'>facilior</span> <span class='ocrx_word' id='word_1_271' title='bbox 639 2202 987 2265; x_wconf 89' lang='lat' dir='ltr'>comprehensu</span> <span class='ocrx_word' id='word_1_272' title='bbox 1024 2208 1326 2265; x_wconf 89' lang='lat' dir='ltr'>tractatuque</span> <span class='ocrx_word' id='word_1_273' title='bbox 1364 2202 1449 2250; x_wconf 85' lang='lat' dir='ltr'>fiat</span> <span class='ocrx_word' id='word_1_274' title='bbox 1490 2204 1714 2251; x_wconf 88' lang='lat' dir='ltr'>universa</span> <span class='ocrx_word' id='word_1_275' title='bbox 1739 2207 2048 2264; x_wconf 84' lang='lat' dir='ltr'>astronomia,</span> <span class='ocrx_word' id='word_1_276' title='bbox 2087 2205 2293 2266; x_wconf 87' lang='lat' dir='ltr'>primum</span> <span class='ocrx_word' id='word_1_277' title='bbox 2330 2208 2476 2267; x_wconf 84' lang='lat' dir='ltr'>atque</span> 
     </span>
     <span class='ocr_line' id='line_1_29' title="bbox 243 2254 1086 2337; baseline 0.002 -16"><span class='ocrx_word' id='word_1_278' title='bbox 243 2277 351 2337; x_wconf 89' lang='lat' dir='ltr'>quis</span> <span class='ocrx_word' id='word_1_279' title='bbox 388 2254 568 2323; x_wconf 82' lang='lat' dir='ltr'>Terrae</span> <span class='ocrx_word' id='word_1_280' title='bbox 606 2281 788 2322; x_wconf 90' lang='lat' dir='ltr'>motum</span> <span class='ocrx_word' id='word_1_281' title='bbox 826 2275 1086 2324; x_wconf 88' lang='lat' dir='ltr'>admiserit.</span> 
     </span>
    </p>
   </div>
   <div class='ocr_carea' id='block_1_3' title="bbox 243 2346 2554 2483">
    <p class='ocr_par' dir='ltr' id='par_1_4' title="bbox 243 2346 2554 2483">
     <span class='ocr_line' id='line_1_30' title="bbox 385 2346 2554 2412; baseline 0.001 -17"><span class='ocrx_word' id='word_1_282' title='bbox 385 2347 572 2395; x_wconf 82' lang='lat' dir='ltr'>Tantae</span> <span class='ocrx_word' id='word_1_283' title='bbox 626 2349 773 2409; x_wconf 85' lang='lat' dir='ltr'>igitur</span> <span class='ocrx_word' id='word_1_284' title='bbox 818 2349 1141 2410; x_wconf 88' lang='lat' dir='ltr'>praestantiae</span> <span class='ocrx_word' id='word_1_285' title='bbox 1190 2348 1473 2412; x_wconf 88' lang='lat' dir='ltr'>hypothesis</span> <span class='ocrx_word' id='word_1_286' title='bbox 1523 2346 1668 2410; x_wconf 86' lang='lat' dir='ltr'>digna</span> <span class='ocrx_word' id='word_1_287' title='bbox 1719 2349 1911 2396; x_wconf 91' lang='lat' dir='ltr'>omnino</span> <span class='ocrx_word' id='word_1_288' title='bbox 1966 2355 2040 2397; x_wconf 89' lang='lat' dir='ltr'>est</span> <span class='ocrx_word' id='word_1_289' title='bbox 2084 2354 2469 2397; x_wconf 86' lang='lat' dir='ltr'>astronomorum</span> <span class='ocrx_word' id='word_1_290' title='bbox 2551 2391 2554 2406; x_wconf 87' lang='grc'><em>,</em></span> 
     </span>
     <span class='ocr_line' id='line_1_31' title="bbox 243 2418 2547 2483; baseline 0.002 -16"><span class='ocrx_word' id='word_1_291' title='bbox 243 2421 457 2469; x_wconf 90' lang='lat' dir='ltr'>omnium</span> <span class='ocrx_word' id='word_1_292' title='bbox 493 2418 836 2470; x_wconf 87' lang='lat' dir='ltr'>hodiernorum</span> <span class='ocrx_word' id='word_1_293' title='bbox 873 2420 1188 2483; x_wconf 87' lang='lat' dir='ltr'>praejudicio,</span> <span class='ocrx_word' id='word_1_294' title='bbox 1227 2435 1352 2483; x_wconf 89' lang='lat' dir='ltr'>quae</span> <span class='ocrx_word' id='word_1_295' title='bbox 1392 2427 1439 2468; x_wconf 93' lang='lat' dir='ltr'>et</span> <span class='ocrx_word' id='word_1_296' title='bbox 1455 2419 1728 2483; x_wconf 85' lang='lat' dir='ltr'>percolatur</span> <span class='ocrx_word' id='word_1_297' title='bbox 1765 2418 1813 2468; x_wconf 87' lang='lat' dir='ltr'>et</span> <span class='ocrx_word' id='word_1_298' title='bbox 1852 2422 2074 2470; x_wconf 90' lang='lat' dir='ltr'>omnibus</span> <span class='ocrx_word' id='word_1_299' title='bbox 2113 2423 2214 2470; x_wconf 86' lang='lat' dir='ltr'>suis</span> <span class='ocrx_word' id='word_1_300' title='bbox 2241 2422 2466 2471; x_wconf 83' lang='lat' dir='ltr'>membris</span> <span class='ocrx_word' id='word_1_301' title='bbox 2543 2431 2547 2461; x_wconf 84' lang='grc'>’-</span> 
     </span>
    </p>
   </div>
   <div class='ocr_carea' id='block_1_4' title="bbox 242 2492 2474 2557">
    <p class='ocr_par' dir='ltr' id='par_1_5' title="bbox 242 2492 2474 2557">
     <span class='ocr_line' id='line_1_32' title="bbox 242 2492 2474 2557; baseline 0.002 -18"><span class='ocrx_word' id='word_1_302' title='bbox 242 2493 326 2540; x_wconf 89' lang='lat' dir='ltr'>fiat</span> <span class='ocrx_word' id='word_1_303' title='bbox 371 2498 601 2557; x_wconf 89' lang='lat' dir='ltr'>perceptu</span> <span class='ocrx_word' id='word_1_304' title='bbox 645 2492 846 2541; x_wconf 86' lang='lat' dir='ltr'>facilior.</span> <span class='ocrx_word' id='word_1_305' title='bbox 923 2492 1117 2542; x_wconf 86' lang='lat' dir='ltr'>Habeat</span> <span class='ocrx_word' id='word_1_306' title='bbox 1165 2492 1297 2541; x_wconf 90' lang='lat' dir='ltr'>illam</span> <span class='ocrx_word' id='word_1_307' title='bbox 1336 2495 1538 2555; x_wconf 87' lang='lat' dir='ltr'>quisque</span> <span class='ocrx_word' id='word_1_308' title='bbox 1592 2506 1689 2554; x_wconf 91' lang='lat' dir='ltr'>quo</span> <span class='ocrx_word' id='word_1_309' title='bbox 1731 2492 1832 2540; x_wconf 86' lang='lat' dir='ltr'>vult</span> <span class='ocrx_word' id='word_1_310' title='bbox 1880 2493 2009 2554; x_wconf 80' lang='lat'>1000,</span> <span class='ocrx_word' id='word_1_311' title='bbox 2063 2508 2154 2557; x_wconf 85' lang='lat' dir='ltr'>ego</span> <span class='ocrx_word' id='word_1_312' title='bbox 2205 2499 2330 2543; x_wconf 85' lang='lat' dir='ltr'>certe</span> <span class='ocrx_word' id='word_1_313' title='bbox 2380 2494 2474 2543; x_wconf 89' lang='lat' dir='ltr'>hoc</span> 
     </span>
    </p>
   </div>
   <div class='ocr_carea' id='block_1_5' title="bbox 201 2564 2554 2630">
    <p class='ocr_par' dir='ltr' id='par_1_6' title="bbox 201 2564 2554 2630">
     <span class='ocr_line' id='line_1_33' title="bbox 201 2564 2554 2630; baseline 0.002 -19"><span class='ocrx_word' id='word_1_314' title='bbox 201 2606 209 2611; x_wconf 84' lang='lat'>.</span> <span class='ocrx_word' id='word_1_315' title='bbox 243 2564 310 2612; x_wconf 92' lang='lat' dir='ltr'>illi</span> <span class='ocrx_word' id='word_1_316' title='bbox 353 2564 494 2613; x_wconf 82' lang='lat' dir='ltr'>officii</span> <span class='ocrx_word' id='word_1_317' title='bbox 533 2579 608 2614; x_wconf 90' lang='lat' dir='ltr'>me</span> <span class='ocrx_word' id='word_1_318' title='bbox 648 2565 824 2615; x_wconf 89' lang='lat' dir='ltr'>debere</span> <span class='ocrx_word' id='word_1_319' title='bbox 860 2565 1105 2628; x_wconf 87' lang='lat' dir='ltr'>intelligo,</span> <span class='ocrx_word' id='word_1_320' title='bbox 1155 2572 1209 2614; x_wconf 91' lang='lat' dir='ltr'>ut</span> <span class='ocrx_word' id='word_1_321' title='bbox 1245 2578 1391 2628; x_wconf 90' lang='lat' dir='ltr'>quam</span> <span class='ocrx_word' id='word_1_322' title='bbox 1428 2568 1557 2614; x_wconf 89' lang='lat' dir='ltr'>intus</span> <span class='ocrx_word' id='word_1_323' title='bbox 1597 2567 1644 2612; x_wconf 91' lang='lat' dir='ltr'>in</span> <span class='ocrx_word' id='word_1_324' title='bbox 1683 2567 1843 2613; x_wconf 88' lang='lat' dir='ltr'>animo</span> <span class='ocrx_word' id='word_1_325' title='bbox 1881 2581 1969 2629; x_wconf 86' lang='lat' dir='ltr'>pro</span> <span class='ocrx_word' id='word_1_326' title='bbox 2011 2581 2124 2616; x_wconf 89' lang='lat' dir='ltr'>vera</span> <span class='ocrx_word' id='word_1_327' title='bbox 2162 2568 2472 2630; x_wconf 83' lang='lat' dir='ltr'>comprobavi</span> <span class='ocrx_word' id='word_1_328' title='bbox 2544 2564 2554 2601; x_wconf 79' lang='grc'>’-</span> 
     </span>
    </p>
   </div>
   <div class='ocr_carea' id='block_1_6' title="bbox 242 2637 2554 2776">
    <p class='ocr_par' dir='ltr' id='par_1_7' title="bbox 242 2637 2554 2777">
     <span class='ocr_line' id='line_1_34' title="bbox 242 2637 2539 2701; baseline 0.002 -16"><span class='ocrx_word' id='word_1_329' title='bbox 242 2637 479 2701; x_wconf 88' lang='lat' dir='ltr'>cujusque</span> <span class='ocrx_word' id='word_1_330' title='bbox 513 2637 917 2701; x_wconf 88' lang='lat' dir='ltr'>pulchritudinem</span> <span class='ocrx_word' id='word_1_331' title='bbox 966 2639 1156 2687; x_wconf 90' lang='lat' dir='ltr'>intuens</span> <span class='ocrx_word' id='word_1_332' title='bbox 1194 2637 1460 2687; x_wconf 83' lang='lat' dir='ltr'>incredibili</span> <span class='ocrx_word' id='word_1_333' title='bbox 1496 2637 1746 2700; x_wconf 86' lang='lat' dir='ltr'>voluptate</span> <span class='ocrx_word' id='word_1_334' title='bbox 1777 2639 2034 2701; x_wconf 75' lang='lat' dir='ltr'>lpersruor,</span> <span class='ocrx_word' id='word_1_335' title='bbox 2089 2639 2289 2688; x_wconf 87' lang='lat' dir='ltr'>eandem</span> <span class='ocrx_word' id='word_1_336' title='bbox 2329 2642 2471 2689; x_wconf 89' lang='lat' dir='ltr'>etiam</span> <span class='ocrx_word' id='word_1_337' title='bbox 2538 2687 2539 2690; x_wconf 75' lang='grc'>,</span> 
     </span>
     <span class='ocr_line' id='line_1_35' title="bbox 242 2702 2554 2776; baseline 0.001 -18"><span class='ocrx_word' id='word_1_338' title='bbox 242 2711 369 2772; x_wconf 79' lang='lat' dir='ltr'>foras</span> <span class='ocrx_word' id='word_1_339' title='bbox 420 2710 480 2758; x_wconf 87' lang='lat' dir='ltr'>ad</span> <span class='ocrx_word' id='word_1_340' title='bbox 532 2709 734 2760; x_wconf 89' lang='lat' dir='ltr'>lectores</span> <span class='ocrx_word' id='word_1_341' title='bbox 782 2712 1002 2760; x_wconf 90' lang='lat' dir='ltr'>omnibus</span> <span class='ocrx_word' id='word_1_342' title='bbox 1053 2712 1231 2773; x_wconf 87' lang='lat' dir='ltr'>ingenii</span> <span class='ocrx_word' id='word_1_343' title='bbox 1273 2711 1455 2759; x_wconf 90' lang='lat' dir='ltr'>viribus</span> <span class='ocrx_word' id='word_1_344' title='bbox 1493 2709 1789 2776; x_wconf 49' lang='lat' dir='ltr'>defendam„</span> <span class='ocrx_word' id='word_1_345' title='bbox 1837 2711 1956 2761; x_wconf 90' lang='lat' dir='ltr'>Cum</span> <span class='ocrx_word' id='word_1_346' title='bbox 2003 2717 2162 2760; x_wconf 86' lang='lat' dir='ltr'>autem</span> <span class='ocrx_word' id='word_1_347' title='bbox 2209 2714 2334 2772; x_wconf 90' lang='lat' dir='ltr'>sint,</span> <span class='ocrx_word' id='word_1_348' title='bbox 2387 2716 2469 2775; x_wconf 90' lang='lat' dir='ltr'>qui</span> <span class='ocrx_word' id='word_1_349' title='bbox 2541 2702 2554 2743; x_wconf 85' lang='lat'>·:</span> 
     </span>
    </p>
   </div>
   <div class='ocr_carea' id='block_1_7' title="bbox 242 2783 2546 2847">
    <p class='ocr_par' dir='ltr' id='par_1_8' title="bbox 242 2783 2546 2847">
     <span class='ocr_line' id='line_1_36' title="bbox 242 2783 2546 2847; baseline 0.001 -17"><span class='ocrx_word' id='word_1_350' title='bbox 242 2790 481 2843; x_wconf 86' lang='lat' dir='ltr'>metuant,</span> <span class='ocrx_word' id='word_1_351' title='bbox 537 2797 597 2832; x_wconf 91' lang='lat' dir='ltr'>ne</span> <span class='ocrx_word' id='word_1_352' title='bbox 649 2783 866 2832; x_wconf 80' lang='lat' dir='ltr'>doctrina</span> <span class='ocrx_word' id='word_1_353' title='bbox 911 2784 1162 2847; x_wconf 89' lang='lat' dir='ltr'>sphaerica</span> <span class='ocrx_word' id='word_1_354' title='bbox 1212 2797 1296 2846; x_wconf 90' lang='lat' dir='ltr'>per</span> <span class='ocrx_word' id='word_1_355' title='bbox 1333 2784 1713 2847; x_wconf 88' lang='lat' dir='ltr'>suppositionem</span> <span class='ocrx_word' id='word_1_356' title='bbox 1760 2790 1918 2832; x_wconf 87' lang='lat' dir='ltr'>motus</span> <span class='ocrx_word' id='word_1_357' title='bbox 1956 2784 2132 2833; x_wconf 87' lang='lat' dir='ltr'>Terrae</span> <span class='ocrx_word' id='word_1_358' title='bbox 2187 2784 2341 2833; x_wconf 88' lang='lat' dir='ltr'>diurni</span> <span class='ocrx_word' id='word_1_359' title='bbox 2395 2785 2472 2835; x_wconf 88' lang='lat' dir='ltr'>vel</span> <span class='ocrx_word' id='word_1_360' title='bbox 2543 2791 2546 2798; x_wconf 93' lang='lat'>&#39;</span> 
     </span>
    </p>
   </div>
   <div class='ocr_carea' id='block_1_8' title="bbox 240 2855 2545 3720">
    <p class='ocr_par' dir='ltr' id='par_1_9' title="bbox 242 2855 2545 3211">
     <span class='ocr_line' id='line_1_37' title="bbox 242 2855 2472 2919; baseline 0.002 -17"><span class='ocrx_word' id='word_1_361' title='bbox 242 2855 367 2903; x_wconf 85' lang='lat' dir='ltr'>tradi</span> <span class='ocrx_word' id='word_1_362' title='bbox 405 2870 502 2903; x_wconf 90' lang='lat' dir='ltr'>non</span> <span class='ocrx_word' id='word_1_363' title='bbox 538 2858 708 2918; x_wconf 86' lang='lat' dir='ltr'>possit,</span> <span class='ocrx_word' id='word_1_364' title='bbox 749 2857 828 2906; x_wconf 91' lang='lat' dir='ltr'>vel</span> <span class='ocrx_word' id='word_1_365' title='bbox 866 2858 1061 2905; x_wconf 91' lang='lat' dir='ltr'>omnino</span> <span class='ocrx_word' id='word_1_366' title='bbox 1101 2855 1415 2916; x_wconf 86' lang='lat' dir='ltr'>convellatur,</span> <span class='ocrx_word' id='word_1_367' title='bbox 1452 2870 1524 2915; x_wconf 91' lang='lat' dir='ltr'>eo,</span> <span class='ocrx_word' id='word_1_368' title='bbox 1566 2855 1695 2918; x_wconf 88' lang='lat' dir='ltr'>quod</span> <span class='ocrx_word' id='word_1_369' title='bbox 1733 2871 1840 2904; x_wconf 74' lang='lat' dir='ltr'>non·</span> <span class='ocrx_word' id='word_1_370' title='bbox 1855 2857 2125 2919; x_wconf 84' lang='lat' dir='ltr'>sphaeram,</span> <span class='ocrx_word' id='word_1_371' title='bbox 2164 2857 2250 2906; x_wconf 88' lang='lat' dir='ltr'>sed</span> <span class='ocrx_word' id='word_1_372' title='bbox 2276 2857 2472 2907; x_wconf 85' lang='lat' dir='ltr'>Terram</span> 
     </span>
     <span class='ocr_line' id='line_1_38' title="bbox 244 2928 2545 2993; baseline 0.002 -18"><span class='ocrx_word' id='word_1_373' title='bbox 244 2930 429 2976; x_wconf 88' lang='lat' dir='ltr'>moveri</span> <span class='ocrx_word' id='word_1_374' title='bbox 468 2943 765 2986; x_wconf 87' lang='lat' dir='ltr'>asseramus,</span> <span class='ocrx_word' id='word_1_375' title='bbox 823 2943 1054 2992; x_wconf 88' lang='lat' dir='ltr'>quorsum</span> <span class='ocrx_word' id='word_1_376' title='bbox 1092 2930 1236 2991; x_wconf 86' lang='lat' dir='ltr'>igitur</span> <span class='ocrx_word' id='word_1_377' title='bbox 1274 2943 1396 2992; x_wconf 90' lang='lat' dir='ltr'>opus</span> <span class='ocrx_word' id='word_1_378' title='bbox 1437 2943 1541 2978; x_wconf 90' lang='lat' dir='ltr'>esse</span> <span class='ocrx_word' id='word_1_379' title='bbox 1592 2928 1801 2991; x_wconf 79' lang='lat' dir='ltr'>sphaera</span> <span class='ocrx_word' id='word_1_380' title='bbox 1843 2937 1929 2978; x_wconf 92' lang='lat' dir='ltr'>aut</span> <span class='ocrx_word' id='word_1_381' title='bbox 1965 2945 2109 2992; x_wconf 91' lang='lat' dir='ltr'>quem</span> <span class='ocrx_word' id='word_1_382' title='bbox 2149 2931 2254 2993; x_wconf 89' lang='lat' dir='ltr'>ejus</span> <span class='ocrx_word' id='word_1_383' title='bbox 2292 2931 2474 2980; x_wconf 73' lang='lat' dir='ltr'>usum?</span> <span class='ocrx_word' id='word_1_384' title='bbox 2544 2958 2545 2961; x_wconf 63' lang='lat'><em>=</em></span> 
     </span>
     <span class='ocr_line' id='line_1_39' title="bbox 242 2994 2545 3066; baseline 0.002 -19"><span class='ocrx_word' id='word_1_385' title='bbox 242 3015 444 3062; x_wconf 91' lang='lat' dir='ltr'>cumque</span> <span class='ocrx_word' id='word_1_386' title='bbox 483 3001 636 3049; x_wconf 89' lang='lat' dir='ltr'>multa</span> <span class='ocrx_word' id='word_1_387' title='bbox 671 3008 920 3063; x_wconf 88' lang='lat' dir='ltr'>praeterea</span> <span class='ocrx_word' id='word_1_388' title='bbox 958 3003 1102 3064; x_wconf 86' lang='lat' dir='ltr'>objici</span> <span class='ocrx_word' id='word_1_389' title='bbox 1140 3004 1327 3065; x_wconf 86' lang='lat' dir='ltr'>possint</span> <span class='ocrx_word' id='word_1_390' title='bbox 1361 3003 1409 3049; x_wconf 90' lang='lat' dir='ltr'>in</span> <span class='ocrx_word' id='word_1_391' title='bbox 1447 3002 1672 3064; x_wconf 86' lang='lat' dir='ltr'>speciem,</span> <span class='ocrx_word' id='word_1_392' title='bbox 1712 3017 1916 3064; x_wconf 85' lang='lat' dir='ltr'>quorum</span> <span class='ocrx_word' id='word_1_393' title='bbox 1943 3017 2040 3052; x_wconf 90' lang='lat' dir='ltr'>non</span> <span class='ocrx_word' id='word_1_394' title='bbox 2076 3010 2267 3052; x_wconf 86' lang='lat' dir='ltr'>exstant</span> <span class='ocrx_word' id='word_1_395' title='bbox 2291 3006 2474 3066; x_wconf 87' lang='lat' dir='ltr'>passim</span> <span class='ocrx_word' id='word_1_396' title='bbox 2527 2994 2545 3022; x_wconf 64' lang='lat'>‘³&#39;</span> 
     </span>
     <span class='ocr_line' id='line_1_40' title="bbox 242 3072 2469 3138; baseline 0.002 -18"><span class='ocrx_word' id='word_1_397' title='bbox 242 3072 511 3121; x_wconf 87' lang='lat' dir='ltr'>ordinariae</span> <span class='ocrx_word' id='word_1_398' title='bbox 548 3073 837 3123; x_wconf 86' lang='lat' dir='ltr'>solutiones:</span> <span class='ocrx_word' id='word_1_399' title='bbox 876 3075 963 3124; x_wconf 88' lang='lat' dir='ltr'>illa</span> <span class='ocrx_word' id='word_1_400' title='bbox 1000 3076 1162 3123; x_wconf 90' lang='lat' dir='ltr'>omnia</span> <span class='ocrx_word' id='word_1_401' title='bbox 1197 3075 1289 3124; x_wconf 88' lang='lat' dir='ltr'>hac</span> <span class='ocrx_word' id='word_1_402' title='bbox 1313 3075 1538 3138; x_wconf 89' lang='lat' dir='ltr'>Epitome</span> <span class='ocrx_word' id='word_1_403' title='bbox 1577 3075 1732 3136; x_wconf 88' lang='lat' dir='ltr'>(quod</span> <span class='ocrx_word' id='word_1_404' title='bbox 1769 3075 1975 3137; x_wconf 87' lang='lat' dir='ltr'>antehae</span> <span class='ocrx_word' id='word_1_405' title='bbox 2011 3076 2191 3125; x_wconf 84' lang='lat' dir='ltr'>factum</span> <span class='ocrx_word' id='word_1_406' title='bbox 2230 3083 2304 3125; x_wconf 89' lang='lat' dir='ltr'>est</span> <span class='ocrx_word' id='word_1_407' title='bbox 2341 3091 2469 3126; x_wconf 86' lang='lat' dir='ltr'>nun·-</span> 
     </span>
     <span class='ocr_line' id='line_1_41' title="bbox 242 3141 1534 3211; baseline 0.002 -19"><span class='ocrx_word' id='word_1_408' title='bbox 242 3141 413 3211; x_wconf 83' lang='lat' dir='ltr'>quarn)</span> <span class='ocrx_word' id='word_1_409' title='bbox 453 3146 678 3209; x_wconf 85' lang='lat' dir='ltr'>expedita</span> <span class='ocrx_word' id='word_1_410' title='bbox 717 3146 829 3196; x_wconf 89' lang='lat' dir='ltr'>dare</span> <span class='ocrx_word' id='word_1_411' title='bbox 866 3147 929 3195; x_wconf 91' lang='lat' dir='ltr'>ad</span> <span class='ocrx_word' id='word_1_412' title='bbox 967 3163 1042 3196; x_wconf 91' lang='lat' dir='ltr'>me</span> <span class='ocrx_word' id='word_1_413' title='bbox 1079 3149 1318 3210; x_wconf 91' lang='lat' dir='ltr'>pertinere</span> <span class='ocrx_word' id='word_1_414' title='bbox 1358 3149 1534 3196; x_wconf 87' lang='lat' dir='ltr'>censui.</span> 
     </span>
    </p>

    <p class='ocr_par' dir='ltr' id='par_1_10' title="bbox 240 3217 2510 3720">
     <span class='ocr_line' id='line_1_42' title="bbox 383 3217 2472 3283; baseline 0.002 -17"><span class='ocrx_word' id='word_1_415' title='bbox 383 3218 436 3266; x_wconf 91' lang='lat' dir='ltr'>Si</span> <span class='ocrx_word' id='word_1_416' title='bbox 486 3220 595 3280; x_wconf 90' lang='lat' dir='ltr'>quis</span> <span class='ocrx_word' id='word_1_417' title='bbox 648 3217 758 3266; x_wconf 89' lang='lat' dir='ltr'>hinc</span> <span class='ocrx_word' id='word_1_418' title='bbox 807 3234 884 3268; x_wconf 90' lang='lat' dir='ltr'>me</span> <span class='ocrx_word' id='word_1_419' title='bbox 920 3223 1197 3269; x_wconf 88' lang='lat' dir='ltr'>novationis</span> <span class='ocrx_word' id='word_1_420' title='bbox 1245 3220 1476 3283; x_wconf 64' lang='lat' dir='ltr'>&gt;cupidum</span> <span class='ocrx_word' id='word_1_421' title='bbox 1525 3234 1724 3282; x_wconf 86' lang='lat' dir='ltr'>arguere</span> <span class='ocrx_word' id='word_1_422' title='bbox 1759 3220 2005 3280; x_wconf 76' lang='lat' dir='ltr'>voluerit,</span> <span class='ocrx_word' id='word_1_423' title='bbox 2053 3220 2102 3267; x_wconf 90' lang='lat' dir='ltr'>id</span> <span class='ocrx_word' id='word_1_424' title='bbox 2151 3221 2376 3283; x_wconf 89' lang='lat' dir='ltr'>equidem</span> <span class='ocrx_word' id='word_1_425' title='bbox 2425 3225 2472 3271; x_wconf 89' lang='lat' dir='ltr'>in</span> 
     </span>
     <span class='ocr_line' id='line_1_43' title="bbox 240 3290 2471 3356; baseline 0.003 -20"><span class='ocrx_word' id='word_1_426' title='bbox 240 3290 550 3352; x_wconf 89' lang='lat' dir='ltr'>philosophia</span> <span class='ocrx_word' id='word_1_427' title='bbox 589 3292 765 3339; x_wconf 90' lang='lat' dir='ltr'>crimen</span> <span class='ocrx_word' id='word_1_428' title='bbox 803 3293 925 3340; x_wconf 87' lang='lat' dir='ltr'>sciat</span> <span class='ocrx_word' id='word_1_429' title='bbox 962 3293 1146 3340; x_wconf 89' lang='lat' dir='ltr'>nullum</span> <span class='ocrx_word' id='word_1_430' title='bbox 1185 3308 1315 3355; x_wconf 83' lang='lat' dir='ltr'>esse3</span> <span class='ocrx_word' id='word_1_431' title='bbox 1370 3298 1474 3342; x_wconf 92' lang='lat' dir='ltr'>tota</span> <span class='ocrx_word' id='word_1_432' title='bbox 1513 3294 1689 3355; x_wconf 90' lang='lat' dir='ltr'>quippe</span> <span class='ocrx_word' id='word_1_433' title='bbox 1727 3291 2034 3356; x_wconf 86' lang='lat' dir='ltr'>philosophia</span> <span class='ocrx_word' id='word_1_434' title='bbox 2071 3296 2271 3342; x_wconf 88' lang='lat' dir='ltr'>novatio</span> <span class='ocrx_word' id='word_1_435' title='bbox 2311 3301 2385 3343; x_wconf 88' lang='lat' dir='ltr'>est</span> <span class='ocrx_word' id='word_1_436' title='bbox 2422 3298 2471 3342; x_wconf 85' lang='lat' dir='ltr'>in</span> 
     </span>
     <span class='ocr_line' id='line_1_44' title="bbox 242 3362 2472 3430; baseline 0.002 -20"><span class='ocrx_word' id='word_1_437' title='bbox 242 3368 434 3410; x_wconf 89' lang='lat' dir='ltr'>vetusta</span> <span class='ocrx_word' id='word_1_438' title='bbox 471 3365 760 3424; x_wconf 85' lang='lat' dir='ltr'>ignorantia.</span> <span class='ocrx_word' id='word_1_439' title='bbox 835 3363 1003 3412; x_wconf 89' lang='lat' dir='ltr'>Solum</span> <span class='ocrx_word' id='word_1_440' title='bbox 1042 3366 1089 3413; x_wconf 90' lang='lat' dir='ltr'>id</span> <span class='ocrx_word' id='word_1_441' title='bbox 1130 3368 1352 3427; x_wconf 89' lang='lat' dir='ltr'>interest,</span> <span class='ocrx_word' id='word_1_442' title='bbox 1403 3362 1586 3430; x_wconf 76' lang='lat' dir='ltr'>glo&#39;riae</span> <span class='ocrx_word' id='word_1_443' title='bbox 1622 3380 1683 3414; x_wconf 87' lang='lat' dir='ltr'>an</span> <span class='ocrx_word' id='word_1_444' title='bbox 1724 3367 1940 3418; x_wconf 81' lang='lat' dir='ltr'>veritatis</span> <span class='ocrx_word' id='word_1_445' title='bbox 1977 3365 2138 3413; x_wconf 89' lang='lat' dir='ltr'>studio</span> <span class='ocrx_word' id='word_1_446' title='bbox 2177 3367 2294 3428; x_wconf 90' lang='lat' dir='ltr'>quid</span> <span class='ocrx_word' id='word_1_447' title='bbox 2330 3370 2472 3415; x_wconf 91' lang='lat' dir='ltr'>inno-</span> 
     </span>
     <span class='ocr_line' id='line_1_45' title="bbox 243 3435 2472 3500; baseline 0.001 -17"><span class='ocrx_word' id='word_1_448' title='bbox 243 3450 342 3485; x_wconf 77' lang='lat' dir='ltr'>ves,</span> <span class='ocrx_word' id='word_1_449' title='bbox 393 3435 569 3497; x_wconf 55' lang='lat' dir='ltr'>*Atqui</span> <span class='ocrx_word' id='word_1_450' title='bbox 606 3437 646 3483; x_wconf 90' lang='lat' dir='ltr'>si</span> <span class='ocrx_word' id='word_1_451' title='bbox 684 3436 888 3498; x_wconf 87' lang='lat' dir='ltr'>gloriam</span> <span class='ocrx_word' id='word_1_452' title='bbox 926 3451 1220 3499; x_wconf 89' lang='lat' dir='ltr'>quaererem,</span> <span class='ocrx_word' id='word_1_453' title='bbox 1259 3439 1464 3487; x_wconf 86' lang='lat' dir='ltr'>sortasse</span> <span class='ocrx_word' id='word_1_454' title='bbox 1490 3439 1606 3486; x_wconf 89' lang='lat' dir='ltr'>mihi</span> <span class='ocrx_word' id='word_1_455' title='bbox 1624 3452 1718 3486; x_wconf 91' lang='lat' dir='ltr'>non</span> <span class='ocrx_word' id='word_1_456' title='bbox 1746 3437 1949 3487; x_wconf 83' lang='lat' dir='ltr'>defuerit</span> <span class='ocrx_word' id='word_1_457' title='bbox 1967 3439 2230 3500; x_wconf 89' lang='lat' dir='ltr'>ingenium,</span> <span class='ocrx_word' id='word_1_458' title='bbox 2269 3442 2472 3488; x_wconf 89' lang='lat' dir='ltr'>commi-</span> 
     </span>
     <span class='ocr_line' id='line_1_46' title="bbox 240 3502 2473 3575; baseline 0.003 -21"><span class='ocrx_word' id='word_1_459' title='bbox 240 3507 457 3555; x_wconf 88' lang='lat' dir='ltr'>niscendi</span> <span class='ocrx_word' id='word_1_460' title='bbox 495 3507 739 3569; x_wconf 88' lang='lat' dir='ltr'>singulare</span> <span class='ocrx_word' id='word_1_461' title='bbox 778 3510 1050 3571; x_wconf 90' lang='lat' dir='ltr'>quippiam,</span> <span class='ocrx_word' id='word_1_462' title='bbox 1100 3526 1208 3559; x_wconf 90' lang='lat' dir='ltr'>cum</span> <span class='ocrx_word' id='word_1_463' title='bbox 1246 3513 1294 3559; x_wconf 91' lang='lat' dir='ltr'>in</span> <span class='ocrx_word' id='word_1_464' title='bbox 1332 3512 1425 3560; x_wconf 91' lang='lat' dir='ltr'>hoc</span> <span class='ocrx_word' id='word_1_465' title='bbox 1462 3511 1794 3575; x_wconf 87' lang='lat' dir='ltr'>philosophiae</span> <span class='ocrx_word' id='word_1_466' title='bbox 1831 3525 2007 3572; x_wconf 83' lang='lat' dir='ltr'>genere</span> <span class='ocrx_word' id='word_1_467' title='bbox 2044 3510 2308 3574; x_wconf 90' lang='lat' dir='ltr'>pleraque,</span> <span class='ocrx_word' id='word_1_468' title='bbox 2348 3502 2473 3575; x_wconf 87' lang='lat' dir='ltr'>quae</span> 
     </span>
     <span class='ocr_line' id='line_1_47' title="bbox 240 3579 2510 3646; baseline 0.003 -19"><span class='ocrx_word' id='word_1_469' title='bbox 240 3593 430 3642; x_wconf 90' lang='lat' dir='ltr'>sequor,</span> <span class='ocrx_word' id='word_1_470' title='bbox 471 3582 568 3627; x_wconf 88' lang='lat' dir='ltr'>sint</span> <span class='ocrx_word' id='word_1_471' title='bbox 605 3579 835 3642; x_wconf 72' lang='lat' dir='ltr'>aliorum,</span> <span class='ocrx_word' id='word_1_472' title='bbox 886 3595 983 3628; x_wconf 93' lang='lat' dir='ltr'>non</span> <span class='ocrx_word' id='word_1_473' title='bbox 1020 3583 1257 3632; x_wconf 89' lang='lat' dir='ltr'>serviliter</span> <span class='ocrx_word' id='word_1_474' title='bbox 1296 3584 1491 3646; x_wconf 90' lang='lat' dir='ltr'>quidem</span> <span class='ocrx_word' id='word_1_475' title='bbox 1529 3584 1817 3646; x_wconf 61' lang='lat' dir='ltr'>descripta„</span> <span class='ocrx_word' id='word_1_476' title='bbox 1842 3583 1927 3631; x_wconf 89' lang='lat' dir='ltr'>sed</span> <span class='ocrx_word' id='word_1_477' title='bbox 1959 3582 2146 3645; x_wconf 88' lang='lat' dir='ltr'>judicio</span> <span class='ocrx_word' id='word_1_478' title='bbox 2186 3587 2472 3633; x_wconf 83' lang='lat' dir='ltr'>concinnata</span> <span class='ocrx_word' id='word_1_479' title='bbox 2504 3582 2510 3587; x_wconf 91' lang='grc'><strong>’</strong></span> 
     </span>
     <span class='ocr_line' id='line_1_48' title="bbox 242 3652 2501 3720; baseline 0.002 -21"><span class='ocrx_word' id='word_1_480' title='bbox 242 3668 300 3699; x_wconf 83' lang='lat' dir='ltr'>ex</span> <span class='ocrx_word' id='word_1_481' title='bbox 339 3652 566 3711; x_wconf 81' lang='lat' dir='ltr'>diversiS,</span> <span class='ocrx_word' id='word_1_482' title='bbox 619 3658 672 3700; x_wconf 92' lang='lat' dir='ltr'>ut</span> <span class='ocrx_word' id='word_1_483' title='bbox 709 3655 912 3716; x_wconf 88' lang='lat' dir='ltr'>quisque</span> <span class='ocrx_word' id='word_1_484' title='bbox 952 3657 1204 3704; x_wconf 87' lang='lat' dir='ltr'>veritatem</span> <span class='ocrx_word' id='word_1_485' title='bbox 1253 3658 1302 3703; x_wconf 90' lang='lat' dir='ltr'>in</span> <span class='ocrx_word' id='word_1_486' title='bbox 1339 3662 1476 3720; x_wconf 88' lang='lat' dir='ltr'>parte</span> <span class='ocrx_word' id='word_1_487' title='bbox 1513 3659 1636 3705; x_wconf 89' lang='lat' dir='ltr'>tueri</span> <span class='ocrx_word' id='word_1_488' title='bbox 1682 3658 1814 3704; x_wconf 91' lang='lat' dir='ltr'>visus</span> <span class='ocrx_word' id='word_1_489' title='bbox 1860 3661 1946 3703; x_wconf 90' lang='lat' dir='ltr'>est.</span> <span class='ocrx_word' id='word_1_490' title='bbox 2023 3655 2162 3703; x_wconf 84' lang='lat' dir='ltr'>Enim</span> <span class='ocrx_word' id='word_1_491' title='bbox 2201 3671 2316 3707; x_wconf 86' lang='lat' dir='ltr'>vero</span> <span class='ocrx_word' id='word_1_492' title='bbox 2354 3657 2501 3710; x_wconf 84' lang='lat' dir='ltr'>mihi,</span> 
     </span>
    </p>
   </div>
   <div class='ocr_carea' id='block_1_9' title="bbox 241 3724 2554 3865">
    <p class='ocr_par' dir='ltr' id='par_1_11' title="bbox 241 3724 2554 3865">
     <span class='ocr_line' id='line_1_49' title="bbox 241 3724 2554 3796; baseline 0.002 -23"><span class='ocrx_word' id='word_1_493' title='bbox 241 3740 347 3774; x_wconf 86' lang='lat' dir='ltr'>cum</span> <span class='ocrx_word' id='word_1_494' title='bbox 387 3724 550 3774; x_wconf 84' lang='lat' dir='ltr'>multis</span> <span class='ocrx_word' id='word_1_495' title='bbox 588 3727 763 3774; x_wconf 89' lang='lat' dir='ltr'>sentire</span> <span class='ocrx_word' id='word_1_496' title='bbox 801 3725 979 3789; x_wconf 91' lang='lat' dir='ltr'>volupe</span> <span class='ocrx_word' id='word_1_497' title='bbox 1019 3733 1104 3787; x_wconf 91' lang='lat' dir='ltr'>est,</span> <span class='ocrx_word' id='word_1_498' title='bbox 1146 3730 1335 3789; x_wconf 91' lang='lat' dir='ltr'>quoties</span> <span class='ocrx_word' id='word_1_499' title='bbox 1372 3743 1469 3777; x_wconf 90' lang='lat' dir='ltr'>non</span> <span class='ocrx_word' id='word_1_500' title='bbox 1506 3734 1630 3778; x_wconf 89' lang='lat' dir='ltr'>errat</span> <span class='ocrx_word' id='word_1_501' title='bbox 1667 3727 1951 3789; x_wconf 81' lang='lat' dir='ltr'>multitud03</span> <span class='ocrx_word' id='word_1_502' title='bbox 1991 3742 2146 3790; x_wconf 91' lang='lat' dir='ltr'>eoque</span> <span class='ocrx_word' id='word_1_503' title='bbox 2183 3729 2232 3777; x_wconf 90' lang='lat' dir='ltr'>id</span> <span class='ocrx_word' id='word_1_504' title='bbox 2272 3744 2467 3793; x_wconf 88' lang='lat' dir='ltr'>operam</span> <span class='ocrx_word' id='word_1_505' title='bbox 2512 3768 2513 3771; x_wconf 15' lang='grc' dir='ltr'>η</span> <span class='ocrx_word' id='word_1_506' title='bbox 2550 3759 2554 3796; x_wconf 73' lang='lat'>7</span> 
     </span>
     <span class='ocr_line' id='line_1_50' title="bbox 242 3797 2554 3865; baseline 0.003 -20"><span class='ocrx_word' id='word_1_507' title='bbox 242 3797 317 3856; x_wconf 87' lang='lat' dir='ltr'>do,</span> <span class='ocrx_word' id='word_1_508' title='bbox 359 3806 425 3858; x_wconf 89' lang='lat' dir='ltr'>ut,</span> <span class='ocrx_word' id='word_1_509' title='bbox 466 3797 596 3860; x_wconf 90' lang='lat' dir='ltr'>quod</span> <span class='ocrx_word' id='word_1_510' title='bbox 634 3800 682 3844; x_wconf 91' lang='lat' dir='ltr'>in</span> <span class='ocrx_word' id='word_1_511' title='bbox 718 3813 768 3846; x_wconf 92' lang='lat' dir='ltr'>re</span> <span class='ocrx_word' id='word_1_512' title='bbox 806 3800 943 3859; x_wconf 88' lang='lat' dir='ltr'>inest,</span> <span class='ocrx_word' id='word_1_513' title='bbox 984 3800 1348 3861; x_wconf 89' lang='lat' dir='ltr'>quamplurimis</span> <span class='ocrx_word' id='word_1_514' title='bbox 1386 3800 1716 3864; x_wconf 86' lang='lat' dir='ltr'>persuadeam,</span> <span class='ocrx_word' id='word_1_515' title='bbox 1757 3805 1910 3863; x_wconf 86' lang='lat' dir='ltr'>eaque</span> <span class='ocrx_word' id='word_1_516' title='bbox 1935 3801 2120 3849; x_wconf 89' lang='lat' dir='ltr'>ratione</span> <span class='ocrx_word' id='word_1_517' title='bbox 2159 3817 2267 3850; x_wconf 87' lang='lat' dir='ltr'>cum</span> <span class='ocrx_word' id='word_1_518' title='bbox 2293 3812 2473 3865; x_wconf 74' lang='lat' dir='ltr'>&#39;magna</span> <span class='ocrx_word' id='word_1_519' title='bbox 2551 3801 2554 3835; x_wconf 49' lang='grc' dir='ltr'><em>ἕ</em></span> 
     </span>
    </p>
   </div>
   <div class='ocr_carea' id='block_1_10' title="bbox 242 3870 2460 3936">
    <p class='ocr_par' dir='ltr' id='par_1_12' title="bbox 242 3870 2460 3936">
     <span class='ocr_line' id='line_1_51' title="bbox 242 3870 2460 3936; baseline 0.003 -21"><span class='ocrx_word' id='word_1_520' title='bbox 242 3870 547 3919; x_wconf 88' lang='lat' dir='ltr'>multitudine</span> <span class='ocrx_word' id='word_1_521' title='bbox 598 3872 810 3919; x_wconf 89' lang='lat' dir='ltr'>sentiens</span> <span class='ocrx_word' id='word_1_522' title='bbox 852 3872 1157 3932; x_wconf 86' lang='lat' dir='ltr'>jucunditate</span> <span class='ocrx_word' id='word_1_523' title='bbox 1208 3875 1422 3935; x_wconf 78' lang='lat' dir='ltr'>perfruar</span> <span class='ocrx_word' id='word_1_524' title='bbox 1459 3890 1649 3936; x_wconf 84' lang='lat' dir='ltr'>magna.</span> <span class='ocrx_word' id='word_1_525' title='bbox 1725 3874 1919 3922; x_wconf 88' lang='lat' dir='ltr'>Interim</span> <span class='ocrx_word' id='word_1_526' title='bbox 1970 3873 2100 3935; x_wconf 90' lang='lat' dir='ltr'>quod</span> <span class='ocrx_word' id='word_1_527' title='bbox 2137 3874 2262 3924; x_wconf 88' lang='lat' dir='ltr'>solet</span> <span class='ocrx_word' id='word_1_528' title='bbox 2309 3876 2460 3925; x_wconf 86' lang='lat' dir='ltr'>bonus</span> 
     </span>
    </p>
   </div>
  </div>
 </body>
</html>
