2554 4140
173 106 274 172 252
366 126 369 127 ⁷
913 134 916 138 '
974 125 1222 182 ‘Epitomes
1254 123 1567 170 Astronomiae

171 271 483 335 temporibus.
560 270 656 320 Sed
697 271 1048 336 qualiscunque
1087 275 1149 321 sit
1186 273 1306 322 haec
1333 271 1670 334 inaequalitaS,
1709 269 1794 321 illa
1831 274 1957 320 intra
1982 273 2103 321 haec
2145 271 2241 320 duo
2266 271 2420 320 millia.

169 357 416 403 annorum,
458 344 634 405 quibus
674 353 866 393 exstant
906 347 1271 395 observationes
1312 347 1629 407 conscriptae,
1668 345 1848 407 negligi
1882 352 1987 392 tuto
2026 350 2200 406 potest.

319 416 580 478 Quomodo
618 431 678 465 ex
704 419 834 467 coelo
874 420 980 479 ipso
1006 418 1254 475 discimus,
1294 424 1446 480 quota
1472 417 1571 465 diei
1592 421 1655 466 sit
1691 418 1830 484 hora!
1845 420 2210 466 astronomicae
2235 431 2418 463 nume-

166 489 416 536 rationis?
477 491 519 536 1.
563 487 698 551 Opus
738 499 812 540 est
850 493 1126 553 cognitione
1166 485 1434 537 altitudinis
1472 489 1588 552 poli.
1667 493 1713 538 2.
1756 490 1894 537 'Tunc
1932 487 1991 553 de
2042 489 2118 537 die
2157 488 2269 537 Sole
2308 498 2419 536 tan-

169 565 284 619 tum,
325 560 383 608 de
421 566 563 609 nocte
600 564 797 625 insuper
834 563 1002 625 aliqua
1037 562 1179 610 stella
1217 562 1314 609 fixa
1353 563 1544 623 utimur,
1586 562 1724 624 cnjus
1762 564 1824 610 sit
1853 563 2046 624 cognita
2086 561 2345 609 declinatio
2373 568 2420 608 et

169 635 388 685 ascensio
428 639 575 681 recta.
651 634 777 683 Solis
818 636 1011 698 quidem
1055 636 1273 683 ascensio
1324 641 1456 682 recta
1493 634 1632 683 facile
1686 641 1991 699 comparatur
2030 649 2114 696 per
2153 633 2419 698 doctrinam

167 705 409 754 secundae
448 708 629 768 partiS,
687 723 742 756 ex
785 709 976 769 cognito
1030 707 1134 768 ejus
1174 707 1282 755 loco
1321 709 1367 753 in
1409 707 1658 769 ecliptica3
1709 707 1881 755 stellae
1931 720 2044 754 vero
2084 708 2416 754 ascensionem

166 785 345 825 rectam
385 779 622 841 inquirere
674 780 866 828 docebit
906 794 1014 843 pars
1055 782 1238 840 quinta.
1332 781 1378 827 3.
1434 779 1486 826 Si
1524 779 1700 827 fuerint
1740 781 1829 827 ista
1870 781 1919 825 in
1961 786 2173 842 promtu,
2231 779 2421 840 capitur

166 849 372 899 altitudo
411 850 539 900 Solis
583 852 658 901 vel
697 853 866 901 stellae
906 853 967 899 ad
1007 859 1303 900 momentum
1342 854 1658 914 propositum.
1737 854 1784 900 4.
1836 851 1974 898 Tunc
1999 851 2264 898 secundum
2300 851 2419 898 doc-

168 925 342 971 trinam
379 925 531 987 partis
570 927 752 987 primae
794 941 852 972 cx
892 925 1212 973 declinatione
1243 932 1290 972 et
1327 924 1584 974 altitudine
1612 927 1858 987 quaeritur
1898 923 2142 985 elongatio
2169 922 2298 971 Solis
2341 922 2419 971 vel

167 996 336 1045 stellae
376 1013 419 1046 ,a
471 997 735 1045 meridiano
792 997 988 1045 circulo.
1067 997 1160 1045 Per
1199 997 1556 1059 elongationem
1606 1012 1722 1046 vero
1775 996 1946 1044 stellae
1987 1010 2016 1043 a
2054 996 2320 1044 meridiano
2362 995 2420 1043 de

167 1075 306 1118 nocte
355 1072 601 1132 quaeritur
649 1071 800 1132 ipsius
858 1073 1002 1118 ctiam
1043 1069 1172 1118 Solis
1229 1070 1476 1132 elongatio
1529 1071 1591 1118 ab
1642 1069 1835 1127 eodem,
1893 1067 2059 1116 ablata
2108 1068 2418 1130 elongatione

165 1141 339 1191 stellae
387 1159 416 1191 a
464 1142 730 1191 differentia
776 1144 1116 1192 ascensionum
1166 1150 1428 1202 rectarum,
1493 1146 1534 1190 si
1573 1142 1660 1191 Sol
1711 1149 1760 1191 et
1805 1140 1946 1189 stella
1991 1142 2038 1187 in
2088 1142 2338 1190 contrariis
2390 1155 2419 1188 a

167 1214 434 1263 meridiano
473 1215 632 1277 plagis
670 1216 870 1275 suerint,
920 1215 1090 1263 addita
1132 1230 1268 1277 vem,
1319 1218 1359 1263 si
1408 1217 1454 1262 in
1495 1215 1693 1264 eadem:
1745 1217 1834 1280 ita.
1863 1215 2069 1277 patescit
2106 1216 2251 1263 etiam
2292 1212 2420 1261 Solis

165 1282 394 1335 distantia
442 1302 470 1335 a
522 1287 803 1340 meridiano.
886 1291 932 1336 5.
981 1287 1119 1336 Haec
1170 1287 1416 1349 elongatio
1457 1287 1609 1347 Solis,
1662 1301 1770 1334 cum
1820 1288 1882 1334 sit
1935 1301 2074 1334 arcus
2126 1287 2417 1349 aequatoris,

171 1362 460 1422 interceptus
500 1361 624 1409 inter
663 1362 893 1410 circulum
933 1361 1270 1409 declinationis
1310 1360 1438 1409 Solis
1480 1359 1557 1409 vel
1594 1359 1766 1408 stellae
1807 1365 1854 1407 et
1893 1359 2227 1416 meridianum,
2265 1357 2420 1408 resol-

165 1435 291 1480 vitur
328 1434 375 1479 in
414 1432 574 1493 horas,
615 1437 786 1482 sumtis
832 1436 909 1483 15.
951 1436 999 1482 2.
1042 1435 1124 1482 30.
1165 1434 1462 1496 temporibus
1501 1447 1588 1497 pro
1627 1447 1752 1491 una,
1793 1433 1835 1479 si
1873 1446 1969 1480 asc.
2000 1438 2132 1481 recta
2172 1429 2299 1479 illius
2323 1430 2418 1479 loci

163 1505 423 1565 habeatur,
476 1520 619 1567 quem
658 1506 743 1554 Sol
793 1507 1002 1555 obtinuit
1043 1506 1121 1554 vel
1158 1500 1406 1555 ‘obtinebit
1446 1504 1639 1571 in'ipso
1677 1504 1890 1553 meridie.
1968 1503 2051 1553 Sin
2101 1511 2263 1552 autem
2301 1517 2420 1551 usus

163 1593 293 1626 esses
333 1578 442 1626 loco
490 1578 618 1626 Solis
674 1579 735 1626 ad
787 1582 941 1643 ipsam
995 1580 1161 1626 horam
1214 1579 1575 1641 inquirendam,
1629 1593 1793 1626 crasso
1843 1577 1988 1625 modo
2037 1579 2416 1640 praecognitam,

164 1655 277 1698 tunc
331 1651 393 1698 15
443 1658 662 1715 tempora
711 1655 930 1716 praecisa
972 1646 1134 1700 valent
1174 1667 1319 1700 uuam
1359 1652 1543 1700 horam.
1588 1652 1632 1699 6:
1676 1651 1749 1699 De
1790 1649 1867 1698 die
1913 1652 2057 1712 igitur
2096 1650 2242 1699 horae
2283 1651 2420 1710 istae,

161 1722 274 1772 Sole
314 1723 473 1771 adhuc
511 1731 762 1786 surgente,
819 1725 1098 1774 auferuntur
1135 1741 1165 1773 a
1213 1727 1299 1784 12,
1341 1733 1394 1772 ut
1431 1726 1637 1784 sciatur,
1678 1729 1798 1785 quot
1834 1723 1982 1771 horae
2022 1726 2118 1770 sint
2156 1723 2352 1787 elapsae
2391 1736 2422 1769 a

162 1796 320 1844 media
359 1802 527 1859 nocte3
569 1804 618 1845 at
645 1797 758 1846 Sole
791 1798 894 1860 jam
935 1798 1136 1847 cadente
1175 1799 1311 1846 subtr
1314 1799 1505 1846 actione
1532 1811 1628 1844 non
1663 1803 1735 1844 est
1762 1810 1898 1858 opus,
1940 1797 2075 1858 ipsae
2102 1797 2226 1844 enim
2254 1794 2419 1854 horae,

76 1896 91 1913 ,
165 1884 291 1932 quae
330 1869 596 1931 prodeunt,
644 1878 956 1919 numerantur
992 1886 1019 1918 a
1058 1870 1258 1919 meridie
1299 1885 1430 1919 more
1471 1871 1811 1918 astronomico.

310 1943 570 2006 Quomodo
610 1945 823 1992 vicissim
861 1959 921 1993 ex
968 1944 1092 1991 data
1140 1943 1265 1991 hora
1319 1946 1588 2006 quaeritur
1635 1943 1856 1991 ascensio
1906 1948 2044 1989 recta
2092 1939 2244 1988 medii
2281 1912 2415 1999 coeli,

161 2017 382 2064 ascensio
433 2015 638 2078 obliqua
682 2016 954 2078 horoscopi,
1001 2022 1256 2078 punctum
1317 2017 1567 2079 eclipticae
1615 2015 1806 2064 coelum
1855 2014 2086 2061 medians
2140 2019 2184 2059 et
2236 2014 2416 2073 oriens,

160 2088 374 2151 denique
424 2091 731 2137 ascensiones
779 2090 1010 2152 obliquae
1064 2089 1310 2137 domuum
1361 2090 1481 2138 coeli
1527 2094 1572 2136 et
1617 2090 1767 2136 initia
1818 2102 1997 2135 earum
2044 2088 2098 2133 in
2151 2083 2416 2148 ecliptica?

161 2161 295 2222 Ante
331 2159 494 2209 omnia
533 2174 654 2223 opus
695 2169 767 2210 est
806 2164 1082 2225 cognitione
1124 2162 1223 2210 veri
1263 2160 1355 2209 loci
1397 2160 1526 2210 Solis
1565 2161 1614 2207 in
1655 2160 1879 2222 ecliptica
1918 2158 1980 2206 ad
2019 2172 2222 2218 annum,
2275 2156 2417 2215 diem,

159 2233 329 2281 horam
368 2239 415 2283 et
452 2234 689 2281 minutum
728 2234 876 2283 horae
915 2236 1214 2298 propositum
1255 2236 1486 2296 temporis
1511 2235 1807 2296 apparentis,
1875 2230 2012 2279 Illius
2038 2229 2133 2279 loci
2173 2231 2421 2293 quaeritur

162 2307 381 2355 ascensio
421 2313 552 2355 recta
593 2321 652 2355 ex
689 2309 990 2369 praemissiS,
1043 2309 1118 2356 cui
1159 2321 1244 2371 pro
1295 2306 1501 2370 singulis
1542 2306 1673 2354 horis
1719 2320 1751 2353 a
1788 2302 1987 2353 meridie
2025 2303 2292 2352 numeratis
2331 2301 2423 2350 ad-

162 2379 339 2427 duntur
382 2380 445 2426 15
474 2385 705 2442 tempora,
746 2395 833 2444 pro
874 2383 903 2428 4
945 2381 1142 2428 minutis
1171 2393 1320 2428 unum
1358 2387 1549 2444 tempus
1576 2372 1666 2428 etc.
1742 2378 1818 2426 Ita
1859 2378 2169 2425 constituitur
2199 2377 2421 2424 ascensio

165 2456 298 2501 recta
335 2451 481 2501 medii
524 2451 663 2501 coeli.
2006 2479 2011 2485 -

304 2523 400 2576 Pro
454 2525 821 2573 ascensionibus
875 2524 1086 2589 obliquis
1138 2527 1338 2588 insuper
1388 2531 1459 2572 est
1506 2538 1629 2588 opus
1683 2524 1960 2586 cognitione
2009 2519 2279 2570 altitudinis
2325 2518 2427 2584 poli

164 2611 308 2661 super
357 2596 595 2660 cujusque
634 2598 728 2647 loci
767 2598 1084 2655 ,horizontem
1138 2605 1185 2646 et
1234 2598 1452 2660 reliquos
1493 2598 1524 2644 4
1565 2595 1769 2645 circulos
1820 2597 2147 2659 positionum,
2204 2594 2286 2656 qui
2338 2590 2428 2640 tri-

162 2671 294 2718 cenis
332 2670 564 2733 gradibus
592 2673 871 2734 aequatoris
912 2669 1205 2738 (secundum
1232 2669 1703 2733 Regiomontanum)
1745 2668 1820 2717 vel
1858 2667 2100 2716 verticalis
2139 2665 2428 2729 (secundum

162 2740 304 2808 alios)
343 2744 404 2795 ab
444 2744 652 2793 invicem
693 2744 887 2803 distant,
929 2747 1066 2792 initio
1107 2760 1137 2791 a
1175 2744 1447 2797 meridiano
1488 2738 1655 2806 capto:
1696 2756 1822 2803 quae
1849 2741 2108 2790 methodus
2148 2738 2329 2788 tradita
2355 2745 2429 2787 est

159 2822 295 2878 parte
333 2817 503 2879 prima.
580 2815 719 2865 Tunc
772 2818 917 2878 igitur
957 2817 1017 2865 ad
1058 2819 1394 2865 ascensionem
1434 2824 1618 2864 rectam
1664 2814 1812 2862 medii
1851 2814 1974 2863 coeli
2011 2827 2099 2862 seu
2138 2811 2207 2861 X.
2255 2810 2427 2860 domus
2499 2877 2503 2880 .

162 2887 340 2936 additis
381 2891 464 2950 30,
512 2891 720 2950 60‚90‚
767 2891 883 2946 120,
931 2891 1030 2938 150
1070 2889 1369 2951 temporibus
1392 2888 1690 2950 aequatoriS‚
1732 2889 2092 2935 constituuntur
2116 2885 2428 2934 ascensiones

164 2960 393 3023 obliquae
434 2926 665 3010 domuum
702 2961 798 3022 XI,
839 2961 963 3028 XII,
1002 2962 1041 3024 I,
1082 2977 1168 3011 seu
1211 2961 1473 3022 horoscopi
1513 2959 1578 3020 II,
1617 2959 1707 3007 III.
1786 2959 1907 3007 Cum
1944 2959 2022 3007 his
2061 2957 2431 3008 ascensionibus

163 3034 374 3109 obliquis
414 3037 680 3084 coorientia
717 3042 899 3097 puncta
939 2998 1217 3098 ecli'pticae,
1259 3033 1520 3097 quodlibet
1559 3034 1606 3078 in
1650 3046 1741 3080 sua
1779 3034 1974 3095 propria
2012 3032 2115 3096 poli
2153 3029 2427 3089 altitudine,

162 3093 471 3154 inveniuntur
523 3123 607 3171 per
654 3107 923 3156 doctrinam
974 3107 1217 3156 secundae
1251 3108 1431 3169 partie.
1518 3102 1865 3167 Oppositarum
1917 3119 2030 3152 vero
2072 3104 2321 3152 domuum
2338 3101 2427 3161 IV,

163 3179 222 3238 V,
265 3178 351 3238 VI,
392 3179 503 3238 VII,
544 3179 683 3241 VIII
723 3179 817 3228 IX.
860 3182 999 3228 initia
1038 3187 1205 3229 tenent
1245 3179 1522 3242 eclipticae
1524 3182 1712 3240 puncta
1750 3178 1991 3240 opposita.
2057 3177 2136 3226 Ita
2173 3182 2277 3224 tota
2306 3173 2432 3224 coeli

163 3252 313 3300 facies
353 3266 440 3299 seu
478 3251 642 3300 thema
680 3253 892 3302 coeleste
932 3255 1130 3316 erigitur
1169 3256 1310 3323 eique
1350 3255 1452 3300 suis
1498 3250 1619 3298 locis
1660 3252 1933 3298 inseruntur
1969 3249 2215 3312 planetae.

309 3322 365 3371 Si
405 3323 530 3371 hora
568 3331 637 3371 est
669 3340 795 3386 pars
833 3328 913 3374 24.
956 3326 1055 3374 diei
1091 3317 1370 3385 naturalis,
1412 3324 1511 3372 illa
1549 3337 1667 3371 zero
1705 3323 1838 3370 valet
1875 3329 2105 3384 tempora
2143 3321 2431 3383 aequatoris

164 3398 245 3445 60.
288 3395 369 3444 59.
411 3395 475 3460 8,
526 3396 725 3445 videtur
763 3401 920 3459 ἱρέων
959 3405 1004 3446 et
1044 3399 1172 3447 hora
1203 3399 1343 3460 plus
1364 3398 1535 3446 valere
1574 3410 1731 3458 quam
1769 3395 1828 3442 15
1866 3401 2114 3455 tempora.
2190 3390 2429 3456 Equidem

162 3472 307 3519 etiam
347 3467 465 3515 illud
487 3467 868 3517 additamentum
910 3471 994 3519 59¹
1036 3473 1118 3530 8“,
1162 3485 1259 3532 quo
1299 3469 1406 3519 dies
1445 3468 1695 3532 quaelibet
1733 3467 1923 3515 excedit
1962 3470 2201 3530 integrum
2242 3476 2428 3527 aequa-

164 3549 329 3600 torem,
362 3539 755 3602 vdispertiendum
795 3549 867 3590 est
905 3545 954 3589 in
995 3545 1064 3590 24
1103 3543 1266 3605 horas,
1304 3545 1346 3590 si
1386 3546 1698 3591 numerentur
1736 3539 1850 3587 illae
1888 3555 1917 3587 a
1941 3547 2122 3603 puncto
2148 3538 2429 3601 aequatoris

164 3612 467 3672 invariabili,
523 3612 653 3674 quod
707 3628 815 3660 cum
854 3613 969 3662 Sole
1020 3616 1110 3663 suit
1147 3617 1197 3662 in
1238 3614 1524 3664 meridiano.
1605 3612 1672 3660 At
1710 3610 1904 3674 quando
1946 3627 2088 3661 verus
2127 3612 2264 3660 loeus
2303 3608 2431 3658 Solis

165 3688 369 3750 ejusque
409 3699 504 3734 asc.
545 3690 678 3733 recta
715 3700 812 3733 non
851 3686 979 3734 nude
1019 3687 1080 3735 ad
1118 3688 1383 3746 meridiem,
1425 3686 1514 3736 sed
1551 3685 1697 3748 plane
1737 3683 1799 3732 ad
1838 3687 1994 3748 ipsam
2032 3685 2200 3733 horam
2229 3695 2430 3745 compu-

164 3766 307 3819 tatur,
348 3765 460 3807 tunc
487 3757 579 3806 hoc
603 3759 709 3820 ipso
731 3758 835 3819 jam'
863 3760 1068 3806 accessit
1093 3759 1252 3808 medio
1281 3759 1407 3809 coeli
1435 3764 1642 3818 tantum,
1672 3762 1906 3819 quantum
1934 3758 2202 3807 debebatur
2228 3754 2437 3804 totidem*

164 3833 297 3882 horis
338 3831 396 3881 de
436 3829 796 3893 additament03
836 3831 1014 3882 sufficit
1052 3831 1197 3893 igitur
1225 3839 1339 3881 tunc
1376 3847 1465 3896 pro
1507 3846 1603 3880 una
1631 3830 1751 3879 hora
1792 3837 2071 3895 computare
2104 3830 2166 3879 15
2196 3836 2428 3891 tempora.

2513 2196 2538 2244 ’”δ
2514 1807 2554 2130 -··-·-*—2.x<—*¹·-1.;‚—.e---.=:v
2533 1743 2543 1766 .ae
2533 1718 2538 1725 ,
2526 1695 2528 1697 ·
2538 1655 2542 1668 ,
2537 1622 2546 1633 ⁴
