2554 4140
828 123 964 169 Liber
995 123 1206 180 Quartus.
1264 123 1375 167 Pars
1404 122 1568 167 Prima.
2220 125 2324 172 329

82 286 256 338 porum
302 272 549 335 proportio
598 270 685 319 fiat
730 272 1050 334 sesquialtera
1093 271 1420 336 proportionis
1459 269 1850 331 intervallorum,
1905 273 1953 317 et
1989 270 2053 317 sit
2090 266 2327 317 Saturnus

81 345 349 408 trigeeuplo
386 343 543 405 major
568 343 733 403 Terra,
773 346 899 393 sicut
936 351 985 393 et
1022 344 1290 408 trigecuplo
1329 347 1403 391 est
1441 341 1637 403 tardior,
1678 342 2021 391 diametrorum
2050 354 2166 390 vero
2206 353 2326 403 pro-

79 419 238 480 portio
284 417 369 464 fiat
417 416 590 464 saltem
629 415 831 466 dimidia
866 414 1194 480 proportionis
1232 414 1620 475 intervallorum,
1675 415 1776 464 scil.
1816 414 1962 477 tripla
1997 413 2145 478 paulo
2183 412 2325 476 plus;

80 496 166 538 aut
202 489 411 551 denique
438 488 652 551 —corpora'
690 491 798 551 ipsa
835 489 1016 547 habent
1055 490 1417 554 proportionem
1456 486 1852 547 intervallorum,
1895 493 1951 535 ut
1988 486 2224 536 Saturnus
2264 486 2328 533 sit

80 562 255 610 saltem
293 560 499 624 decuplo
538 561 696 624 major
733 562 897 621 Terra,
940 564 1063 611 sicut
1102 568 1176 611 est
1212 567 1260 611 et
1299 559 1504 622 decuplo
1543 559 1709 620 altior,
1740 560 1791 606 in
1829 559 2175 622 superficiebus
2212 571 2327 607 vero

81 639 297 683 servetur
348 634 436 682 bes
483 635 811 697 proportionis
855 631 1248 694 intervallorum,
1300 635 1349 681 in
1389 632 1636 681 diametris
1675 632 1848 690 trienS,
1902 637 1951 680 et
1987 633 2057 679 ita
2097 631 2330 680 diameter

78 708 290 769 corporis
330 705 528 755 Saturni
566 708 629 755 sit
666 707 815 771 paulo
854 708 1011 770 major
1049 722 1195 770 quam
1234 706 1384 770 dupla
1423 704 1643 755 diametri
1685 704 1744 752 de
1784 717 1982 767 corpore
2009 700 2326 765 Tellurisffl)

222 779 296 827 Ex
333 778 465 828 hisce
503 780 658 828 tribus
695 779 852 829 modis
890 782 1095 844 primum
1135 782 1255 829 citra
1291 780 1673 828 controversiam
1699 776 1959 840 repudiant
1984 789 2092 823 cum
2118 779 2329 825 rationes

78 851 433 916 archetypicae,
474 858 578 901 tum
616 854 763 902 etiam
804 853 1172 901 observationes
1213 851 1569 911 diametrorum,
1610 850 1808 899 habitae
1847 851 2177 897 instrumentis
2205 849 2328 897 tele-

74 926 228 987 scopii
265 924 481 988 Belgici,
522 925 791 974 secundum
830 939 922 989 ego
962 926 1215 986 haetenu5‚
1256 927 1450 973 tertium
1487 923 1571 972 Jo.
1611 921 2092 984 Remus'Quietanus
2131 922 2323 984 probat.
2366 922 2400 978 ‘ti

81 997 176 1045 Pro
214 1012 292 1046 me
329 1004 456 1047 stare
494 998 786 1047 videbantur
821 999 1033 1047 rationes
1071 997 1411 1061 archetypicae
1450 996 1695 1056 melioreS,
1747 1009 1834 1059 pro
1872 995 2027 1043 Remo
2067 1000 2198 1043 stant
2238 994 2330 1042 ob·
2371 985 2375 998 '

75 1071 390 1127 sei-vationes,
429 1070 517 1120 sed
554 1072 604 1118 in
641 1077 779 1119 tanta
806 1070 1179 1134 scrupulositate
1218 1071 1511 1130 metuebam,
1550 1083 1610 1118 ne
1650 1070 1780 1117 omni
1810 1069 2094 1131 exceptione
2120 1067 2329 1129 majores

77 1156 172 1190 non
213 1149 390 1192 essent.
455 1143 587 1192 Cedo
625 1149 787 1192 tamen
825 1143 988 1192 locum
1011 1143 1166 1193 Remo
1207 1150 1255 1191 et
1294 1143 1733 1191 observationibus
1798 1141 1923 1190 Nam
1956 1139 2152 1203 Jupiter
2190 1155 2331 1188 acro-

77 1214 265 1278 nychus
312 1217 360 1263 in
410 1218 639 1279 perigaeo
688 1217 941 1266 eccentrici
991 1216 1157 1265 crebro
1204 1215 1321 1264 mihi
1371 1217 1506 1264 visus
1555 1220 1628 1264 est
1681 1228 1918 1278 occupare
1969 1214 2155 1262 circiter
2206 1214 2325 1272 50“‚

78 1287 338 1336 Saturnum
376 1289 559 1338 Remus
596 1295 762 1338 censet
799 1303 1037 1353 occupare
1078 1290 1199 1350 30⁰,
1251 1288 1385 1337 Mars
1426 1286 1728 1352 acronychus
1767 1293 1815 1346 et
1850 1289 1899 1334 in
1942 1286 2158 1356 Aquario
2198 1287 2328 1348 peri-

77 1375 229 1424 gaeus
284 1361 441 1424 major
496 1361 692 1425 quidem
746 1369 948 1425 apparet
1000 1361 1158 1422 Jove,
1215 1376 1313 1410 non
1366 1367 1527 1410 tamen
1581 1360 1751 1409 multo.
1842 1359 2083 1422 Equidem
2138 1373 2349 1422 corpuS‚>

80 1433 286 1496 aequale
324 1434 518 1496 Terrae,
557 1436 598 1483 si
638 1433 890 1484 videreturv
923 1450 982 1484 ex
1020 1433 1292 1495 interva110,
1334 1439 1568 1497 quantum
1604 1432 1712 1483 'Soli
1752 1434 2025 1494 tribuimuS,
2067 1434 2206 1481 3469
2247 1446 2329 1480 se-

77 1506 487 1556 midiametrorum
533 1506 763 1564 Telluri8‚
819 1513 1075 1571 appareret
1126 1507 1360 1557 diametro
1403 1509 1469 1556 2‘.
1557 1508 1623 1555 At
1672 1521 1800 1556 nunc
1851 1521 1910 1555 ex
1961 1506 2325 1569 propinquitate

79 1578 250 1628 Martis
296 1581 392 1628 ista
443 1595 619 1643 eorpus
668 1580 818 1639 idem,
871 1580 1055 1629 Telluri
1105 1580 1334 1643 aequale,
1387 1579 1497 1644 plus
1547 1594 1695 1643 quam
1739 1577 1786 1644 5.⁴
1827 1585 2047 1629 cernetur
2097 1593 2333 1641 occupare

79 1657 127 1701 et
162 1653 234 1708 sic
271 1667 356 1701 sex
393 1652 551 1703 Joves
590 1668 829 1717 aequare3
880 1659 1063 1717 quanto
1103 1655 1250 1716 igitur
1288 1653 1522 1702 diameter
1559 1652 1692 1715 globi
1732 1651 1898 1700 Martii
1935 1651 1988 1699 fit
2027 1651 2181 1718 major
2220 1651 2330 1699 dia-

79 1730 230 1774 metro
257 1724 482 1788 Telluris,
523 1731 660 1775 tanto
700 1728 886 1775 auctior
926 1728 1014 1776 erit
1051 1726 1157 1788 ejus
1197 1727 1498 1789 apparentia.
1562 1725 1670 1773 Non
1711 1727 1857 1787 igitur
1895 1724 2005 1788 plus
2033 1739 2179 1787 quam
2206 1724 2330 1773 forte

76 1803 216 1847 sexta
252 1805 390 1860 parte
428 1799 662 1862 majorem
685 1799 915 1848 debemus
939 1790 1099 1848 facere
1127 1798 1413 1848 diametrum
1440 1798 1575 1862 globi
1606 1798 1784 1859 Martii,
1822 1813 1970 1861 quam
1998 1804 2070 1847 est
2095 1797 2332 1846 diameter

78 1869 302 1931 Telluris,
342 1871 475 1934 quod
513 1872 568 1920 fit
603 1874 653 1920 in
691 1872 837 1920 modo
875 1874 1033 1921 tertio.

219 1944 295 1992 Ex
329 1945 600 1994 rationibus
640 1959 758 1994 vero
798 1945 1119 2009 archetypicis
1159 1944 1282 1993 haee
1319 1944 1526 1993 fortasse
1563 1958 1660 1992 non
1699 1945 1862 2007 inepte
1902 1943 2152 1992 militabit:
2199 1943 2331 2006 quod

78 2017 205 2065 sicut
238 2021 384 2067 antea
421 2020 785 2082 proportionem
824 2019 1038 2083 ipsorum
1069 2031 1323 2080 corporum
1350 2016 1480 2066 Solis
1509 2023 1557 2066 et
1583 2017 1808 2078 Telluris,
1849 2016 2060 2065 Telluris
2089 2023 2136 2065 et
2166 2016 2331 2065 Lunae

0 2156 2 2158 V
77 2089 278 2138 fecimus
325 2090 551 2152 eandem,
615 2106 743 2154 quae
800 2098 903 2140 erat
949 2093 1072 2141 inter
1119 2090 1529 2140 semidiametrum
1582 2089 1791 2139 Telluris
1847 2095 1896 2140 et
1948 2089 2333 2139 semidiametros

78 2161 406 2224 sphaerarum,
448 2166 519 2213 sic
555 2178 685 2213 nunc
723 2164 870 2215 etiam
909 2165 1157 2228 proportio
1198 2178 1450 2226 corporum
1482 2163 1860 2226 planetariorum
1889 2164 2117 2212 statuitur
2145 2162 2329 2222 eadem,

81 2249 207 2297 quae
254 2242 330 2284 est
375 2238 499 2286 inter
536 2237 924 2286 semidiametros
963 2238 1166 2286 orbium.
1243 2237 1320 2286 Ita
1359 2236 1596 2286 Saturnus
1635 2237 1763 2286 mole
1803 2237 2017 2299 corporis
2058 2237 2148 2286 erit
2186 2236 2333 2300 paulo

78 2309 237 2356 minus
277 2307 482 2373 decuplo
521 2311 679 2374 major
715 2310 928 2371 Tellure,
967 2310 1162 2374 Jupiter
1199 2309 1309 2373 plus
1336 2309 1619 2373 'quintuplo,
1662 2310 1794 2358 Mars
1834 2309 2098 2373 sesquiplo,
2140 2315 2190 2357 at
2228 2310 2331 2358 Ve-

79 2394 171 2428 nus
218 2380 367 2442 paulo
415 2384 571 2432 minor
609 2383 845 2433 dodrante
883 2385 1098 2448 corporis
1133 2383 1366 2444 TelluriS,
1420 2383 1692 2433 Mercurius
1730 2383 1879 2447 paulo
1918 2383 2075 2445 major
2114 2382 2331 2446 ejusdem

76 2454 267 2502 triente.
1173 2489 1178 2494 ,

221 2527 307 2573 Αη
353 2540 462 2574 non
511 2534 571 2575 ut
625 2528 862 2590 Telluris,
917 2531 987 2577 sie
1030 2531 1262 2578 omnium
1307 2530 1458 2577 etiam
1509 2529 1842 2590 planetarum
1893 2544 2109 2591 corpora
2161 2528 2335 2576 iisdem

80 2598 262 2660 quibus
308 2599 471 2647 Tellus
506 2600 693 2663 leyibus
730 2603 1058 2663 attemperari
1094 2601 1377 2650 debuerunt
1415 2601 1485 2649 ad
1522 2617 1705 2663 eorpus
1746 2601 1913 2650 Solis?
1949 2601 2164 2649 Minime.
2206 2601 2330 2648 Nam

77 2672 121 2719 si
159 2670 253 2720 hoc
302 2686 635 2734 sequeremur,
690 2674 995 2737 planetarum
1047 2687 1249 2736 corpora
1299 2674 1469 2722 fierent
1517 2674 1684 2723 ordine
1737 2675 2047 2737 sphaerarum
2089 2675 2328 2722 contrario

77 2757 277 2807 magna3
316 2746 556 2794 maximus
595 2760 662 2795 sc.
702 2746 985 2807 Mercurius,
1026 2747 1253 2795 minimus
1291 2746 1543 2806 Saturnus,
1587 2748 1821 2796 diametro
1861 2749 2034 2795 minori
2075 2761 2221 2808 quam
2261 2755 2334 2795 est

78 2816 223 2866 triens
273 2816 492 2866 diametri
532 2818 725 2868 Terrae.
802 2819 858 2868 Id
908 2834 1025 2868 vero
1074 2826 1121 2868 et
1171 2820 1439 2868 rationibus
1479 2819 1619 2868 dictis
1672 2827 1720 2868 et
1759 2820 2184 2869 observationibus
2224 2818 2333 2867 dia·

77 2895 337 2939 metrorum
376 2898 629 2954 repugnat.
706 2891 942 2941 Saturnus
982 2893 1109 2941 enim
1137 2892 1456 2956 aeronyehus,
1498 2893 1694 2956 quando
1721 2899 1794 2941 est
1822 2894 1992 2941 novies
2033 2892 2177 2940 altior
2203 2891 2332 2953 Sole,

80 2970 284 3025 occupat
323 2964 509 3012 circiter
539 2964 680 3024 ·30“,
735 2970 994 3028 occuparet
1034 2966 1201 3028 igitur,
1253 2967 1293 3013 si
1334 2970 1486 3014 staret
1523 2967 1571 3013 in
1611 2967 1974 3030 propinquitate
2014 2964 2158 3025 Solis,
2199 2959 2333 3030 4¹4¹,

10 3086 11 3091 ,
79 3047 188 3084 mm
224 3035 375 3085 Terra
424 3050 482 3084 ex
529 3042 666 3084 tanto
721 3037 979 3086 intervallo
1026 3043 1324 3101 occupatura
1370 3039 1434 3086 sit
1486 3039 1551 3086 2‘.
1627 3039 1803 3100 Itaque
1852 3038 2084 3087 diameter
2136 3037 2333 3086 Saturni

10 3105 13 3158 ἰ
81 3105 188 3170 plus
233 3123 380 3171 quam
432 3107 580 3171 duplo
629 3109 785 3172 major
834 3116 909 3159 est
960 3110 1194 3159 diametro
1233 3110 1426 3159 Terrae.
1504 3110 1666 3173 Atque
1705 3111 1798 3159 hoc
1837 3117 1936 3172 est,
1992 3109 2122 3173 quod
2169 3111 2332 3160 statim

0 3195 15 3244 ².
82 3179 218 3228 initio
255 3181 403 3244 hujus
440 3179 534 3231 loci
573 3182 696 3229 dixi:
738 3181 1151 3231 evidentissimum
1178 3183 1279 3232 fieri
1307 3183 1451 3231 rebus
1479 3183 1610 3245 ipsis,
1653 3182 1784 3245 quod
1819 3184 2008 3231 initium
2035 3184 2334 3232 constituen-

82 3249 248 3301 darum
285 3256 649 3318 proportionum
690 3255 869 3303 sactum
909 3256 973 3303 sit
1010 3270 1040 3303 a
1077 3255 1241 3303 Terra.
1318 3255 1440 3304 Nam
1482 3255 1850 3305 observationes
1883 3257 2050 3306 Lunae
2089 3261 2137 3306 et
2175 3256 2331 3320 eclip-

82 3324 205 3373 sium
257 3331 495 3376 testantur
546 3327 605 3376 de
644 3328 943 3389 aequalitate
981 3330 1346 3390 proportionum
1397 3326 1624 3389 duarum,
1678 3342 1881 3391 quarum
1933 3344 2031 3378 una
2083 3335 2157 3379 est
2207 3331 2334 3377 inter

84 3408 283 3459 eorpora
320 3399 487 3450 Lunae
525 3406 574 3449 et
612 3400 803 3459 Terrae,
844 3401 997 3449 altera
1035 3400 1159 3448 inter
1197 3399 1457 3448 diametros
1497 3400 1674 3450 Terrae
1713 3407 1762 3450 ct
1799 3403 1928 3451 orbis
1971 3402 2170 3464 Lunae3
2219 3401 2334 3450 huic

84 3470 351 3520 certitudini
391 3473 788 3523 observationum
821 3473 1049 3536 refragari
1087 3470 1366 3521 nullatenus
1412 3486 1686 3535 possumne.
1761 3473 1875 3524 Jam
1920 3490 2035 3524 vero
2072 3475 2334 3524 verisimil-

19 3557 22 3614 ἡ
85 3538 248 3593 limum
287 3551 413 3606 erat,
453 3552 506 3595 ut
543 3545 715 3594 iisdem
754 3546 943 3604 legibus
983 3551 1031 3594 et
1067 3544 1218 3594 Terra
1263 3544 1324 3593 ad
1365 3544 1528 3594 Solem
1566 3552 1992 3611 attemperaretur:
2052 3547 2183 3611 quod
2223 3563 2330 3596 cum

20 3621 22 3641 ³
84 3615 439 3678 statuissemus,
495 3619 598 3681 jam
650 3619 1018 3667 observationes
1075 3619 1220 3665 etiam
1271 3617 1349 3667 hic
1400 3619 1585 3668 eminus
1636 3611 1992 3670 consentientes
2054 3621 2329 3679 habuimus,

23 3736 25 3757 ἱ
86 3684 202 3744 quia
237 3686 350 3737 illae
385 3703 479 3739 non
519 3692 678 3741 serunt
715 3692 1124 3754 propinquitatem
1165 3689 1292 3738 Solis
1330 3690 1791 3742 semidiametrorum
1823 3694 2001 3743 Terrae
2045 3695 2198 3752 1200,
2239 3693 2327 3740 sed

88 3753 284 3818 duplum
330 3761 410 3811 vel
456 3764 651 3827 triplum
700 3766 972 3827 requirunt,
1027 3769 1074 3810 ct
1111 3762 1381 3825 postulavit
1416 3778 1535 3813 sane
1577 3765 1700 3815 haee
1739 3768 2078 3830 attemperatio
2117 3764 2329 3827 triplum.

24 3817 28 3886 ⁸.
87 3825 235 3878 Terra
269 3831 415 3895 igitur
450 3843 580 3887 certo
618 3851 843 3887 mensura
882 3843 954 3886 est
994 3842 1090 3885 tam
1129 3849 1382 3900 corporum
1421 3835 1548 3886 Solis
1588 3844 1636 3889 et
1674 3838 1868 3901 Lunae,
1909 3855 2054 3903 quam
2093 3837 2329 3902 sphaera-
