2554 4140
795 105 1028 165 Excerpta
1057 118 1116 151 ex
1145 105 1333 152 Tabulis
1353 103 1672 163 Rudolphinis.
2259 106 2359 156 587
2414 159 2420 164 ,

1814 327 2030 368 Particula
2107 325 2286 374 'Argum

1158 391 1387 426 menstrua.
1847 398 2005 427 exsors,
2102 396 2302 425 annuum.

1434 416 1677 456 communis.

1242 541 1256 564 ⁷
1286 547 1343 586 on
1864 546 1908 587 0¹
1940 545 1997 587 0¹¹

1265 928 1274 938 .
1305 899 1351 957 o.
1772 923 1783 935 .
1859 895 1899 935 2.
1933 894 2004 934 57.

115 1200 2064 1211 ————————————-—-————-———

1185 1233 1256 1275 51.
1290 1233 1363 1274 58.
1448 1288 1450 1290 v
1480 1233 1634 1273 14380.
1777 1259 1783 1267 ·
1861 1233 1902 1274 2.
1935 1232 2008 1274 57.

268 1383 340 1425 82)
378 1393 421 1431 p,
459 1381 559 1421 477.
621 1378 739 1420 Circa
778 1381 903 1418 finem
936 1379 1084 1430 capitis
1114 1377 1270 1421 XXVI.
1309 1378 1414 1418 Tab.
1447 1378 1553 1418 Rud.
1593 1377 1786 1419 absoluta
1828 1378 2112 1421 »variatione«
2154 1379 2361 1429 Keplerus

96 1441 326 1492 complures
357 1439 478 1478 addit
506 1437 691 1491 regulas,
724 1438 780 1478 ad
809 1441 968 1477 motum
997 1438 1139 1476 Lunae
1168 1439 1445 1489 pertinentes,
1485 1449 1592 1488 quae
1630 1438 1814 1476 maxima
1844 1448 1894 1476 ex
1925 1441 2045 1488 parte
2075 1450 2198 1478 usum
2231 1438 2356 1477 tabu-

26 1511 37 1547 ’.,
92 1499 224 1540 larum
255 1498 498 1550 respiciunt.
561 1496 675 1547 Quia
705 1498 749 1536 in
780 1498 858 1536 hae
889 1495 1072 1545 editione
1104 1508 1275 1546 operum
1296 1497 1464 1547 Kepleri
1493 1498 1630 1546 justas
1662 1498 1714 1536 ob
1748 1508 1892 1535 causas
1923 1494 2089 1536 tabulas
2121 1497 2355 1537 numer-icas

15 1589 25 1599 .
93 1557 454 1609 Rudolphinarum
497 1557 732 1609 omisimus,
773 1556 898 1595 etiam
941 1553 1104 1605 regulas
1142 1554 1259 1605 illas,
1305 1567 1424 1607 quae.
1452 1556 1542 1594 sine
1582 1555 1741 1594 tabulis
1788 1553 1948 1594 nullius
1995 1559 2093 1594 sunt
2137 1556 2356 1608 momenti,

23 1615 42 1667 J
95 1608 484 1668 praetermittimus,
525 1615 766 1664 ablegantes
798 1615 1006 1653 curiosum
1036 1615 1232 1653 lectorem
1263 1614 1318 1652 ad
1347 1615 1463 1664 ipsas
1494 1614 1680 1653 Tabulas
1710 1612 2023 1667 Rudolphinas,
2056 1626 2165 1667 quae
2196 1615 2359 1666 passim

12 1685 23 1690 ·
94 1677 141 1716 in
180 1673 447 1715 bibliothecis
486 1677 667 1714 exstant.
739 1673 821 1712 Hic
860 1685 907 1712 ea
942 1676 1106 1712 tantum
1134 1673 1415 1726 inseruimus,
1459 1684 1568 1726 quae
1609 1673 1699 1712 sine
1738 1671 1897 1712 tabulis
1936 1671 2025 1712 illis
2066 1677 2203 1713 mente
2246 1684 2361 1730 com-

37 1720 47 1741 '
94 1735 222 1787 plecti
251 1737 446 1784 possunt.

270 1798 643 1853 Praeceptum
675 1795 785 1841 1221:
817 1794 1152 1852 Aequationem
1182 1794 1368 1840 luminis
1397 1808 1477 1840 seu
1505 1799 1786 1840 menstruam
1826 1794 2122 1851 compositam
2148 1795 2365 1852 formare.

44 1871 58 1892 -’
91 1863 240 1908 Primo
272 1863 534 1919 exquiratur
565 1861 844 1918 aequationis
881 1865 1142 1905 menstruae
1173 1873 1280 1917 pars
1315 1865 1603 1917 competens,
1648 1863 1864 1916 tanquam
1895 1860 2168 1905 elementum
2210 1874 2363 1927 unum,

63 1988 66 1989 ⁷
95 1930 226 1987 eique
257 1936 302 1976 et
333 1930 633 1974 fermentatae
665 1935 711 1974 et
739 1930 955 1974 reductae
986 1929 1044 1973 ad
1074 1928 1228 1984 anguli
1258 1929 1457 1974 valorem
1487 1929 1649 1974 titulus
1681 1943 1791 1975 suus
1823 1934 2091 1986 apponatur.
2155 1929 2364 1975 Secundo
2396 1972 2398 1974 .

94 1995 242 2041 ablato
280 1995 382 2039 loco
415 1994 532 2039 Solis
575 1994 647 2039 vel
679 1995 887 2051 opposito
933 1993 1049 2039 Solis
1081 2007 1108 2038 a
1138 1994 1238 2040 loco
1269 1995 1428 2040 Lunae
1456 1995 1599 2053 ficto,
1641 1994 1941 2042 constituatur
1974 1995 2079 2051 *ejus
2121 1995 2362 2052 elongatio,
2413 2000 2417 2005 “

29 2063 50 2073 ”
86 2061 165 2107 cui
194 2061 404 2117 aequatio
440 2065 672 2105 menstrua
713 2058 784 2103 vel
826 2058 1021 2103 addatur
1051 2059 1122 2103 vel
1153 2058 1383 2116 dematur,
1427 2065 1564 2117 prout
1602 2060 1763 2105 titulus
1803 2059 1901 2116 ejus
1939 2059 2147 2105 voluerit.
2208 2059 2364 2106 Tertio
2429 2072 2437 2083 ³

48 2118 59 2183 Ῐ
92 2136 193 2173 cum
219 2127 506 2184 elongatione
535 2127 600 2171 sic
631 2130 844 2182 aequata),
876 2130 927 2169 ut
957 2125 1016 2169 sit
1044 2137 1187 2181 prope
1217 2137 1336 2181 vera,
1369 2137 1427 2168 ex
1456 2125 1624 2172 tabulis
1645 2126 1889 2170 menstruis
1922 2139 2115 2183 excerpe
2146 2126 2359 2171 variatio-

92 2203 213 2248 nem,
245 2195 317 2239 vel
338 2193 643 2252 Tychonicam
665 2191 927 2235 diminutam
958 2189 1029 2233 vel
1053 2190 1451 2239 demonstrativam
1472 2196 1664 2249 auctam,
1696 2189 1834 2248 prout
1863 2197 1910 2236 te
1939 2191 2080 2237 libido
2111 2190 2267 2237 tulerit
2295 2191 2365 2236 vel

8 2257 20 2316 f
55 2271 58 2299 1
92 2258 288 2311 auctoris
322 2258 543 2315 sequendi
574 2257 646 2302 vel
675 2255 812 2301 fidem
843 2254 1107 2300 alterutrius
1138 2255 1426 2312 periclitandi
1454 2268 1538 2312 per
1569 2257 1952 2313 comparationem
1974 2257 2362 2303 observationum:

9 2321 18 2329 ”
89 2325 202 2370 haec
241 2324 326 2369 erit
361 2324 634 2370 elementum
673 2322 886 2377 alterum3
928 2325 974 2365 et
1014 2334 1194 2377 appone
1236 2321 1380 2366 eidem
1419 2320 1621 2378 titulum,
1660 2322 1898 2367 variationi
1929 2322 2263 2379 superpositum
2293 2324 2365 2368 vel

60 2389 387 2449 ‘'suppositum.
449 2389 635 2444 Quarto,
670 2387 709 2431 si
738 2385 861 2445 tituli
892 2384 1217 2430 elementorum
1254 2387 1426 2430 fuerint
1465 2385 1657 2443 similes,
1700 2387 1858 2446 redige
1890 2388 1970 2433 illa
1998 2388 2045 2433 in
2075 2403 2212 2434 unam
2243 2403 2364 2436 sum-

66 2485 68 2489 *
92 2466 222 2511 mam,
255 2454 409 2499 addito
434 2454 659 2498 communi
679 2452 829 2511 titulo,
863 2453 934 2497 sin
957 2452 1210 2511 dissimiles,
1240 2453 1464 2499 subducto
1487 2454 1650 2498 minori
1681 2454 1853 2517 colloca
1873 2455 2118 2515 residuum,
2152 2458 2364 2515 apposito

92 2520 226 2581 titulo
256 2516 464 2577 maJ'oris:
496 2520 563 2565 ita
595 2520 790 2564 formata
823 2519 908 2563 erit
939 2519 1190 2576 composita
1220 2520 1431 2579 aequatio
1455 2519 1656 2565 luminis.

65 2628 70 2635 .
264 2587 376 2632 Cum
415 2587 529 2631 haec
558 2586 780 2647 aequatio¹
798 2588 1050 2642 menstrua,
1093 2590 1195 2631 orta
1225 2585 1583 2643 simplicissime,
1619 2591 1796 2631 tantum
1839 2592 2015 2633 crearet
2051 2588 2287 2634 molestiae
2315 2590 2364 2634 in

86 2652 415 2709 ¹computando,
459 2651 604 2696 visum
635 2655 706 2695 est
736 2649 1086 2695 calculatoribus
1116 2650 1274 2695 minus
1304 2650 1460 2703 otiosis
1499 2645 1764 2697 succurrere
1804 2655 2142 2710 computatione
2179 2655 2365 2701 tabulae

23 2749 26 2752 -
92 2717 345 2776 peculiaris,
377 2731 494 2774 quae
525 2730 703 2762 omnem
732 2715 850 2759 hanc
881 2715 1145 2760 varietatem
1176 2720 1504 2773 exsequeretur
1535 2714 1862 2772 exhiberetque
1899 2718 1945 2762 id
1984 2714 2212 2766 tantillum
2243 2722 2365 2778 quod
2399 2776 2402 2779 ¹

95 2783 346 2840 quaerimus
375 2785 582 2840 ingressu
611 2783 760 2828 unico.
821 2782 974 2827 Habes
1012 2781 1150 2838 igitur
1188 2782 1235 2826 in
1278 2795 1331 2827 ea
1361 2781 1660 2827 vicennalium
1691 2795 1901 2827 curarum
1939 2790 2116 2841 partem
2145 2800 2237 2832 non
2268 2789 2364 2834 exi-

0 2878 9 2902 2
39 2874 46 2883 ·
87 2863 254 2908 guam:
277 2848 423 2894 'toties
454 2849 533 2894 illa
564 2856 633 2895 est
666 2849 920 2906 scripturis,
950 2849 1163 2907 picturis,
1195 2849 1433 2906 machiniS,
1465 2849 1641 2895 calculo
1672 2850 1941 2896 multiformi
1978 2852 2098 2898 facta
2127 2859 2272 2911 atque.
2294 2869 2364 2901 re-

88 2915 233 2974 iecta,
274 2916 419 2961 donec
457 2915 546 2959 vim
576 2915 884 2973 hypotheseos
917 2930 1094 2961 omnem
1126 2922 1171 2962 et
1193 2916 1602 2974 complecteretur,
1651 2922 1697 2961 et
1738 2923 1909 2973 quanta
1953 2919 2105 2975 potuit
2142 2919 2364 2967 brevitate

96 2983 312 3028 redderet.
375 2982 566 3026 Secutus
599 2982 684 3026 hac
713 2983 760 3026 in
791 2988 921 3038 parte
955 2981 1188 3027 Hebraeos
1220 2988 1530 3039 astronomos,
1571 2994 1762 3038 quorum
1792 2983 1972 3029 tabulas
2012 2985 2226 3032 hebraico
2258 2989 2363 3034 cha-

93 3045 264 3115 ractere
304 3046 416 3103 vidi,
458 3046 722 3095 incedentes
762 3060 845 3103 per
882 3060 1017 3093 senos
1060 3047 1311 3094 anomaliae
1341 3050 1522 3104 Lunae,
1565 3043 2111 3107 singuloselonssgationis
2140 3051 2302 3099 Lunae
2319 3054 2361 3101 ‘a

47 3151 51 3154 .
81 3113 201 3170 'Sole
231 3114 420 3172 gradus;
452 3117 634 3157 secutus
666 3112 910 3167 Origanum
942 3115 1287 3171 quadamtenus,
1322 3116 1398 3171 qui
1429 3121 1667 3172 utramque
1699 3115 2029 3174 aequationem,
2059 3122 2153 3162 tam
2185 3120 2363 3168 solutae

103 3193 233 3238 quam
261 3186 523 3224 menstruae
566 3177 840 3236 anomaliae,
885 3179 1079 3235 conjecit
1119 3180 1164 3223 in
1196 3193 1333 3224 unam
1365 3193 1585 3225 summam
1625 3179 1824 3236 fecitque
1857 3174 2034 3226 omnem
2065 3181 2165 3239 ejus
2197 3187 2360 3233 seriem

98 3250 269 3291 tantum
298 3245 607 3302 adjectoriam,
642 3244 867 3302 detracta,
911 3252 962 3291 ut
1001 3246 1089 3290 hoc
1120 3242 1299 3302 posset,
1342 3247 1529 3303 epochis
1570 3252 1775 3292 motuum
1816 3246 2066 3293 mediorum
2109 3254 2363 3306 quantitate

91 3308 267 3358 'idonea
330 3312 420 3357 Sed
450 3311 497 3355 hi
529 3310 640 3355 nihil
674 3310 781 3355 dum
811 3308 867 3353 de
898 3310 1146 3354 variatione
1176 3309 1246 3354 vel
1278 3310 1503 3355 sciverant
1543 3310 1615 3355 vel
1644 3311 1948 3357 intexuerant.
2009 3313 2189 3363 Ducem
2219 3318 2359 3375 igitur

102 3373 209 3423 ficti
245 3376 463 3434 profiteor
501 3376 643 3433 magis
686 3379 946 3420 accuratum
987 3374 1245 3431 Magin'um,
1287 3376 1363 3432 qui
1401 3377 1447 3421 in
1487 3376 1812 3434 Supplemento
1844 3377 2199 3436 Ephemeridum
2241 3389 2361 3429 totas

9 3449 13 3495 '2
92 3434 154 3488 52
179 3442 319 3489 facies
348 3443 398 3487 in
428 3447 658 3488 texturam
688 3442 946 3497 huiusmodi
976 3442 1159 3487 tabulae
1189 3442 1413 3498 insumsit,
1446 3456 1548 3488 cum
1578 3443 1654 3489 ille
1685 3447 1835 3489 tamen
1865 3444 2066 3491 nondum
2097 3448 2151 3494 iis
2182 3448 2361 3506 legibus

10 3502 14 3576 ζ,
99 3506 468 3567 ndstringeretur,
499 3516 552 3557 ut
583 3506 888 3555 semicirculos
919 3514 1042 3554 totos
1075 3509 1315 3555 dissimiles
1347 3509 1548 3555 efficeret
1579 3510 1835 3557 interventu
1865 3514 2120 3570 particulae
2152 3516 2363 3571 exsortis,

12 3587 16 3624 3
98 3582 187 3630 qua
213 3575 388 3621 ratione
418 3576 677 3633 duplicatus
707 3576 773 3622 illi
804 3576 968 3622 fuisset
996 3589 1209 3622 numerus
1239 3576 1470 3631 facierum,
1502 3577 1683 3623 futurus
1718 3578 1812 3624 104.
1866 3580 2059 3625 Incessit
2090 3585 2244 3624 autem
2274 3593 2357 3636 per

14 3670 16 3676 r
102 3642 253 3684 ternos
285 3641 544 3699 anomaliae,
578 3643 778 3698 singulos
802 3642 1108 3698 ¹elongationis
1140 3643 1299 3687 Lunae
1337 3654 1365 3686 a
1396 3642 1502 3687 Sole
1532 3644 1714 3699 gradus.
1776 3643 1892 3696 Mihi
1924 3646 2060 3691 etiam
2102 3646 2216 3690 haec
2247 3644 2360 3691 mul-

14 3692 17 3751 Ῑ
60 3696 62 3700 ’
99 3700 241 3749 titudo
270 3704 478 3750 foliorum
507 3707 725 3762 fugienda
756 3714 827 3753 est
858 3708 974 3763 visa,
1017 3721 1118 3752 cum
1160 3712 1375 3764 expertus
1409 3708 1494 3752 sim
1532 3721 1590 3753 ex
1630 3709 1927 3767 replicatione
1965 3714 2034 3755 tot
2063 3709 2272 3755 foliorum
2313 3714 2359 3754 et

91 3762 509 3830 -hquisitioneper
540 3784 593 3816 ea
633 3777 1002 3829 argumentorum
1043 3771 1244 3816 laborem
1284 3778 1329 3817 et
1359 3772 1583 3830 taedium,
1631 3776 1747 3821 adde
1789 3782 1835 3821 et
1867 3777 2079 3822 damnum
2122 3775 2356 3821 oculorum

17 3852 21 3878 ÷
102 3832 238 3888 nasci,
270 3847 360 3882 nou
392 3835 550 3883 leviter
582 3836 969 3886 dissimulandum.
1032 3837 1105 3885 Sic
1135 3837 1272 3895 igitur
1304 3838 1397 3895 egi:
1440 3838 1496 3885 26
1529 3840 1784 3899 apertiones
1816 3841 2026 3889 foliorum
2057 3841 2248 3900 Magini,
2285 3841 2356 3889 vel
