2554 4140
193 119 296 169 666
955 117 1009 160 In
1040 115 1238 161 Tabulas
1267 116 1582 175 Rudolphinas

187 265 554 327 nuncupatoris,
603 276 739 312 meos
791 264 938 312 etiam
983 268 1056 312 tot
1103 279 1339 313 annorum
1389 263 1580 313 labores
1627 262 1689 312 in
1716 281 1799 316 eas
1837 264 2161 316 absolvendas
2202 269 2251 314 et
2286 265 2452 329 perfif.

189 337 383 385 ciendas
430 338 673 398 impensos
712 350 881 384 sereno
927 336 1067 384 vultu
1106 338 1365 400 suscipiat,
1415 350 1590 398 meque
1635 338 1958 388 humillimum
2005 336 2287 388 clientulum
2324 352 2433 386 cum

185 410 304 458 meis
343 408 584 457 Caesareo
624 422 711 456 suo
751 410 1022 471 patrocinio
1062 409 1434 460 clementissime
1473 408 1710 471 dignetur.
2256 428 2258 432 ’

442 493 523 543 See
560 494 644 543 Cae
682 492 787 542 Mtis
822 495 912 542 Vae

369 574 373 579 ’
659 566 738 615 Ad
777 567 1042 618 excolenda
1079 568 1384 617 Mathemata
1424 565 1692 616 conductus
1730 569 1953 617 servulus

1619 644 1621 646 ’
1677 634 1685 643 ’
1793 639 2022 690 Joavmes
2059 639 2324 703 Keplerua

401 1098 421 1123 ·
510 1031 633 1175 'm
693 1081 1049 1175 muniis
1115 1050 1523 1176 aunuum
1591 1080 2068 1207 murrum.

327 1273 465 1322 Duas
502 1274 651 1324 habet
689 1279 925 1323 astrorum
971 1276 1174 1324 scientia
1209 1280 1396 1339 partes:
1443 1277 1575 1338 prior
1613 1281 1687 1325 est
1727 1275 1785 1324 de
1823 1275 2061 1335 motibus,
2102 1274 2340 1338 posterior
2378 1273 2438 1323 de

183 1345 435 1394 effectibus
482 1347 692 1395 siderum
731 1349 779 1392 in
819 1354 994 1395 natura
1031 1348 1312 1408 sublunari,
1364 1354 1622 1414 utramque
1655 1344 1856 1406 'veteres
1906 1347 2149 1396 communi
2198 1345 2439 1395 vocabulo

180 1418 496 1480 astrologiam
535 1419 667 1468 soliti
700 1427 832 1467 sunt
869 1419 1130 1484 appellare.
1208 1421 1329 1469 Cum
1366 1435 1483 1469 vero
1523 1423 1692 1484 ingens
1744 1422 1808 1468 sit
1845 1421 1969 1468 inter
2007 1420 2095 1468 has
2134 1424 2295 1483 partes
2334 1418 2438 1468 dis-

181 1492 359 1539 crimen
408 1506 556 1540 causa
602 1492 928 1553 certitudinis,
982 1494 1258 1542 nominibus
1313 1495 1461 1542 etiam
1512 1494 1806 1557 distinguere
1865 1492 1976 1540 illas
2028 1493 2269 1557 'posterior
2319 1506 2436 1540 usus

181 1563 414 1626 obtinuit,
471 1572 523 1612 ut
561 1564 781 1613 doctrina
819 1558 879 1613 de
916 1567 1128 1614 motibus
1167 1568 1463 1616 astronomia
1501 1569 1664 1631 potius
1702 1571 2089 1628 nuncuparetur,
2130 1564 2263 1627 quod
2301 1564 2436 1628 leges

176 1643 394 1685 motuum
439 1639 535 1685 sint
590 1637 914 1687 immutabiles
964 1653 1249 1702 summaque
1303 1641 1490 1688 ratione
1530 1645 1788 1705 constent,
1841 1638 1996 1687 altera
2034 1651 2150 1687 vero
2189 1651 2328 1702 pars,
2387 1639 2437 1685 in

178 1709 466 1771 conjecturis
523 1717 788 1775 occupata,
849 1725 1102 1761 commune
1162 1711 1407 1774 quondam
1465 1712 1760 1775 astrologiae
1813 1724 2011 1759 nomen·
2043 1711 2137 1759 sibi
2192 1711 2437 1774 privatum

177 1781 407 1831 haberet:
463 1785 642 1847 quippe
682 1797 808 1846 quae
858 1786 1066 1847 primum
1105 1786 1249 1833 etiam
1289 1786 1448 1833 locum
1495 1787 1542 1832 in
1582 1787 1756 1833 animis
1793 1783 2068 1844 hominum,
2122 1784 2270 1831 futuri
2319 1796 2437 1846 pro-

179 1854 335 1915 vidis,
374 1856 540 1905 fecerit
579 1854 735 1904 rerum
777 1857 1063 1906 coelestium
1101 1858 1609 1922 contemplationibus
1684 1858 1810 1907 Nam
1848 1863 1902 1905 ut
1939 1858 1987 1904 in
2025 1856 2244 1915 homine,
2292 1869 2438 1920 prae-

182 1930 483 1977 stantissimo
523 1931 673 1977 totius
712 1931 1046 1979 universitatis
1086 1945 1257 1994 opere,
1293 1924 1479 1996 ‘quippe
1520 1930 1713 1979 domino
1754 1932 1968 1978 omnium
2007 1935 2055 1978 et
2092 1929 2303 1991 imagine
2341 1929 2436 1978 Dei

179 2003 423 2062 creatoriS,
463 2007 596 2050 ortus
635 2004 870 2066 principia
896 2011 1009 2052 sunt
1034 1999 1310 2063 imbecillia,
1345 2003 1587 2066 jocularia
1623 2010 1684 2062 et,
1725 2009 1972 2052 contracta
2005 2002 2107 2064 Jam
2146 2002 2272 2062 labe,
2311 2015 2443 2065 pene‘

180 2073 435 2136 pudenda,
486 2074 661 2124 humor
702 2077 905 2138 exiguus
945 2082 993 2124 et
1030 2078 1229 2138 sanguis
1267 2083 1565 2138 menstruus,
1606 2076 1743 2124 locus
1781 2078 1828 2123 in
1869 2081 2006 2139 parte
2043 2075 2195 2123 totius
2233 2075 2436 2123 materni

184 2149 398 2210 corporis
437 2148 690 2207 vilissima,
733 2149 868 2196 cibus
907 2163 1074 2197 recens
1117 2149 1246 2197 edito
1284 2149 1376 2209 lac,
1418 2164 1541 2212 opus
1580 2155 1665 2197 aut
1708 2162 1905 2197 somnus
1943 2154 2028 2196 aut
2067 2149 2292 2209 vagitus3
2332 2149 2436 2195 vita

177 2219 369 2279 sordes3
411 2222 618 2268 amictus
658 2222 839 2281 tricae3
880 2235 938 2268 ex
978 2221 1070 2270 hac
1096 2228 1255 2270 tamen
1283 2221 1436 2271 veluti
1483 2222 1676 2270 officina
1711 2222 1853 2269 nobis
1879 2219 2132 2283 prodeunt,
2175 2222 2259 2281 qui
2292 2219 2434 2268 urbes

180 2298 444 2352 exstruunt,
487 2295 569 2354 qui
595 2300 763 2355 portus
790 2293 1037 2354 effodiunt,
1079 2296 1159 2356 qui
1199 2301 1388 2342 montes
1427 2294 1721 2354 rescindunt,
1761 2296 1846 2356 qui
1883 2294 2005 2341 freta
2041 2293 2270 2355 pontibus
2309 2297 2435 2340 ster-

177 2371 324 2426 nunt3
364 2362 892 2428 prodeuntPrincipeS,
934 2366 1110 2429 Reges,
1151 2367 1474 2415 Monarchae:
1516 2369 1586 2415 sic
1615 2366 1700 2414 illa
1739 2365 1961 2414 coelestis
1987 2364 2240 2414 machinae
2279 2378 2435 2427 capax

182 2436 452 2499 disciplina,
494 2445 729 2501 concepta
764 2440 971 2501 primurn
1010 2454 1068 2487 ex
1106 2441 1452 2501 imaginatione
1491 2438 1792 2488 horribilium
1827 2438 1954 2486 Solis
1993 2443 2040 2486 et
2066 2437 2234 2486 Lunae
2273 2436 2436 2485 defec-

178 2515 327 2570 tuum,
369 2510 677 2573 siderumque
704 2513 996 2572 crinitorum,
1038 2527 1160 2575 quas
1186 2513 1514 2575 apparitiones
1541 2513 1799 2560 tristissimi
1828 2512 1985 2571 gentis
2011 2511 2254 2559 humanae
2293 2524 2434 2558 casus

179 2584 630 2649 consequebantur3
683 2584 855 2633 exinde
895 2585 1195 2634 formationis
1232 2599 1353 2634 suae
1390 2585 1652 2648 primordia
1691 2583 1871 2645 ducens
1906 2598 2139 2646 perquam
2185 2584 2349 2631 tenuia
2388 2587 2436 2630 et

177 2656 406 2717 obscura,
461 2660 792 2719 persuasionis
833 2656 892 2706 de
931 2659 1073 2706 astris
1116 2659 1359 2719 variisque
1399 2658 1824 2706 constellationum
1863 2656 2027 2718 figuris
2068 2661 2116 2704 et
2155 2654 2435 2718 cupiditatis

176 2728 470 2788 futurorum,
507 2733 715 2791 primum
754 2732 855 2778 vim
895 2730 1140 2792 quandam
1178 2730 1332 2779 veluti
1371 2730 1568 2779 vitalem
1608 2732 1851 2792 concepit,
1905 2743 2002 2791 qua
2038 2729 2162 2776 freta
2200 2743 2257 2776 ex
2296 2729 2434 2789 cogi-

176 2803 412 2850 tationum
451 2802 651 2851 latebris
688 2806 737 2850 in
775 2803 934 2851 lucem
972 2809 1169 2866 apertae
1207 2803 1520 2865 professionis
1560 2804 1716 2864 erupit
1752 2802 2015 2865 palamque
2054 2802 2178 2849 inter
2213 2801 2434 2848 homines
2516 2807 2522 2811 ⁴

172 2874 347 2935 jactari
386 2877 569 2938 coepit,
622 2882 724 2923 tum
764 2876 933 2924 deinde
970 2891 1058 2939 per
1095 2878 1282 2923 somnia
1321 2883 1369 2924 et
1405 2890 1562 2937 nugas
1600 2875 1993 2941 praedictionum*
2022 2872 2432 2935 genethliacarum

179 2946 383 2995 educata
421 2949 657 3009 paulatim
696 2948 941 3008 adolevit,
992 2948 1289 3010 tandemque
1328 2949 1559 3008 nucibus,
1602 2954 1653 2995 ut
1692 2948 1854 3010 ajunt,
1895 2946 2102 3006 relictis,
2144 2946 2272 2993 virili
2311 2960 2433 2994 ausu

177 3033 262 3080 per
302 3026 534 3070 consueta
572 3021 941 3069 meditationum
982 3022 1263 3079 coelestium
1313 3023 1542 3069 exercitia
1592 3021 1770 3068 multos
1819 3019 1880 3067 ad
1919 3033 2036 3067 usus
2074 3019 2206 3066 vitae
2244 3017 2434 3067 machi-

179 3093 500 3155 nationesque
538 3093 850 3142 admirabiles
891 3093 1049 3155 adque
1088 3093 1443 3156 providentiam
1476 3108 1632 3141 rerum
1670 3094 2050 3142 necessariarum
2088 3092 2326 3150 transivit,
2371 3089 2433 3138 ad
2494 3139 2505 3146 ,

178 3177 364 3211 morum
416 3168 561 3214 etiam
613 3166 1029 3226 emendationem,
1080 3167 1195 3228 quin
1243 3167 1340 3230 imo
1389 3166 1452 3214 ad
1497 3168 1651 3228 ipsius
1689 3165 1784 3214 Dei
1823 3166 2052 3214 creatoris
2107 3164 2431 3226 cognitionem

181 3237 335 3285 veluti
372 3252 456 3298 per
494 3239 673 3300 gradus
714 3240 904 3301 aliquos
943 3240 1100 3300 magis
1139 3245 1286 3300 atqu-e
1324 3241 1480 3300 magis
1520 3241 1730 3287 enititur.

324 3307 667 3371 Veruntamen,
710 3318 765 3360 ut
802 3315 849 3359 in
878 3313 1103 3360 arborum
1142 3311 1276 3360 fibris
1303 3311 1449 3371 anni,
1473 3313 1542 3360 sic
1568 3313 1615 3358 in
1654 3317 1758 3359 tota
1786 3309 2116 3357 divinissimae
2154 3307 2270 3354 artis
2297 3320 2433 3355 com-

180 3381 422 3443 positione
473 3381 765 3432 lineamenta
817 3385 1059 3447 quaedam
1110 3391 1348 3447 apparent
1386 3390 1517 3433 ortus
1556 3384 1732 3446 hujus,
1784 3387 1837 3430 ut
1874 3387 2073 3429 matrem
2113 3385 2160 3428 et
2197 3381 2431 3428 nutricem

182 3452 496 3514 astrologiam
536 3456 776 3518 abnegare
802 3471 900 3505 non
937 3460 1093 3520 possit
1117 3460 1416 3506 astronomia
1452 3456 1555 3504 filia
1579 3463 1626 3504 et
1663 3456 1873 3505 alumna.
1948 3453 2120 3501 Partes
2158 3453 2264 3514 ejus
2287 3466 2432 3514 prae·
2511 3500 2518 3508 ,

179 3526 350 3587 cipuae
388 3525 624 3573 habentur
663 3529 1057 3589 observationeS,
1096 3530 1422 3594 hypotheseS‚
1475 3529 1780 3586 mechanica,
1835 3525 2051 3574 calculus
2089 3539 2176 3573 seu
2214 3525 2430 3584 tabulae,

182 3611 308 3660 quae
334 3597 644 3664 singulae-iu·>
654 3602 1010 3662 praedictiones
1047 3603 1278 3650 feruntur.
1356 3601 1628 3650 Observare
1654 3600 1818 3648 docuit
1844 3599 2054 3646 siderum
2091 3599 2279 3660 positus
2307 3610 2433 3645 cura

180 3671 327 3718 futuri
351 3670 574 3733 provida,
615 3677 865 3734 ortumque
897 3675 1043 3723 Canis
1083 3681 1238 3723 metus
1279 3691 1308 3723 a
1332 3675 1430 3722 Nili
1470 3671 1893 3722 exundationibus
1957 3670 2271 3733 Hypotheses
2312 3683 2431 3718 con-

182 3744 439 3807 stituerunt
476 3742 708 3802 artifices,
751 3750 817 3803 ut,
860 3747 1224 3795 observatarum
1264 3749 1556 3795 varietatum
1595 3744 1753 3793 causis
1791 3744 1838 3790 in
1880 3750 2046 3805 aperto
2079 3743 2277 3809 positis,
2325 3742 2430 3804 Jam

181 3829 280 3863 non
318 3820 505 3865 tantum
543 3827 737 3864 annona
775 3830 834 3864 ex
884 3820 1053 3880 astris,
1107 3819 1193 3868 sed
1243 3820 1352 3882 ipsa
1390 3820 1536 3868 etiam
1575 3823 1706 3867 astra
1743 3830 1802 3865 ex
1839 3815 2194 3881 hypothesibus
2231 3816 2429 3880 praevi-
