2554 4140
755 133 987 193 Excerpta
1017 144 1075 179 ex
1106 131 1295 179 Tabulis
1315 130 1639 191 Rudolphinis.
1673 100 1705 190 ’Ἰ
2215 133 2321 184 569

234 279 325 326 Sed
353 282 405 324 ut
432 282 743 336 praeteramus
773 279 874 338 ista,
906 281 1091 338 reliquit
1130 281 1206 327 ille
1236 278 1367 327 nobis
1398 279 1619 335 impressa
1656 275 1806 322 omnia
1836 288 1861 329 a
1891 277 2035 334 primo
2067 275 2218 334 capite
2249 289 2324 322 us-

63 359 151 406 que
190 345 249 391 ad
287 343 635 400 conclusionem,
670 346 872 401 exceptis
903 347 1180 406 Lunaribus;
1227 359 1363 404 quam
1403 343 1700 402 pragmatiam
1721 357 1831 388 non
1871 342 2010 388 semel
2053 341 2109 388 de
2148 355 2265 387 novo
2298 356 2327 388 a

61 410 214 470 primis
245 409 481 466 repetitam
511 409 745 466 principiis
777 412 959 457 tandem
989 426 1030 458 a.
1064 413 1178 458 1600
1209 419 1260 466 et,
1288 411 1394 458 1601
1432 410 1498 454 sic
1527 409 1674 465 plane,
1707 408 1775 454 uti
1800 409 1898 465 jam
1918 407 2085 466 prodit,
2117 406 2331 464 absolvit,

61 478 253 537 plurima
283 488 394 520 usus
425 487 565 531 opera
597 475 839 522 Christiani
870 478 1070 524 Severini
1100 476 1500 534 Longomontani„
1532 475 1615 520 viri
1651 474 1876 532 ingeniosi
1918 479 1964 520 et
2009 487 2227 535 perquam
2257 473 2325 518 in-

63 541 239 598 dustrii,
279 539 356 597 qui
395 540 715 584 astronomiam
756 542 1040 588 Braheanam
1071 542 1343 598 Uraniburgi
1384 545 1430 585 et
1465 540 1512 583 in
1548 539 1758 584 convictu
1795 540 1944 597 ipsius
1986 553 2068 598 per
2098 541 2156 588 10
2184 553 2324 598 prope

63 609 300 655 continuos
332 619 473 650 annos
504 605 677 664 hausit,
712 609 841 664 cujus
872 610 1167 654 honorificam
1197 608 1492 659 mentionem,
1525 603 1646 663 quod
1676 618 1837 658 parens
1878 611 2202 662 proposuerat,
2242 618 2325 651 nos

60 674 218 720 merito
249 671 458 717 facimus.
514 671 707 728 Jamque
738 674 784 718 in
815 686 868 718 eo
900 680 1010 728 erat,
1044 675 1110 719 uti
1141 674 1450 720 reviderentur
1478 670 1566 715 ista
1586 674 1865 726 postremum
1897 675 1948 715 et
1973 670 2168 729 denique
2197 671 2324 729 liber,

59 745 127 787 tot
150 740 245 796 jam
274 751 417 783 annos
450 738 682 796 detentuS,
713 739 760 784 in
790 739 937 785 lucem
968 741 1192 796 prodiret,
1220 739 1413 796 jamque.
1435 742 1482 782 et
1523 735 1695 793 figurae
1727 735 1995 792 exsculptae
2026 743 2175 782 erant:
2223 739 2326 783 cum

61 818 164 852 ecce
203 805 442 849 immatura
481 810 527 848 et
564 803 773 849 luctuosa
815 811 956 850 morte
995 811 1270 863 praeventus
1311 816 1426 861 opus
1466 802 1760 860 posthumum
1789 801 1990 856 reliquit.
2048 803 2143 847 Nos
2174 809 2327 848 tamen

62 870 221 925 omnia,
250 870 315 915 uti
345 874 495 923 erant,
541 869 661 915 bona
698 870 788 915 fide
818 871 939 928 typis
982 871 1316 916 mandavimus:
1355 870 1435 914 illa
1473 881 1649 925 nempe,
1690 880 1807 924 quae
1838 880 1934 923 cap.
1966 868 2002 912 Ι.
2033 869 2325 927 praecedunt,

63 937 219 982 eodem
250 936 428 992 ordine,
468 935 535 980 uti
572 935 618 979 in
664 937 910 993 exemplari
954 938 1166 994 primario
1209 937 1430 994 disposita
1469 940 1515 979 et
1544 933 1854 989 manuscripta
1885 937 2036 990 erant3
2077 935 2329 981 Lunarium
2411 965 2416 971 ι

63 1002 250 1059 paginas
282 1001 364 1058 283
398 1002 730 1046 conclusionem
762 1003 968 1060 denique,
1003 1004 1181 1061 qualem
1210 1003 1257 1048 in
1289 1002 1463 1048 scriniis
1495 1000 1759 1045 invenimus.
1822 998 1912 1054 (cfr.
1943 1003 2027 1043 vol.
2058 1003 2134 1043 ΙΙΙ.
2166 1016 2208 1054 p.
2241 1003 2329 1059 35.)

63 1069 312 1125 Scripserat
342 1068 465 1112 illam
496 1081 537 1113 a.
571 1068 708 1122 1592,
751 1068 856 1114 hinc
885 1070 931 1113 in
963 1083 1017 1114 ea
1047 1071 1074 1115 5
1109 1070 1387 1115 solummodo
1430 1073 1705 1114 cometarum
1743 1065 2089 1113 observatorum,
2112 1067 2351 1122 meminit,.

59 1149 159 1181 cum
186 1134 513 1192 posterioribus
545 1135 675 1179 annis
705 1135 733 1180 2
764 1135 1051 1181 accesserint.
1111 1138 1208 1181 Nec
1229 1136 1511 1191 dubitamus,
1547 1134 1655 1190 quin
1680 1138 1726 1178 et
1746 1133 1874 1178 hanc·
1895 1132 2126 1178 revisurus
2159 1135 2327 1179 omnia-

61 1213 147 1259 que
182 1200 397 1246 severiori
435 1200 543 1244 lima
573 1200 797 1256 politurus
828 1201 1012 1255 fuisset,
1048 1204 1087 1248 si
1118 1204 1257 1249 vitam
1288 1203 1377 1248 huc
1406 1215 1554 1260 usque
1584 1201 1828 1258 traxisset;
1858 1200 2012 1253 nobis,
2048 1211 2101 1244 eo
2131 1206 2326 1259 mortuo,

62 1267 218 1325 religio
251 1267 338 1311 fuit
369 1266 609 1324 quicquam
625 1267 695 1311 vel
714 1267 944 1312 minimum
975 1274 1166 1314 mutare.
1229 1269 1357 1324 Quae
1389 1281 1527 1313 causa
1558 1268 1694 1312 etiam
1725 1265 1825 1322 fuit,
1860 1278 1940 1311 cur
1967 1265 2158 1323 figuram
2192 1268 2328 1325 eclip-

63 1347 163 1380 seos
195 1348 233 1378 a.
269 1334 396 1391 1601.
448 1332 587 1389 paulo
627 1338 734 1390 post
764 1339 953 1378 mortem
991 1335 1136 1392 ipsius
1165 1335 1310 1394 visae,
1358 1335 1469 1379 nihil
1507 1332 1850 1386 mutaverimus,
1892 1331 2328 1389 licet-aliquantula

63 1412 161 1445 sese
187 1398 432 1442 insinuavit
463 1398 780 1455 discrepantia.
841 1399 910 1444 De
942 1413 1031 1458 qua
1060 1401 1148 1446 1100
1178 1401 1453 1446 monendum
1483 1401 1684 1446 videtur:
1715 1412 1807 1443 non
1836 1398 2123 1444 latitudinem
2152 1399 2326 1456 Lunae,

61 1479 152 1510 non
180 1463 450 1521 parallaxeS,
481 1477 571 1508 non
604 1464 843 1522 quicquam
875 1478 931 1508 ex
962 1466 1217 1523 praecipuis
1248 1466 1311 1510 illi
1344 1466 1516 1511 calculo
1550 1466 1773 1521 defuisse,
1807 1476 1897 1520 quo
1931 1463 2078 1508 minus
2109 1463 2157 1509 in
2188 1476 2328 1520 quan-

34 1530 187 1576 .'titate
225 1542 327 1573 cum
367 1528 495 1573 coelo
535 1529 821 1592 exactissime
861 1531 1159 1586 consentiret,
1204 1530 1284 1575 sed
1324 1530 1446 1576 solas
1489 1529 1781 1576 luminarium
1824 1530 2066 1575 diametros
2104 1529 2152 1574 in
2191 1543 2331 1575 causa

61 1597 240 1650 versari,
272 1609 385 1655 quas
418 1609 507 1653 quo
537 1598 686 1643 minus
719 1596 935 1655 expedite
959 1598 1107 1643 metiri
1135 1598 1385 1655 possimus,
1417 1598 1622 1643 diversae
1652 1608 1818 1643 causae
1849 1595 2027 1652 opticae
2057 1595 2115 1640 in·
2133 1601 2330 1654 utroque

62 1663 269 1709 luminari
299 1664 552 1720 prohibent.
615 1664 790 1720 Quodsi
809 1665 970 1710 Lunae
993 1664 1260 1710 diametrum
1291 1678 1496 1710 assumas
1519 1666 1662 1719 3O¹s2‘,
1696 1661 1813 1707 Solis
1834 1662 1922 1719 31¹,
1957 1662 2012 1707 de
2034 1676 2122 1720 quo
2150 1667 2327 1721 postea,

15 1736 18 1737 ’
64 1730 287 1790 quantitas
319 1730 624 1786 concordabit,
656 1731 819 1775 ceteris
852 1730 1058 1776 omnibus
1091 1730 1391 1775 manentibus.
1451 1731 1578 1775 Haec
1607 1730 1763 1784 itaque
1792 1726 1960 1785 figura,
2007 1734 2058 1774 ut
2089 1728 2271 1786 dictum,
2304 1742 2332 1773 a

63 1797 192 1842 nobis
220 1796 381 1841 relicta
411 1796 518 1852 fuit,
550 1796 620 1841 uti
650 1802 748 1842 erat
779 1810 806 1841 a
835 1802 1025 1853 parente
1070 1801 1225 1841 nostro
1259 1796 1491 1842 adornata.
1550 1795 1670 1850 Illud
1700 1799 1852 1838 tamen
1891 1793 2021 1855 nobis
2069 1794 2330 1850 sumsimus,

67 1860 185 1937 quod
213 1861 363 1917 ipsum
393 1860 492 1905 fieri
523 1860 722 1906 voluisse
767 1861 1042 1918 sciebamus,
1089 1866 1140 1906 ut
1181 1861 1287 1918 quia
1323 1859 1439 1905 liber
1482 1858 1687 1915 prolixus
1727 1864 1799 1905 est
1839 1863 1885 1904 et
1924 1859 2072 1905 varias
2103 1861 2330 1906 variorum

65 1927 294 1986 opiniones
327 1927 575 1984 examinat,
619 1927 812 1973 indicem
853 1941 1004 1972 rerum
1037 1932 1082 1972 et
1112 1939 1410 1985 personarum
1447 1924 1729 1971 luculentum
1760 1925 2162 1982 conscriberemus,
2195 1938 2332 1983 quam

66 1999 263 2040 nostram
295 2007 492 2051 operam,
525 1993 680 2051 lector,
713 1995 818 2039 boni
850 1994 1073 2041 consules.

233 2068 324 2119 Sed
354 2078 400 2118 et
430 2073 551 2118 aliud
583 2079 666 2127 est,
697 2075 820 2133 quod
847 2058 1095 2132 praeterire
1125 2087 1216 2119 11011
1245 2086 1487 2131 possumus
1516 2073 1758 2118 intactum·
1791 2072 2000 2130 planetas
2031 2072 2330 2132 inaequalita-

65 2140 183 2187 tibus
213 2140 306 2186 suis
337 2139 588 2196 simplicem
620 2140 737 2186 Solis
768 2141 995 2198 respicere
1031 2146 1204 2187 motum
1248 2154 1349 2184 cum
1389 2138 1631 2184 veteribus
1657 2138 1907 2184 artificibus
1950 2140 2128 2186 asserit.
2188 2138 2330 2196 Atqui

64 2205 346 2264 postmodum
378 2205 444 2261 (ut
475 2219 613 2262 supra
646 2206 830 2264 dictum)
863 2203 1068 2253 Lunares
1101 2220 1265 2252 curans
1295 2211 1445 2252 motus
1477 2206 1790 2263 deprehendit,
1824 2211 1876 2250 ut
1907 2210 2120 2263 apparet,
2155 2206 2333 2251 Lunam

65 2272 380 2331 inaequalitate
411 2278 644 2318 menstrua
675 2273 732 2318 ad
764 2288 918 2319 verum
948 2280 1121 2319 motum
1154 2274 1272 2320 Solis
1303 2272 1499 2329 alligari,
1532 2278 1690 2317 contra
1721 2285 1857 2328 quam
1879 2271 2050 2329 opinati
2072 2276 2179 2316 sunt
2201 2275 2326 2316 ante-

65 2351 277 2384 cessores.
336 2337 477 2395 quue
523 2339 658 2383 etiam
688 2338 735 2384 in
766 2341 916 2385 Marte
962 2340 1138 2385 interea
1168 2339 1501 2416 deprehensum
1532 2343 1615 2395 est,
1646 2342 1698 2383 ut
1728 2337 1784 2383 de
1816 2336 1977 2383 ceteris
2007 2337 2122 2383 nihil
2153 2337 2330 2382 dubite-

65 2407 151 2449 tur.
204 2406 354 2461 Atque
383 2403 497 2448 haec
527 2417 666 2450 causa
697 2411 767 2451 est
795 2411 1024 2451 tantarum
1054 2412 1281 2452 morarum¹
1310 2406 1355 2451 in
1388 2404 1585 2462 planetis
1617 2404 1796 2460 ceteris,
1829 2405 1934 2450 dum
1958 2403 2108 2448 omnia
2139 2404 2194 2449 de
2215 2417 2332 2448 novo

65 2474 168 2515 sunt
194 2469 448 2514 revidenda.
512 2469 663 2525 Quare
694 2484 802 2516 cave
832 2470 991 2527 lector,
1037 2484 1094 2516 ne
1128 2484 1186 2516 ex
1214 2471 1294 2516 illa
1324 2470 1491 2528 pagina
1521 2469 1623 2527 (36)
1662 2468 1893 2515 sinistram
1938 2468 2196 2526 opinionem
2227 2481 2332 2514 con-

72 2535 223 2594 cipias,
253 2549 369 2592 quae
399 2537 481 2581 tibi
512 2537 832 2594 impedimento
865 2537 924 2582 sit
953 2538 1000 2582 in
1029 2537 1227 2595 planetis
1259 2537 1437 2582 ceteris.

113 2612 116 2614 ·
233 2602 440 2659 Denique
481 2603 711 2659 prioribus
752 2602 1033 2660 temporibus
1073 2603 1120 2647 in
1162 2602 1498 2648 eccentricitate
1530 2600 1647 2646 Solis
1690 2568 1952 2656 quaerenda
1996 2611 2107 2646 usus
2150 2603 2249 2645 erat
2280 2612 2334 2646 ea

67 2667 208 2715 forma
244 2668 664 2727 demonstrationis,
711 2682 845 2726 quam
886 2682 944 2714 ex
973 2668 1238 2726 Hipparcho
1284 2674 1329 2713 et
1366 2668 1629 2723 Ptolemaeo
1669 2667 1878 2716 nonnihil
1920 2666 2137 2712 variatam
2178 2664 2334 2711 docuit

69 2733 470 2791 Regiomontanus,
507 2735 553 2780 in
593 2750 684 2793 qua
721 2736 808 2782 hoc
852 2737 1148 2793 supponitur,
1189 2735 1403 2793 aequales
1447 2748 1581 2782 arcus
1624 2735 1782 2782 circuli
1814 2733 1934 2780 Solis
1974 2733 2031 2778 ab
2063 2731 2332 2789 aequalibus

68 2797 312 2845 mensurari
353 2800 646 2857 temporibus.
708 2801 810 2858 Qua
850 2815 906 2846 ex
944 2801 1258 2858 suppositione
1299 2802 1681 2848 eccentricitatem
1724 2800 1841 2846 Solis
1884 2798 2040 2844 elicuit
2069 2798 2185 2844 3600
2221 2798 2342 2857 fere,-

69 2865 263 2923 qualium
306 2866 636 2911 semidiameter
676 2873 746 2913 est
774 2869 963 2915 100000.
1022 2868 1163 2924 Atqui
1204 2881 1262 2912 ex
1302 2868 1695 2914 observationibus
1735 2867 1782 2911 in
1811 2867 1959 2911 Marte
2000 2862 2166 2908 habitis
2208 2870 2334 2909 certa

6 2957 9 2961 Δ
71 2935 118 2976 et
142 2930 368 2988 exquisita
397 2930 792 2977 demonstrationis
823 2931 1039 2977 methodo
1070 2944 1321 2989 apogaeum
1352 2931 1534 2989 quidem
1567 2933 1684 2978 Solis
1714 2932 1847 2987 idem,
1882 2928 2194 2975 eccentricitas
2225 2941 2332 2974 vero

72 3009 158 3043 non
171 3011 317 3054 major
328 2998 455 3053 1800
474 2997 705 3042 dimidium
722 3011 783 3042 sc.
802 2997 1044 3054 superioris
1065 2998 1262 3055 elicitur3
1293 2996 1518 3053 reliquum
1538 2998 1678 3056 igitur
1700 2995 1932 3042 dimidium
1951 2993 2166 3050 aequanti
2186 2993 2331 3053 cedet,

0 3113 1 3119 ἵ
78 3067 129 3108 nt
154 3062 206 3108 fit
233 3064 353 3121 apud
386 3064 695 3109 Ptolemaeum
726 3064 772 3107 in
803 3063 950 3109 tribus
993 3063 1317 3120 superioribus.
1379 3065 1451 3108 Ita
1481 3065 1570 3110 hoc
1603 3077 1787 3120 quoque
1818 3074 1983 3106 novum
2014 3066 2174 3127 contra
2195 3066 2331 3107 '-ante

0 3123 2 3141 '
72 3140 268 3175 umores
299 3130 390 3175 erit
415 3127 718 3184 sequendum,
761 3134 813 3173 ut
843 3128 944 3186 Sol,
977 3130 1017 3175 si
1047 3129 1370 3175 Ptolemaicam
1402 3130 1476 3175 hic
1507 3129 1866 3188 suppositionem
1894 3126 2134 3183 imitemur,
2166 3118 2333 3184 aequa-

71 3191 186 3239 libus
214 3194 492 3251 temporibus
522 3192 785 3250 inaequales
818 3206 950 3239 arcus
981 3195 1193 3240 conficiat
1225 3208 1335 3240 suae
1367 3195 1555 3251 orbitae,
1587 3195 1659 3241 vel
1690 3195 1728 3240 si
1747 3193 2100 3252 Copernicanam
2119 3193 2331 3239 hocloco

3 3283 5 3286 >
72 3256 253 3304 formam
293 3274 395 3306 cum
434 3264 622 3316 parente
660 3257 788 3314 sequi
818 3258 1045 3316 malimus,
1089 3260 1268 3306 circello
1301 3262 1590 3318 aequatorio,
1635 3261 1766 3317 cujus
1793 3264 2011 3309 ,centrum
2048 3258 2096 3304 in
2128 3259 2330 3319 epicyclo

19 3350 21 3354 .
72 3323 266 3381 vertitur,
297 3325 650 3371 circumferatur.
712 3325 781 3369 De
812 3338 901 3381 quo
932 3326 1114 3382 negotio
1148 3340 1248 3370 cum
1279 3327 1650 3384 interrogaretur,
1683 3339 1743 3371 an
1763 3325 2038 3371 mentionem
2068 3324 2263 3382 aliquam
2285 3326 2332 3371 in

73 3388 476 3448 Progymnasmatis
515 3388 664 3436 facere
703 3389 862 3435 vellet:
905 3404 1028 3448 cum,
1071 3391 1239 3447 inquit,
1285 3393 1516 3449 quantitas
1559 3392 1697 3450 hujus
1737 3392 1974 3449 aequantis
2014 3391 2215 3438 nondum
2255 3406 2331 3439 ex·-

9 3480 12 3519 3
77 3455 233 3511 quisita
272 3462 469 3513 constet,
508 3456 555 3500 in
591 3468 807 3513 praesens
847 3455 1164 3512 intermittam;
1206 3469 1310 3501 nam
1348 3457 1435 3502 hoc
1467 3457 1648 3514 quidem
1679 3458 1910 3516 negotium
1951 3459 2082 3505 tarde
2111 3460 2332 3518 procedit,

10 3533 14 3575 ι
76 3531 157 3576 ego
184 3534 288 3567 vero
318 3536 538 3581 propero,
580 3528 631 3568 ut
670 3521 832 3567 librum
868 3521 940 3566 vel
971 3521 1152 3565 tandem
1182 3520 1426 3578 aliquando
1467 3523 1613 3569 edam.
1673 3524 1816 3581 Atqui
1859 3536 1917 3569 ex
1948 3536 2000 3569 eo
2040 3529 2243 3582 tempore
2276 3526 2331 3571 de

12 3586 16 3624 ἒ
77 3586 322 3641 quantitate
350 3590 462 3634 certi
492 3589 602 3635 facti
633 3600 808 3636 sumus,
846 3586 967 3643 quod
999 3588 1056 3632 sit
1088 3588 1337 3644 aequantis,
1374 3588 1461 3633 hoc
1492 3595 1561 3634 est
1592 3593 1719 3635 vetus
1750 3589 1830 3637 illa
1861 3590 2170 3636 eccentricitas
2200 3604 2331 3647 prae-

77 3649 166 3696 cino
193 3651 331 3709 dupla
360 3654 417 3699 ad
447 3668 607 3700 novam
638 3654 756 3699 hanc
788 3653 1181 3699 eccentricitatem.
1244 3654 1419 3711 Nempe
1451 3656 1538 3702 hoc
1568 3656 1678 3702 illud
1711 3663 1802 3715 est,
1849 3659 1971 3716 quod
2001 3664 2123 3722 tomo
2153 3660 2189 3705 Ι.
2220 3660 2331 3715 Epi·

15 3706 20 3754 P
59 3714 310 3775 stolarum,
350 3718 432 3764 101.
463 3720 573 3773 209,
612 3726 658 3766 et
688 3720 734 3763 in
763 3718 1042 3765 Mechanicis
1073 3717 1150 3764 101.
1183 3719 1226 3764 4.
1258 3719 1469 3765 inculcat.
1532 3721 1656 3767 Haeo
1696 3722 1799 3770 ideo
1839 3737 2096 3781 monemuS,
2136 3722 2330 3769 utillud

18 3777 23 3835 ἰ
78 3782 302 3828 commode
346 3783 583 3830 addamus:
640 3788 727 3832 etsi
771 3786 906 3844 paulo
955 3785 1042 3830 alia
1084 3786 1292 3841 sequitur
1333 3786 1554 3834 ordinatio
1595 3789 1797 3836 theoriae
1839 3791 1980 3849 Solis,
2035 3789 2329 3846 aequationes

19 3851 23 3878 f
78 3847 225 3891 tamen
254 3847 351 3904 ejus
382 3850 590 3908 nuspiam
620 3852 704 3910 1¹1
736 3852 998 3910 scrupulum
1027 3850 1191 3898 variari
1222 3851 1317 3909 (cfr.
1341 3856 1423 3897 vol.
1457 3856 1535 3901 111.
1565 3869 1610 3912 p
1630 3858 1747 3915 297),
1778 3870 1849 3912 ne,
1880 3857 1919 3905 si
1949 3857 2129 3916 quando
2162 3854 2218 3901 de
2240 3854 2330 3901 hoc
