<?xml version="1.0" encoding="UTF-8"?>
<!DOCTYPE html PUBLIC "-//W3C//DTD XHTML 1.0 Transitional//EN"
    "http://www.w3.org/TR/xhtml1/DTD/xhtml1-transitional.dtd">
<html xmlns="http://www.w3.org/1999/xhtml" xml:lang="en" lang="en">
 <head>
  <title>
</title>
<meta http-equiv="Content-Type" content="text/html;charset=utf-8" />
  <meta name='ocr-system' content='tesseract 3.04.00' />
  <meta name='ocr-capabilities' content='ocr_page ocr_carea ocr_par ocr_line ocrx_word'/>
</head>
<body>
  <div class='ocr_page' id='page_1' title='image "./operaomniaedidit06kepluoft_0650.png"; bbox 0 0 2554 4140; ppageno 0'>
   <div class='ocr_carea' id='block_1_1' title="bbox 163 132 1579 200">
    <p class='ocr_par' dir='ltr' id='par_1_1' title="bbox 163 132 1579 200">
     <span class='ocr_line' id='line_1_1' title="bbox 163 132 1579 200; baseline 0.003 -20"><span class='ocrx_word' id='word_1_1' title='bbox 163 132 267 182; x_wconf 73' lang='grc'><strong>636</strong></span> <span class='ocrx_word' id='word_1_2' title='bbox 966 137 1036 200; x_wconf 72' lang='lat' dir='ltr'><strong>De</strong></span> <span class='ocrx_word' id='word_1_3' title='bbox 1066 136 1248 182; x_wconf 80' lang='lat' dir='ltr'><strong>Tabulis</strong></span> <span class='ocrx_word' id='word_1_4' title='bbox 1278 139 1579 196; x_wconf 86' lang='lat' dir='ltr'><strong>Rudolphinis</strong></span> 
     </span>
    </p>
   </div>
   <div class='ocr_carea' id='block_1_2' title="bbox 157 280 2405 339">
    <p class='ocr_par' dir='ltr' id='par_1_2' title="bbox 157 280 2405 339">
     <span class='ocr_line' id='line_1_2' title="bbox 157 280 2405 339; baseline 0.003 -20"><span class='ocrx_word' id='word_1_5' title='bbox 157 280 203 320; x_wconf 85' lang='lat' dir='ltr'><strong>in</strong></span> <span class='ocrx_word' id='word_1_6' title='bbox 233 281 526 332; x_wconf 77' lang='lat' dir='ltr'><strong>Aethiopiam.</strong></span> <span class='ocrx_word' id='word_1_7' title='bbox 570 281 643 321; x_wconf 89' lang='lat' dir='ltr'><strong>sed</strong></span> <span class='ocrx_word' id='word_1_8' title='bbox 672 292 782 321; x_wconf 86' lang='lat' dir='ltr'><strong>mare</strong></span> <span class='ocrx_word' id='word_1_9' title='bbox 821 282 1007 326; x_wconf 85' lang='lat' dir='ltr'><strong>Indicum</strong></span> <span class='ocrx_word' id='word_1_10' title='bbox 1041 286 1201 328; x_wconf 86' lang='lat' dir='ltr'><strong>cadere</strong></span> <span class='ocrx_word' id='word_1_11' title='bbox 1261 285 1423 325; x_wconf 85' lang='lat' dir='ltr'>Ibidem</span> <span class='ocrx_word' id='word_1_12' title='bbox 1463 288 1567 339; x_wconf 85' lang='lat' dir='ltr'><strong>quia</strong></span> <span class='ocrx_word' id='word_1_13' title='bbox 1595 287 1808 338; x_wconf 80' lang='lat' dir='ltr'><strong>Tubingae</strong></span> <span class='ocrx_word' id='word_1_14' title='bbox 1850 289 1938 330; x_wconf 84' lang='lat' dir='ltr'><strong>diff.</strong></span> <span class='ocrx_word' id='word_1_15' title='bbox 1968 287 2244 338; x_wconf 75' lang='lat' dir='ltr'>longitudinis</span> <span class='ocrx_word' id='word_1_16' title='bbox 2284 287 2405 337; x_wconf 90' lang='lat' dir='ltr'><strong>ponit</strong></span> 
     </span>
    </p>
   </div>
   <div class='ocr_carea' id='block_1_3' title="bbox 158 349 2396 454">
    <p class='ocr_par' dir='ltr' id='par_1_3' title="bbox 158 349 2396 453">
     <span class='ocr_line' id='line_1_3' title="bbox 162 349 2396 420; baseline 0.003 -35"><span class='ocrx_word' id='word_1_17' title='bbox 162 349 216 387; x_wconf 91' lang='grc'><strong>12</strong></span> <span class='ocrx_word' id='word_1_18' title='bbox 248 359 301 400; x_wconf 89' lang='grc'><strong>5.,</strong></span> <span class='ocrx_word' id='word_1_19' title='bbox 339 359 423 386; x_wconf 83' lang='grc'><strong>11011</strong></span> <span class='ocrx_word' id='word_1_20' title='bbox 461 349 662 396; x_wconf 87' lang='lat' dir='ltr'><strong>possibile</strong></span> <span class='ocrx_word' id='word_1_21' title='bbox 704 351 766 388; x_wconf 91' lang='lat' dir='ltr'><strong>est</strong></span> <span class='ocrx_word' id='word_1_22' title='bbox 805 352 853 388; x_wconf 89' lang='lat' dir='ltr'><strong>ut</strong></span> <span class='ocrx_word' id='word_1_23' title='bbox 881 350 1126 389; x_wconf 87' lang='lat' dir='ltr'><strong>Putzbachii</strong></span> <span class='ocrx_word' id='word_1_24' title='bbox 1165 352 1249 391; x_wconf 82' lang='lat' dir='ltr'><strong>diff.</strong></span> <span class='ocrx_word' id='word_1_25' title='bbox 1283 353 1336 391; x_wconf 90' lang='lat' dir='ltr'><strong>sit</strong></span> <span class='ocrx_word' id='word_1_26' title='bbox 1376 353 1428 393; x_wconf 90' lang='lat'><strong>17</strong></span> <span class='ocrx_word' id='word_1_27' title='bbox 1462 364 1496 394; x_wconf 84' lang='grc'><strong>5.</strong></span> <span class='ocrx_word' id='word_1_28' title='bbox 1559 365 1653 392; x_wconf 82' lang='grc'><strong>511111</strong></span> <span class='ocrx_word' id='word_1_29' title='bbox 1689 355 1736 392; x_wconf 88' lang='grc'><strong>111</strong></span> <span class='ocrx_word' id='word_1_30' title='bbox 1775 355 1944 405; x_wconf 87' lang='lat' dir='ltr'><strong>optimis</strong></span> <span class='ocrx_word' id='word_1_31' title='bbox 1997 355 2151 420; x_wconf 84' lang='lat' dir='ltr'><strong>chartis</strong></span> <span class='ocrx_word' id='word_1_32' title='bbox 2193 353 2278 392; x_wconf 89' lang='lat' dir='ltr'><strong>sint</strong></span> <span class='ocrx_word' id='word_1_33' title='bbox 2317 354 2396 392; x_wconf 90' lang='lat' dir='ltr'><strong>sub</strong></span> 
     </span>
     <span class='ocr_line' id='line_1_4' title="bbox 158 413 688 454; baseline 0.002 -2"><span class='ocrx_word' id='word_1_34' title='bbox 158 414 300 452; x_wconf 91' lang='lat' dir='ltr'><strong>eodem</strong></span> <span class='ocrx_word' id='word_1_35' title='bbox 331 415 415 452; x_wconf 85' lang='lat' dir='ltr'><strong>fere</strong></span> <span class='ocrx_word' id='word_1_36' title='bbox 445 413 688 454; x_wconf 86' lang='lat' dir='ltr'><strong>meridiano.</strong></span> 
     </span>
    </p>
   </div>
   <div class='ocr_carea' id='block_1_4' title="bbox 156 497 2463 1071">
    <p class='ocr_par' dir='ltr' id='par_1_4' title="bbox 156 497 2463 1071">
     <span class='ocr_line' id='line_1_5' title="bbox 339 497 2404 560; baseline 0.002 -23"><span class='ocrx_word' id='word_1_37' title='bbox 339 499 738 552; x_wconf 88' lang='lat' dir='ltr'><strong>Postscriptum</strong></span> <span class='ocrx_word' id='word_1_38' title='bbox 780 503 1031 553; x_wconf 86' lang='lat' dir='ltr'><strong>Kepleri:</strong></span> <span class='ocrx_word' id='word_1_39' title='bbox 1076 498 1218 546; x_wconf 79' lang='lat' dir='ltr'><strong>Error</strong></span> <span class='ocrx_word' id='word_1_40' title='bbox 1279 498 1329 545; x_wconf 84' lang='lat' dir='ltr'><strong>in</strong></span> <span class='ocrx_word' id='word_1_41' title='bbox 1382 497 1490 546; x_wconf 83' lang='lat' dir='ltr'><strong>loco</strong></span> <span class='ocrx_word' id='word_1_42' title='bbox 1553 497 1615 560; x_wconf 71' lang='grc' dir='ltr'>Θ</span> <span class='ocrx_word' id='word_1_43' title='bbox 1675 499 1736 544; x_wconf 89' lang='grc'><strong>11</strong></span> <span class='ocrx_word' id='word_1_44' title='bbox 1793 498 2088 547; x_wconf 75' lang='lat' dir='ltr'><strong>minutorum</strong></span> <span class='ocrx_word' id='word_1_45' title='bbox 2137 497 2404 559; x_wconf 31' lang='lat' dir='ltr'><strong>in-genesi</strong></span> 
     </span>
     <span class='ocr_line' id='line_1_6' title="bbox 158 562 2407 635; baseline 0.003 -25"><span class='ocrx_word' id='word_1_46' title='bbox 158 562 406 626; x_wconf 87' lang='lat' dir='ltr'><strong>Rudolphi</strong></span> <span class='ocrx_word' id='word_1_47' title='bbox 459 565 631 616; x_wconf 90' lang='lat' dir='ltr'><strong>dilatat</strong></span> <span class='ocrx_word' id='word_1_48' title='bbox 680 582 732 616; x_wconf 87' lang='lat' dir='ltr'><strong>se</strong></span> <span class='ocrx_word' id='word_1_49' title='bbox 771 582 856 631; x_wconf 91' lang='lat' dir='ltr'><strong>per</strong></span> <span class='ocrx_word' id='word_1_50' title='bbox 894 582 1060 619; x_wconf 88' lang='lat' dir='ltr'><strong>omnes</strong></span> <span class='ocrx_word' id='word_1_51' title='bbox 1110 571 1361 635; x_wconf 82' lang='lat' dir='ltr'><strong>planetae,</strong></span> <span class='ocrx_word' id='word_1_52' title='bbox 1411 569 1548 618; x_wconf 90' lang='lat' dir='ltr'><strong>nullo</strong></span> <span class='ocrx_word' id='word_1_53' title='bbox 1585 576 1748 618; x_wconf 89' lang='lat' dir='ltr'><strong>tamen</strong></span> <span class='ocrx_word' id='word_1_54' title='bbox 1795 570 1842 615; x_wconf 91' lang='lat' dir='ltr'><strong>in</strong></span> <span class='ocrx_word' id='word_1_55' title='bbox 1881 571 1942 617; x_wconf 87' lang='lat' dir='ltr'><strong>iis</strong></span> <span class='ocrx_word' id='word_1_56' title='bbox 1981 571 2168 618; x_wconf 88' lang='lat' dir='ltr'><strong>effectu.</strong></span> <span class='ocrx_word' id='word_1_57' title='bbox 2245 569 2407 617; x_wconf 83' lang='lat' dir='ltr'><strong>Causa</strong></span> 
     </span>
     <span class='ocr_line' id='line_1_7' title="bbox 157 638 2463 706; baseline 0.003 -23"><span class='ocrx_word' id='word_1_58' title='bbox 157 638 461 699; x_wconf 77' lang='lat' dir='ltr'><strong>oscitantiae,</strong></span> <span class='ocrx_word' id='word_1_59' title='bbox 503 640 632 701; x_wconf 89' lang='lat' dir='ltr'><strong>quod</strong></span> <span class='ocrx_word' id='word_1_60' title='bbox 671 642 796 690; x_wconf 78' lang='lat' dir='ltr'><strong>inter</strong></span> <span class='ocrx_word' id='word_1_61' title='bbox 834 655 1006 703; x_wconf 81' lang='lat' dir='ltr'><strong>operas</strong></span> <span class='ocrx_word' id='word_1_62' title='bbox 1030 642 1404 706; x_wconf 85' lang='lat' dir='ltr'><strong>typographicas</strong></span> <span class='ocrx_word' id='word_1_63' title='bbox 1437 643 1541 705; x_wconf 88' lang='lat' dir='ltr'><strong>jam</strong></span> <span class='ocrx_word' id='word_1_64' title='bbox 1568 643 1872 703; x_wconf 79' lang='lat' dir='ltr'><strong>imminentes</strong></span> <span class='ocrx_word' id='word_1_65' title='bbox 1911 643 2124 691; x_wconf 89' lang='lat' dir='ltr'><strong>subitum</strong></span> <span class='ocrx_word' id='word_1_66' title='bbox 2152 644 2407 690; x_wconf 89' lang='lat' dir='ltr'><strong>eonsilium</strong></span> <span class='ocrx_word' id='word_1_67' title='bbox 2459 661 2463 665; x_wconf 93' lang='lat'>·</span> 
     </span>
     <span class='ocr_line' id='line_1_8' title="bbox 157 708 2406 797; baseline 0.003 -44"><span class='ocrx_word' id='word_1_68' title='bbox 157 708 327 756; x_wconf 84' lang='lat' dir='ltr'><strong>incidit</strong></span> <span class='ocrx_word' id='word_1_69' title='bbox 373 709 621 797; x_wconf 86' lang='lat' dir='ltr'><strong>Rudolphi</strong></span> <span class='ocrx_word' id='word_1_70' title='bbox 666 727 912 775; x_wconf 88' lang='lat' dir='ltr'><strong>geneseos</strong></span> <span class='ocrx_word' id='word_1_71' title='bbox 968 716 1345 778; x_wconf 89' lang='lat' dir='ltr'><strong>computandae,</strong></span> <span class='ocrx_word' id='word_1_72' title='bbox 1399 730 1488 764; x_wconf 92' lang='lat' dir='ltr'><strong>nec</strong></span> <span class='ocrx_word' id='word_1_73' title='bbox 1533 716 1722 778; x_wconf 84' lang='lat' dir='ltr'><strong>justum</strong></span> <span class='ocrx_word' id='word_1_74' title='bbox 1769 721 1959 776; x_wconf 89' lang='lat' dir='ltr'><strong>tempus</strong></span> <span class='ocrx_word' id='word_1_75' title='bbox 2007 722 2109 763; x_wconf 89' lang='lat' dir='ltr'><strong>erat</strong></span> <span class='ocrx_word' id='word_1_76' title='bbox 2155 715 2406 764; x_wconf 81' lang='lat' dir='ltr'><strong>revidendi</strong></span> 
     </span>
     <span class='ocr_line' id='line_1_9' title="bbox 159 780 2407 851; baseline 0.003 -23"><span class='ocrx_word' id='word_1_77' title='bbox 159 780 349 841; x_wconf 84' lang='lat' dir='ltr'><strong>calculi,</strong></span> <span class='ocrx_word' id='word_1_78' title='bbox 389 797 496 831; x_wconf 90' lang='lat' dir='ltr'><strong>cum</strong></span> <span class='ocrx_word' id='word_1_79' title='bbox 534 786 586 832; x_wconf 91' lang='lat' dir='ltr'><strong>in</strong></span> <span class='ocrx_word' id='word_1_80' title='bbox 625 787 919 850; x_wconf 87' lang='lat' dir='ltr'><strong>septimanas</strong></span> <span class='ocrx_word' id='word_1_81' title='bbox 958 788 1173 851; x_wconf 85' lang='lat' dir='ltr'><strong>singulas</strong></span> <span class='ocrx_word' id='word_1_82' title='bbox 1212 791 1244 835; x_wconf 84' lang='lat'>4</span> <span class='ocrx_word' id='word_1_83' title='bbox 1270 789 1481 850; x_wconf 75' lang='lat' dir='ltr'><strong>paginae</strong></span> <span class='ocrx_word' id='word_1_84' title='bbox 1521 794 1684 838; x_wconf 87' lang='lat' dir='ltr'><strong>essent</strong></span> <span class='ocrx_word' id='word_1_85' title='bbox 1707 785 2160 849; x_wconf 84' lang='lat' dir='ltr'><strong>repraesentandae,</strong></span> <span class='ocrx_word' id='word_1_86' title='bbox 2198 803 2274 836; x_wconf 90' lang='lat' dir='ltr'><strong>me</strong></span> <span class='ocrx_word' id='word_1_87' title='bbox 2301 787 2407 835; x_wconf 90' lang='lat' dir='ltr'><strong>solo</strong></span> 
     </span>
     <span class='ocr_line' id='line_1_10' title="bbox 156 857 2406 922; baseline 0.002 -21"><span class='ocrx_word' id='word_1_88' title='bbox 156 857 475 904; x_wconf 80' lang='lat' dir='ltr'><strong>correctiones</strong></span> <span class='ocrx_word' id='word_1_89' title='bbox 515 866 682 907; x_wconf 77' lang='lat' dir='ltr'><strong>omnes</strong></span> <span class='ocrx_word' id='word_1_90' title='bbox 720 861 1003 908; x_wconf 85' lang='lat' dir='ltr'><strong>sustinente.</strong></span> <span class='ocrx_word' id='word_1_91' title='bbox 1080 861 1166 908; x_wconf 86' lang='lat' dir='ltr'><strong>Est</strong></span> <span class='ocrx_word' id='word_1_92' title='bbox 1211 867 1260 909; x_wconf 91' lang='lat' dir='ltr'><strong>et</strong></span> <span class='ocrx_word' id='word_1_93' title='bbox 1299 860 1424 909; x_wconf 89' lang='lat' dir='ltr'><strong>alius</strong></span> <span class='ocrx_word' id='word_1_94' title='bbox 1465 875 1595 910; x_wconf 89' lang='lat' dir='ltr'><strong>error</strong></span> <span class='ocrx_word' id='word_1_95' title='bbox 1630 863 1678 908; x_wconf 90' lang='lat' dir='ltr'><strong>in</strong></span> <span class='ocrx_word' id='word_1_96' title='bbox 1732 864 1772 914; x_wconf 74' lang='lat' dir='ltr'><strong>d</strong></span> <span class='ocrx_word' id='word_1_97' title='bbox 1827 861 2021 922; x_wconf 82' lang='lat' dir='ltr'><strong>opinor,</strong></span> <span class='ocrx_word' id='word_1_98' title='bbox 2060 859 2235 908; x_wconf 82' lang='lat' dir='ltr'><strong>falsum</strong></span> <span class='ocrx_word' id='word_1_99' title='bbox 2283 861 2406 909; x_wconf 87' lang='lat' dir='ltr'><strong>resi-</strong></span> 
     </span>
     <span class='ocr_line' id='line_1_11' title="bbox 156 925 2408 996; baseline 0.003 -23"><span class='ocrx_word' id='word_1_100' title='bbox 156 925 304 974; x_wconf 90' lang='lat' dir='ltr'><strong>duum</strong></span> <span class='ocrx_word' id='word_1_101' title='bbox 341 942 428 977; x_wconf 89' lang='lat' dir='ltr'><strong>seu</strong></span> <span class='ocrx_word' id='word_1_102' title='bbox 469 928 714 993; x_wconf 83' lang='lat' dir='ltr'><strong>elongatio</strong></span> <span class='ocrx_word' id='word_1_103' title='bbox 755 932 919 981; x_wconf 89' lang='lat' dir='ltr'><strong>ablata</strong></span> <span class='ocrx_word' id='word_1_104' title='bbox 956 934 1137 995; x_wconf 86' lang='lat' dir='ltr'><strong>prosth.</strong></span> <span class='ocrx_word' id='word_1_105' title='bbox 1180 935 1242 982; x_wconf 90' lang='lat' dir='ltr'><strong>ab</strong></span> <span class='ocrx_word' id='word_1_106' title='bbox 1282 948 1394 996; x_wconf 87' lang='lat' dir='ltr'><strong>ang.</strong></span> <span class='ocrx_word' id='word_1_107' title='bbox 1435 948 1645 993; x_wconf 73' lang='lat' dir='ltr'><strong>comm,</strong></span> <span class='ocrx_word' id='word_1_108' title='bbox 1688 932 1773 981; x_wconf 87' lang='lat' dir='ltr'><strong>sed</strong></span> <span class='ocrx_word' id='word_1_109' title='bbox 1812 933 1852 979; x_wconf 87' lang='lat' dir='ltr'><strong>is</strong></span> <span class='ocrx_word' id='word_1_110' title='bbox 1892 933 2058 980; x_wconf 87' lang='lat' dir='ltr'><strong>statim</strong></span> <span class='ocrx_word' id='word_1_111' title='bbox 2097 931 2249 981; x_wconf 88' lang='lat' dir='ltr'><strong>altera</strong></span> <span class='ocrx_word' id='word_1_112' title='bbox 2283 933 2408 981; x_wconf 86' lang='lat' dir='ltr'><strong>facie</strong></span> 
     </span>
     <span class='ocr_line' id='line_1_12' title="bbox 157 1002 2266 1071; baseline 0.002 -24"><span class='ocrx_word' id='word_1_113' title='bbox 157 1005 398 1049; x_wconf 86' lang='lat' dir='ltr'><strong>correctus</strong></span> <span class='ocrx_word' id='word_1_114' title='bbox 437 1017 527 1052; x_wconf 90' lang='lat' dir='ltr'><strong>nec</strong></span> <span class='ocrx_word' id='word_1_115' title='bbox 563 1010 878 1068; x_wconf 84' lang='lat' dir='ltr'><strong>propagatus.</strong></span> <span class='ocrx_word' id='word_1_116' title='bbox 955 1006 1142 1070; x_wconf 89' lang='lat' dir='ltr'><strong>Ecquid</strong></span> <span class='ocrx_word' id='word_1_117' title='bbox 1179 1012 1283 1055; x_wconf 88' lang='lat' dir='ltr'><strong>tute</strong></span> <span class='ocrx_word' id='word_1_118' title='bbox 1323 1006 1712 1071; x_wconf 90' lang='lat' dir='ltr'><strong>deprehenderis,</strong></span> <span class='ocrx_word' id='word_1_119' title='bbox 1753 1002 1814 1053; x_wconf 92' lang='lat' dir='ltr'><strong>ad</strong></span> <span class='ocrx_word' id='word_1_120' title='bbox 1853 1019 1928 1053; x_wconf 90' lang='lat' dir='ltr'><strong>me</strong></span> <span class='ocrx_word' id='word_1_121' title='bbox 1968 1005 2266 1069; x_wconf 86' lang='lat' dir='ltr'><strong>perscribito.</strong></span> 
     </span>
    </p>
   </div>
   <div class='ocr_carea' id='block_1_5' title="bbox 155 1086 2412 1301">
    <p class='ocr_par' dir='ltr' id='par_1_5' title="bbox 155 1086 2412 1301">
     <span class='ocr_line' id='line_1_13' title="bbox 300 1086 2408 1155; baseline 0.002 -21"><span class='ocrx_word' id='word_1_122' title='bbox 300 1086 454 1136; x_wconf 89' lang='lat' dir='ltr'><strong>Italus</strong></span> <span class='ocrx_word' id='word_1_123' title='bbox 494 1089 690 1151; x_wconf 89' lang='lat' dir='ltr'><strong>quidam</strong></span> <span class='ocrx_word' id='word_1_124' title='bbox 730 1092 950 1148; x_wconf 77' lang='lat' dir='ltr'><strong>Bo·ssiu8‚</strong></span> <span class='ocrx_word' id='word_1_125' title='bbox 994 1095 1064 1140; x_wconf 89' lang='lat' dir='ltr'><strong>vir</strong></span> <span class='ocrx_word' id='word_1_126' title='bbox 1104 1093 1426 1154; x_wconf 88' lang='lat' dir='ltr'><strong>doctissimus,</strong></span> <span class='ocrx_word' id='word_1_127' title='bbox 1454 1092 1723 1155; x_wconf 36' lang='lat' dir='ltr'><strong>,diligenter</strong></span> <span class='ocrx_word' id='word_1_128' title='bbox 1760 1106 1948 1140; x_wconf 91' lang='lat' dir='ltr'><strong>mecum</strong></span> <span class='ocrx_word' id='word_1_129' title='bbox 1990 1092 2112 1155; x_wconf 88' lang='lat' dir='ltr'><strong>egit,</strong></span> <span class='ocrx_word' id='word_1_130' title='bbox 2155 1097 2209 1138; x_wconf 89' lang='lat' dir='ltr'><strong>ut</strong></span> <span class='ocrx_word' id='word_1_131' title='bbox 2244 1091 2408 1139; x_wconf 76' lang='lat' dir='ltr'><strong>&#39;theses</strong></span> 
     </span>
     <span class='ocr_line' id='line_1_14' title="bbox 155 1158 2407 1228; baseline 0.002 -22"><span class='ocrx_word' id='word_1_132' title='bbox 155 1159 219 1207; x_wconf 90' lang='lat' dir='ltr'><strong>D.</strong></span> <span class='ocrx_word' id='word_1_133' title='bbox 266 1158 514 1209; x_wconf 88' lang='lat' dir='ltr'><strong>Maestlini</strong></span> <span class='ocrx_word' id='word_1_134' title='bbox 569 1178 696 1212; x_wconf 85' lang='lat' dir='ltr'><strong>anno</strong></span> <span class='ocrx_word' id='word_1_135' title='bbox 754 1165 917 1224; x_wconf 81' lang='lat'><strong>1605,</strong></span> <span class='ocrx_word' id='word_1_136' title='bbox 959 1166 1279 1228; x_wconf 85' lang='lat' dir='ltr'><strong>respondente</strong></span> <span class='ocrx_word' id='word_1_137' title='bbox 1326 1167 1373 1213; x_wconf 92' lang='lat' dir='ltr'><strong>ni</strong></span> <span class='ocrx_word' id='word_1_138' title='bbox 1426 1165 1572 1214; x_wconf 87' lang='lat' dir='ltr'><strong>fallor</strong></span> <span class='ocrx_word' id='word_1_139' title='bbox 1609 1166 1670 1212; x_wconf 92' lang='lat' dir='ltr'><strong>D.</strong></span> <span class='ocrx_word' id='word_1_140' title='bbox 1710 1164 2058 1224; x_wconf 82' lang='lat' dir='ltr'><strong>HafenrefferO,</strong></span> <span class='ocrx_word' id='word_1_141' title='bbox 2118 1163 2407 1227; x_wconf 74' lang='lat' dir='ltr'><strong>disputatae,</strong></span> 
     </span>
     <span class='ocr_line' id='line_1_15' title="bbox 161 1233 2412 1301; baseline 0.003 -23"><span class='ocrx_word' id='word_1_142' title='bbox 161 1233 375 1297; x_wconf 88' lang='lat' dir='ltr'><strong>itemque</strong></span> <span class='ocrx_word' id='word_1_143' title='bbox 415 1234 538 1283; x_wconf 90' lang='lat' dir='ltr'><strong>alias</strong></span> <span class='ocrx_word' id='word_1_144' title='bbox 577 1237 667 1284; x_wconf 91' lang='lat' dir='ltr'><strong>sub</strong></span> <span class='ocrx_word' id='word_1_145' title='bbox 693 1235 1014 1296; x_wconf 80' lang='lat' dir='ltr'><strong>HoefelderiS‚</strong></span> <span class='ocrx_word' id='word_1_146' title='bbox 1056 1240 1139 1287; x_wconf 91' lang='lat' dir='ltr'><strong>ubi</strong></span> <span class='ocrx_word' id='word_1_147' title='bbox 1178 1239 1237 1287; x_wconf 94' lang='lat' dir='ltr'><strong>de</strong></span> <span class='ocrx_word' id='word_1_148' title='bbox 1275 1238 1382 1288; x_wconf 91' lang='lat' dir='ltr'><strong>luce</strong></span> <span class='ocrx_word' id='word_1_149' title='bbox 1402 1238 1588 1287; x_wconf 82' lang='lat' dir='ltr'><strong>‘Terrae</strong></span> <span class='ocrx_word' id='word_1_150' title='bbox 1629 1237 1785 1300; x_wconf 88' lang='lat' dir='ltr'><strong>deque</strong></span> <span class='ocrx_word' id='word_1_151' title='bbox 1825 1237 2010 1301; x_wconf 82' lang='lat' dir='ltr'><strong>pluviis</strong></span> <span class='ocrx_word' id='word_1_152' title='bbox 2043 1239 2092 1283; x_wconf 90' lang='lat' dir='ltr'><strong>in</strong></span> <span class='ocrx_word' id='word_1_153' title='bbox 2118 1236 2260 1285; x_wconf 88' lang='lat' dir='ltr'><strong>Luna</strong></span> <span class='ocrx_word' id='word_1_154' title='bbox 2295 1237 2412 1298; x_wconf 86' lang='lat' dir='ltr'><strong>agit,</strong></span> 
     </span>
    </p>
   </div>
   <div class='ocr_carea' id='block_1_6' title="bbox 155 1310 2412 1446">
    <p class='ocr_par' dir='ltr' id='par_1_6' title="bbox 155 1310 2412 1446">
     <span class='ocr_line' id='line_1_16' title="bbox 159 1310 2412 1375; baseline 0.002 -23"><span class='ocrx_word' id='word_1_155' title='bbox 159 1310 642 1371; x_wconf 81' lang='lat' dir='ltr'><strong>quocunquepretio</strong></span> <span class='ocrx_word' id='word_1_156' title='bbox 681 1311 776 1373; x_wconf 91' lang='lat' dir='ltr'><strong>ipsi</strong></span> <span class='ocrx_word' id='word_1_157' title='bbox 817 1324 1106 1375; x_wconf 89' lang='lat' dir='ltr'><strong>comparem.</strong></span> <span class='ocrx_word' id='word_1_158' title='bbox 1182 1312 1348 1362; x_wconf 86' lang='lat' dir='ltr'><strong>Scribe</strong></span> <span class='ocrx_word' id='word_1_159' title='bbox 1386 1311 1708 1360; x_wconf 86' lang='lat' dir='ltr'><strong>Ratisbonam</strong></span> <span class='ocrx_word' id='word_1_160' title='bbox 1747 1325 1862 1359; x_wconf 91' lang='lat' dir='ltr'><strong>num</strong></span> <span class='ocrx_word' id='word_1_161' title='bbox 1895 1311 2138 1375; x_wconf 86' lang='lat' dir='ltr'><strong>supersint</strong></span> <span class='ocrx_word' id='word_1_162' title='bbox 2176 1315 2225 1358; x_wconf 89' lang='lat' dir='ltr'><strong>et</strong></span> <span class='ocrx_word' id='word_1_163' title='bbox 2260 1311 2412 1370; x_wconf 87' lang='lat' dir='ltr'><strong>mitte,</strong></span> 
     </span>
     <span class='ocr_line' id='line_1_17' title="bbox 155 1380 1323 1446; baseline 0.008 -22"><span class='ocrx_word' id='word_1_164' title='bbox 155 1380 197 1424; x_wconf 88' lang='lat' dir='ltr'><strong>si</strong></span> <span class='ocrx_word' id='word_1_165' title='bbox 234 1381 448 1428; x_wconf 88' lang='lat' dir='ltr'><strong>nancisci</strong></span> <span class='ocrx_word' id='word_1_166' title='bbox 488 1386 641 1443; x_wconf 82' lang='lat' dir='ltr'><strong>potes,</strong></span> <span class='ocrx_word' id='word_1_167' title='bbox 720 1381 866 1432; x_wconf 88' lang='lat' dir='ltr'><strong>Utere</strong></span> <span class='ocrx_word' id='word_1_168' title='bbox 905 1399 1052 1446; x_wconf 89' lang='lat' dir='ltr'><strong>opera</strong></span> <span class='ocrx_word' id='word_1_169' title='bbox 1089 1385 1176 1432; x_wconf 90' lang='lat' dir='ltr'><strong>filii</strong></span> <span class='ocrx_word' id='word_1_170' title='bbox 1214 1387 1323 1434; x_wconf 82' lang='lat' dir='ltr'><strong>mei.</strong></span> 
     </span>
    </p>
   </div>
   <div class='ocr_carea' id='block_1_7' title="bbox 309 1451 2154 1519">
    <p class='ocr_par' dir='ltr' id='par_1_7' title="bbox 309 1451 2154 1519">
     <span class='ocr_line' id='line_1_18' title="bbox 309 1451 2154 1519; baseline 0.002 -20"><span class='ocrx_word' id='word_1_171' title='bbox 309 1451 376 1499; x_wconf 92' lang='lat' dir='ltr'><strong>M.</strong></span> <span class='ocrx_word' id='word_1_172' title='bbox 417 1452 691 1517; x_wconf 86' lang='lat' dir='ltr'><strong>Bachmair,</strong></span> <span class='ocrx_word' id='word_1_173' title='bbox 734 1459 815 1518; x_wconf 92' lang='lat' dir='ltr'><strong>qui</strong></span> <span class='ocrx_word' id='word_1_174' title='bbox 854 1459 1082 1506; x_wconf 86' lang='lat' dir='ltr'><strong>scribenti</strong></span> <span class='ocrx_word' id='word_1_175' title='bbox 1121 1458 1272 1516; x_wconf 84' lang='lat' dir='ltr'><strong>afluit,</strong></span> <span class='ocrx_word' id='word_1_176' title='bbox 1312 1455 1403 1506; x_wconf 90' lang='lat' dir='ltr'><strong>tibi</strong></span> <span class='ocrx_word' id='word_1_177' title='bbox 1434 1455 1641 1506; x_wconf 87' lang='lat' dir='ltr'><strong>salutem</strong></span> <span class='ocrx_word' id='word_1_178' title='bbox 1686 1455 1960 1505; x_wconf 85' lang='lat' dir='ltr'><strong>adscribere</strong></span> <span class='ocrx_word' id='word_1_179' title='bbox 1993 1455 2154 1519; x_wconf 88' lang='lat' dir='ltr'><strong>jussit.</strong></span> 
     </span>
    </p>
   </div>
   <div class='ocr_carea' id='block_1_8' title="bbox 158 1534 2424 3464">
    <p class='ocr_par' dir='ltr' id='par_1_8' title="bbox 158 1534 2421 2296">
     <span class='ocr_line' id='line_1_19' title="bbox 304 1534 2421 1594; baseline 0.001 -18"><span class='ocrx_word' id='word_1_180' title='bbox 304 1536 612 1588; x_wconf 80' lang='lat' dir='ltr'><strong>Stephanus</strong></span> <span class='ocrx_word' id='word_1_181' title='bbox 652 1540 877 1581; x_wconf 90' lang='lat' dir='ltr'><strong>Bossius</strong></span> <span class='ocrx_word' id='word_1_182' title='bbox 909 1541 1230 1582; x_wconf 87' lang='lat' dir='ltr'><strong>Mediolanensis</strong></span> <span class='ocrx_word' id='word_1_183' title='bbox 1272 1543 1450 1594; x_wconf 87' lang='lat' dir='ltr'><strong>Keplero</strong></span> <span class='ocrx_word' id='word_1_184' title='bbox 1486 1542 1520 1581; x_wconf 75' lang='lat' dir='ltr'><strong>&#39;a</strong></span> <span class='ocrx_word' id='word_1_185' title='bbox 1561 1541 1749 1582; x_wconf 85' lang='lat' dir='ltr'><strong>Galilaeo</strong></span> <span class='ocrx_word' id='word_1_186' title='bbox 1794 1534 2155 1581; x_wconf 81' lang='lat' dir='ltr'><strong>vehementissime</strong></span> <span class='ocrx_word' id='word_1_187' title='bbox 2198 1552 2421 1580; x_wconf 62' lang='lat' dir='ltr'><strong>commem.</strong></span> 
     </span>
     <span class='ocr_line' id='line_1_20' title="bbox 159 1594 2412 1652; baseline 0.001 -19"><span class='ocrx_word' id='word_1_188' title='bbox 159 1594 281 1634; x_wconf 86' lang='lat' dir='ltr'><strong>datus</strong></span> <span class='ocrx_word' id='word_1_189' title='bbox 321 1600 382 1635; x_wconf 90' lang='lat' dir='ltr'><strong>est</strong></span> <span class='ocrx_word' id='word_1_190' title='bbox 411 1598 470 1642; x_wconf 94' lang='lat' dir='ltr'><strong>(in</strong></span> <span class='ocrx_word' id='word_1_191' title='bbox 509 1596 643 1637; x_wconf 88' lang='lat' dir='ltr'><strong>literis</strong></span> <span class='ocrx_word' id='word_1_192' title='bbox 687 1599 730 1640; x_wconf 88' lang='lat' dir='ltr'><strong>d.</strong></span> <span class='ocrx_word' id='word_1_193' title='bbox 769 1600 882 1650; x_wconf 84' lang='lat' dir='ltr'><strong>Sept.</strong></span> <span class='ocrx_word' id='word_1_194' title='bbox 919 1602 1057 1648; x_wconf 84' lang='lat'><strong>1627).</strong></span> <span class='ocrx_word' id='word_1_195' title='bbox 1119 1601 1299 1641; x_wconf 80' lang='lat' dir='ltr'><strong>Exstant</strong></span> <span class='ocrx_word' id='word_1_196' title='bbox 1333 1601 1479 1640; x_wconf 87' lang='lat' dir='ltr'><strong>literae</strong></span> <span class='ocrx_word' id='word_1_197' title='bbox 1509 1602 1646 1640; x_wconf 88' lang='lat' dir='ltr'><strong>Bossii</strong></span> <span class='ocrx_word' id='word_1_198' title='bbox 1689 1601 1741 1639; x_wconf 86' lang='lat' dir='ltr'><strong>ad</strong></span> <span class='ocrx_word' id='word_1_199' title='bbox 1780 1601 2005 1652; x_wconf 85' lang='lat' dir='ltr'><strong>Keplerum</strong></span> <span class='ocrx_word' id='word_1_200' title='bbox 2046 1599 2167 1638; x_wconf 83' lang='lat' dir='ltr'><strong>datae</strong></span> <span class='ocrx_word' id='word_1_201' title='bbox 2208 1595 2412 1651; x_wconf 85' lang='lat' dir='ltr'><strong>(Viennae</strong></span> 
     </span>
     <span class='ocr_line' id='line_1_21' title="bbox 161 1653 2412 1710; baseline 0.001 -18"><span class='ocrx_word' id='word_1_202' title='bbox 161 1653 201 1694; x_wconf 93' lang='lat' dir='ltr'><strong>d</strong></span> <span class='ocrx_word' id='word_1_203' title='bbox 236 1655 273 1693; x_wconf 88' lang='lat'><strong>6.</strong></span> <span class='ocrx_word' id='word_1_204' title='bbox 305 1653 406 1704; x_wconf 83' lang='lat' dir='ltr'><strong>Maji</strong></span> <span class='ocrx_word' id='word_1_205' title='bbox 440 1654 591 1710; x_wconf 85' lang='grc'><strong>1628),</strong></span> <span class='ocrx_word' id='word_1_206' title='bbox 637 1659 789 1708; x_wconf 88' lang='lat' dir='ltr'><strong>quibus</strong></span> <span class='ocrx_word' id='word_1_207' title='bbox 822 1670 944 1708; x_wconf 86' lang='lat' dir='ltr'><strong>aegre</strong></span> <span class='ocrx_word' id='word_1_208' title='bbox 968 1659 1079 1701; x_wconf 85' lang='lat' dir='ltr'><strong>ferre</strong></span> <span class='ocrx_word' id='word_1_209' title='bbox 1109 1672 1151 1699; x_wconf 89' lang='lat' dir='ltr'><strong>se</strong></span> <span class='ocrx_word' id='word_1_210' title='bbox 1183 1659 1286 1699; x_wconf 90' lang='lat' dir='ltr'><strong>dicit</strong></span> <span class='ocrx_word' id='word_1_211' title='bbox 1315 1658 1484 1710; x_wconf 86' lang='lat' dir='ltr'><strong>Kepleri</strong></span> <span class='ocrx_word' id='word_1_212' title='bbox 1525 1658 1759 1709; x_wconf 84' lang='lat' dir='ltr'><strong>silentium,</strong></span> <span class='ocrx_word' id='word_1_213' title='bbox 1801 1659 1856 1698; x_wconf 90' lang='lat' dir='ltr'><strong>ad</strong></span> <span class='ocrx_word' id='word_1_214' title='bbox 1888 1661 1914 1700; x_wconf 84' lang='lat'><strong>3</strong></span> <span class='ocrx_word' id='word_1_215' title='bbox 1944 1659 2009 1697; x_wconf 83' lang='lat' dir='ltr'><strong>vel</strong></span> <span class='ocrx_word' id='word_1_216' title='bbox 2041 1660 2068 1698; x_wconf 84' lang='lat'>4</span> <span class='ocrx_word' id='word_1_217' title='bbox 2101 1658 2297 1709; x_wconf 84' lang='lat' dir='ltr'><strong>epistolas</strong></span> <span class='ocrx_word' id='word_1_218' title='bbox 2326 1668 2412 1695; x_wconf 92' lang='lat' dir='ltr'><strong>non</strong></span> 
     </span>
     <span class='ocr_line' id='line_1_22' title="bbox 158 1713 2412 1771; baseline 0.001 -21"><span class='ocrx_word' id='word_1_219' title='bbox 158 1713 464 1762; x_wconf 59' lang='lat' dir='ltr'><strong>respondenti&amp;</strong></span> <span class='ocrx_word' id='word_1_220' title='bbox 525 1713 749 1766; x_wconf 87' lang='lat' dir='ltr'><strong>Responsa</strong></span> <span class='ocrx_word' id='word_1_221' title='bbox 779 1729 822 1756; x_wconf 90' lang='lat' dir='ltr'><strong>se</strong></span> <span class='ocrx_word' id='word_1_222' title='bbox 852 1718 1092 1757; x_wconf 82' lang='lat' dir='ltr'><strong>avidissime</strong></span> <span class='ocrx_word' id='word_1_223' title='bbox 1122 1722 1400 1769; x_wconf 80' lang='lat' dir='ltr'><strong>exspectasse,</strong></span> <span class='ocrx_word' id='word_1_224' title='bbox 1443 1719 1546 1771; x_wconf 86' lang='lat' dir='ltr'><strong>quia</strong></span> <span class='ocrx_word' id='word_1_225' title='bbox 1578 1718 1860 1757; x_wconf 81' lang='lat' dir='ltr'><strong>dubitationes</strong></span> <span class='ocrx_word' id='word_1_226' title='bbox 1893 1717 2096 1768; x_wconf 90' lang='lat' dir='ltr'><strong>quasdam</strong></span> <span class='ocrx_word' id='word_1_227' title='bbox 2137 1716 2412 1767; x_wconf 86' lang='lat' dir='ltr'><strong>proposuerit,</strong></span> 
     </span>
     <span class='ocr_line' id='line_1_23' title="bbox 160 1772 2415 1829; baseline 0.002 -21"><span class='ocrx_word' id='word_1_228' title='bbox 160 1781 264 1819; x_wconf 85' lang='lat' dir='ltr'><strong>quas</strong></span> <span class='ocrx_word' id='word_1_229' title='bbox 293 1772 486 1822; x_wconf 90' lang='lat' dir='ltr'><strong>Epitome</strong></span> <span class='ocrx_word' id='word_1_230' title='bbox 531 1778 572 1813; x_wconf 91' lang='lat' dir='ltr'><strong>et</strong></span> <span class='ocrx_word' id='word_1_231' title='bbox 612 1775 797 1814; x_wconf 82' lang='lat' dir='ltr'><strong>Tabulae</strong></span> <span class='ocrx_word' id='word_1_232' title='bbox 844 1777 1222 1828; x_wconf 83' lang='lat' dir='ltr'><strong>suppeditaverint,</strong></span> <span class='ocrx_word' id='word_1_233' title='bbox 1268 1789 1377 1829; x_wconf 88' lang='lat' dir='ltr'><strong>quae</strong></span> <span class='ocrx_word' id='word_1_234' title='bbox 1427 1776 1645 1827; x_wconf 90' lang='lat' dir='ltr'><strong>„scrupula</strong></span> <span class='ocrx_word' id='word_1_235' title='bbox 1685 1781 1732 1815; x_wconf 91' lang='lat' dir='ltr'><strong>ut</strong></span> <span class='ocrx_word' id='word_1_236' title='bbox 1773 1778 1969 1816; x_wconf 81' lang='lat' dir='ltr'><strong>eximeret</strong></span> <span class='ocrx_word' id='word_1_237' title='bbox 1999 1776 2252 1825; x_wconf 86' lang='lat' dir='ltr'><strong>Keplerus“,</strong></span> <span class='ocrx_word' id='word_1_238' title='bbox 2295 1774 2415 1824; x_wconf 82' lang='lat' dir='ltr'><strong>petit.</strong></span> 
     </span>
     <span class='ocr_line' id='line_1_24' title="bbox 162 1827 2416 1900; baseline 0.001 -33"><span class='ocrx_word' id='word_1_239' title='bbox 162 1827 297 1882; x_wconf 88' lang='lat' dir='ltr'><strong>„Cum</strong></span> <span class='ocrx_word' id='word_1_240' title='bbox 320 1830 506 1871; x_wconf 87' lang='lat' dir='ltr'><strong>haereret</strong></span> <span class='ocrx_word' id='word_1_241' title='bbox 526 1844 636 1900; x_wconf 84' lang='lat' dir='ltr'><strong>aqua.</strong></span> <span class='ocrx_word' id='word_1_242' title='bbox 664 1833 769 1872; x_wconf 92' lang='lat' dir='ltr'><strong>mihi</strong></span> <span class='ocrx_word' id='word_1_243' title='bbox 790 1835 1006 1887; x_wconf 83' lang='lat' dir='ltr'><strong>cogitanti,</strong></span> <span class='ocrx_word' id='word_1_244' title='bbox 1038 1836 1206 1874; x_wconf 85' lang='lat' dir='ltr'><strong>ubinam</strong></span> <span class='ocrx_word' id='word_1_245' title='bbox 1237 1840 1436 1875; x_wconf 83' lang='lat' dir='ltr'><strong>terrarum</strong></span> <span class='ocrx_word' id='word_1_246' title='bbox 1469 1834 1741 1884; x_wconf 87' lang='lat' dir='ltr'><strong>delitesceres,</strong></span> <span class='ocrx_word' id='word_1_247' title='bbox 1773 1838 2005 1886; x_wconf 84' lang='lat' dir='ltr'><strong>opportune</strong></span> <span class='ocrx_word' id='word_1_248' title='bbox 2035 1833 2273 1883; x_wconf 76' lang='lat' dir='ltr'><strong>supervenit</strong></span> <span class='ocrx_word' id='word_1_249' title='bbox 2303 1844 2416 1871; x_wconf 89' lang='lat' dir='ltr'><strong>com-</strong></span> 
     </span>
     <span class='ocr_line' id='line_1_25' title="bbox 158 1889 2416 1946; baseline 0.001 -21"><span class='ocrx_word' id='word_1_250' title='bbox 158 1889 295 1926; x_wconf 90' lang='lat' dir='ltr'><strong>munis</strong></span> <span class='ocrx_word' id='word_1_251' title='bbox 327 1890 505 1941; x_wconf 88' lang='lat' dir='ltr'><strong>amicus,</strong></span> <span class='ocrx_word' id='word_1_252' title='bbox 538 1893 603 1931; x_wconf 89' lang='lat' dir='ltr'><strong>cui</strong></span> <span class='ocrx_word' id='word_1_253' title='bbox 633 1890 774 1932; x_wconf 83' lang='lat' dir='ltr'><strong>literas</strong></span> <span class='ocrx_word' id='word_1_254' title='bbox 806 1893 926 1932; x_wconf 85' lang='lat' dir='ltr'><strong>hasce</strong></span> <span class='ocrx_word' id='word_1_255' title='bbox 958 1893 1199 1933; x_wconf 87' lang='lat' dir='ltr'><strong>deferendas</strong></span> <span class='ocrx_word' id='word_1_256' title='bbox 1231 1894 1405 1945; x_wconf 88' lang='lat' dir='ltr'><strong>tradidi,</strong></span> <span class='ocrx_word' id='word_1_257' title='bbox 1448 1895 1519 1946; x_wconf 90' lang='lat' dir='ltr'><strong>qui</strong></span> <span class='ocrx_word' id='word_1_258' title='bbox 1554 1894 1603 1932; x_wconf 92' lang='lat' dir='ltr'><strong>de</strong></span> <span class='ocrx_word' id='word_1_259' title='bbox 1634 1895 1871 1944; x_wconf 73' lang='lat' dir='ltr'><strong>praesentia</strong></span> <span class='ocrx_word' id='word_1_260' title='bbox 1900 1897 1971 1932; x_wconf 89' lang='lat' dir='ltr'><strong>tua</strong></span> <span class='ocrx_word' id='word_1_261' title='bbox 2013 1894 2057 1931; x_wconf 92' lang='lat' dir='ltr'><strong>in</strong></span> <span class='ocrx_word' id='word_1_262' title='bbox 2089 1893 2189 1930; x_wconf 88' lang='lat' dir='ltr'><strong>urbe</strong></span> <span class='ocrx_word' id='word_1_263' title='bbox 2219 1890 2416 1940; x_wconf 89' lang='lat' dir='ltr'><strong>Pragensi</strong></span> 
     </span>
     <span class='ocr_line' id='line_1_26' title="bbox 158 1946 2415 2003; baseline 0.002 -20"><span class='ocrx_word' id='word_1_264' title='bbox 158 1946 263 1999; x_wconf 84' lang='lat' dir='ltr'><strong>mihi</strong></span> <span class='ocrx_word' id='word_1_265' title='bbox 292 1949 469 1988; x_wconf 84' lang='lat' dir='ltr'><strong>testatus</strong></span> <span class='ocrx_word' id='word_1_266' title='bbox 501 1954 564 1989; x_wconf 90' lang='lat' dir='ltr'><strong>est</strong></span> <span class='ocrx_word' id='word_1_267' title='bbox 593 1954 885 2002; x_wconf 84' lang='lat' dir='ltr'><strong>receptumque</strong></span> <span class='ocrx_word' id='word_1_268' title='bbox 915 1963 942 1990; x_wconf 89' lang='lat' dir='ltr'><strong>a</strong></span> <span class='ocrx_word' id='word_1_269' title='bbox 974 1950 1148 1991; x_wconf 72' lang='lat' dir='ltr'><strong>Caesare</strong></span> <span class='ocrx_word' id='word_1_270' title='bbox 1183 1954 1437 2003; x_wconf 74' lang='lat' dir='ltr'><strong>pronunciat</strong></span> <span class='ocrx_word' id='word_1_271' title='bbox 1469 1957 1509 1991; x_wconf 89' lang='lat' dir='ltr'><strong>et</strong></span> <span class='ocrx_word' id='word_1_272' title='bbox 1539 1956 1699 2002; x_wconf 77' lang='lat' dir='ltr'><strong>cetera,</strong></span> <span class='ocrx_word' id='word_1_273' title='bbox 1749 1964 1855 2002; x_wconf 88' lang='lat' dir='ltr'><strong>quae</strong></span> <span class='ocrx_word' id='word_1_274' title='bbox 1897 1963 1989 1991; x_wconf 89' lang='lat' dir='ltr'><strong>cum</strong></span> <span class='ocrx_word' id='word_1_275' title='bbox 2021 1951 2072 1991; x_wconf 91' lang='lat' dir='ltr'><strong>D.</strong></span> <span class='ocrx_word' id='word_1_276' title='bbox 2106 1949 2415 1989; x_wconf 86' lang='lat' dir='ltr'><strong>Walenstainio</strong></span> 
     </span>
     <span class='ocr_line' id='line_1_27' title="bbox 159 2006 2417 2063; baseline 0.002 -22"><span class='ocrx_word' id='word_1_277' title='bbox 159 2006 401 2054; x_wconf 84' lang='lat' dir='ltr'><strong>transegisti</strong></span> <span class='ocrx_word' id='word_1_278' title='bbox 434 2019 483 2046; x_wconf 84' lang='lat' dir='ltr'><strong>ex</strong></span> <span class='ocrx_word' id='word_1_279' title='bbox 515 2009 647 2047; x_wconf 89' lang='lat' dir='ltr'><strong>animi</strong></span> <span class='ocrx_word' id='word_1_280' title='bbox 676 2011 740 2047; x_wconf 87' lang='lat' dir='ltr'><strong>tui</strong></span> <span class='ocrx_word' id='word_1_281' title='bbox 771 2011 994 2060; x_wconf 87' lang='lat' dir='ltr'><strong>sententia,</strong></span> <span class='ocrx_word' id='word_1_282' title='bbox 1027 2012 1253 2051; x_wconf 72' lang='lat' dir='ltr'><strong>nunciavit.</strong></span> <span class='ocrx_word' id='word_1_283' title='bbox 1284 2007 1297 2018; x_wconf 75' lang='lat'><strong><em>⁴</em></strong></span> <span class='ocrx_word' id='word_1_284' title='bbox 1318 2012 1510 2063; x_wconf 86' lang='lat' dir='ltr'><strong>Gaudeo,</strong></span> <span class='ocrx_word' id='word_1_285' title='bbox 1554 2010 1667 2063; x_wconf 88' lang='lat' dir='ltr'><strong>quod</strong></span> <span class='ocrx_word' id='word_1_286' title='bbox 1698 2010 2104 2060; x_wconf 80' lang='lat' dir='ltr'><strong>peregrinationibus</strong></span> <span class='ocrx_word' id='word_1_287' title='bbox 2135 2013 2217 2047; x_wconf 85' lang='lat' dir='ltr'><strong>tuis</strong></span> <span class='ocrx_word' id='word_1_288' title='bbox 2248 2008 2417 2047; x_wconf 84' lang='lat' dir='ltr'><strong>fortuna</strong></span> 
     </span>
     <span class='ocr_line' id='line_1_28' title="bbox 160 2063 2414 2119; baseline 0.002 -19"><span class='ocrx_word' id='word_1_289' title='bbox 160 2063 388 2113; x_wconf 87' lang='lat' dir='ltr'><strong>aliquando</strong></span> <span class='ocrx_word' id='word_1_290' title='bbox 428 2067 550 2105; x_wconf 84' lang='lat' dir='ltr'><strong>finem</strong></span> <span class='ocrx_word' id='word_1_291' title='bbox 586 2067 745 2106; x_wconf 88' lang='lat' dir='ltr'><strong>dederit</strong></span> <span class='ocrx_word' id='word_1_292' title='bbox 788 2067 855 2107; x_wconf 82' lang='lat' dir='ltr'><strong>vel</strong></span> <span class='ocrx_word' id='word_1_293' title='bbox 886 2070 1073 2118; x_wconf 81' lang='lat' dir='ltr'><strong>proxime</strong></span> <span class='ocrx_word' id='word_1_294' title='bbox 1114 2069 1265 2108; x_wconf 82' lang='lat' dir='ltr'><strong>datura</strong></span> <span class='ocrx_word' id='word_1_295' title='bbox 1295 2071 1369 2114; x_wconf 78' lang='lat' dir='ltr'><strong>sit,</strong></span> <span class='ocrx_word' id='word_1_296' title='bbox 1416 2069 1575 2119; x_wconf 86' lang='lat' dir='ltr'><strong>gaudeo</strong></span> <span class='ocrx_word' id='word_1_297' title='bbox 1607 2070 1758 2108; x_wconf 87' lang='lat' dir='ltr'><strong>iterum</strong></span> <span class='ocrx_word' id='word_1_298' title='bbox 1797 2073 1884 2107; x_wconf 86' lang='lat' dir='ltr'><strong>tam</strong></span> <span class='ocrx_word' id='word_1_299' title='bbox 1926 2068 2122 2107; x_wconf 86' lang='lat' dir='ltr'><strong>utilitatis</strong></span> <span class='ocrx_word' id='word_1_300' title='bbox 2153 2071 2247 2106; x_wconf 82' lang='lat' dir='ltr'><strong>tuae</strong></span> <span class='ocrx_word' id='word_1_301' title='bbox 2279 2077 2414 2116; x_wconf 76' lang='lat' dir='ltr'><strong>‘quam</strong></span> 
     </span>
     <span class='ocr_line' id='line_1_29' title="bbox 164 2122 2415 2180; baseline 0.002 -22"><span class='ocrx_word' id='word_1_302' title='bbox 164 2122 296 2160; x_wconf 86' lang='lat' dir='ltr'><strong>totius</strong></span> <span class='ocrx_word' id='word_1_303' title='bbox 336 2124 436 2174; x_wconf 88' lang='lat' dir='ltr'><strong>reip.</strong></span> <span class='ocrx_word' id='word_1_304' title='bbox 468 2126 790 2166; x_wconf 85' lang='lat' dir='ltr'><strong>mathematicae</strong></span> <span class='ocrx_word' id='word_1_305' title='bbox 821 2138 966 2178; x_wconf 87' lang='lat' dir='ltr'><strong>causa,</strong></span> <span class='ocrx_word' id='word_1_306' title='bbox 1017 2139 1126 2180; x_wconf 90' lang='lat' dir='ltr'><strong>quae</strong></span> <span class='ocrx_word' id='word_1_307' title='bbox 1167 2129 1301 2179; x_wconf 87' lang='lat' dir='ltr'><strong>brevi,</strong></span> <span class='ocrx_word' id='word_1_308' title='bbox 1349 2129 1412 2166; x_wconf 87' lang='lat' dir='ltr'><strong>uti</strong></span> <span class='ocrx_word' id='word_1_309' title='bbox 1453 2128 1658 2177; x_wconf 83' lang='lat' dir='ltr'><strong>conjicio,</strong></span> <span class='ocrx_word' id='word_1_310' title='bbox 1705 2127 2031 2176; x_wconf 85' lang='lat' dir='ltr'><strong>Tychoniearum</strong></span> <span class='ocrx_word' id='word_1_311' title='bbox 2065 2126 2415 2172; x_wconf 85' lang='lat' dir='ltr'><strong>observationum,</strong></span> 
     </span>
     <span class='ocr_line' id='line_1_30' title="bbox 161 2180 2417 2238; baseline 0.002 -21"><span class='ocrx_word' id='word_1_312' title='bbox 161 2180 485 2230; x_wconf 88' lang='lat' dir='ltr'><strong>Ephemeridum</strong></span> <span class='ocrx_word' id='word_1_313' title='bbox 518 2188 594 2224; x_wconf 88' lang='lat' dir='ltr'><strong>etc.</strong></span> <span class='ocrx_word' id='word_1_314' title='bbox 633 2184 815 2224; x_wconf 88' lang='lat' dir='ltr'><strong>editione</strong></span> <span class='ocrx_word' id='word_1_315' title='bbox 845 2183 1103 2235; x_wconf 85' lang='lat' dir='ltr'><strong>locupletata</strong></span> <span class='ocrx_word' id='word_1_316' title='bbox 1134 2186 1211 2224; x_wconf 84' lang='lat' dir='ltr'><strong>tibi</strong></span> <span class='ocrx_word' id='word_1_317' title='bbox 1244 2186 1426 2236; x_wconf 88' lang='lat' dir='ltr'><strong>palmam</strong></span> <span class='ocrx_word' id='word_1_318' title='bbox 1469 2197 1595 2236; x_wconf 90' lang='lat' dir='ltr'><strong>supra</strong></span> <span class='ocrx_word' id='word_1_319' title='bbox 1626 2197 1768 2224; x_wconf 91' lang='lat' dir='ltr'><strong>omnes</strong></span> <span class='ocrx_word' id='word_1_320' title='bbox 1801 2186 1882 2238; x_wconf 81' lang='lat' dir='ltr'><strong>(vel</strong></span> <span class='ocrx_word' id='word_1_321' title='bbox 1913 2185 2058 2223; x_wconf 88' lang='lat' dir='ltr'><strong>invitis</strong></span> <span class='ocrx_word' id='word_1_322' title='bbox 2089 2182 2302 2237; x_wconf 85' lang='lat' dir='ltr'><strong>Jesuitis),</strong></span> <span class='ocrx_word' id='word_1_323' title='bbox 2342 2183 2417 2235; x_wconf 88' lang='lat' dir='ltr'><strong>qui</strong></span> 
     </span>
     <span class='ocr_line' id='line_1_31' title="bbox 162 2241 1423 2296; baseline 0.006 -21"><span class='ocrx_word' id='word_1_324' title='bbox 162 2249 346 2290; x_wconf 87' lang='lat' dir='ltr'><strong>unquam</strong></span> <span class='ocrx_word' id='word_1_325' title='bbox 377 2241 441 2279; x_wconf 88' lang='lat' dir='ltr'><strong>vel</strong></span> <span class='ocrx_word' id='word_1_326' title='bbox 475 2245 595 2280; x_wconf 91' lang='lat' dir='ltr'><strong>erunt</strong></span> <span class='ocrx_word' id='word_1_327' title='bbox 626 2242 691 2281; x_wconf 93' lang='lat' dir='ltr'><strong>vel</strong></span> <span class='ocrx_word' id='word_1_328' title='bbox 722 2243 890 2281; x_wconf 84' lang='lat' dir='ltr'><strong>fuerunt</strong></span> <span class='ocrx_word' id='word_1_329' title='bbox 919 2245 1221 2296; x_wconf 85' lang='lat' dir='ltr'><strong>mathematici,</strong></span> <span class='ocrx_word' id='word_1_330' title='bbox 1257 2244 1423 2285; x_wconf 80' lang='lat' dir='ltr'><strong>deferet.</strong></span> 
     </span>
    </p>

    <p class='ocr_par' dir='ltr' id='par_1_9' title="bbox 163 2297 2424 3170">
     <span class='ocr_line' id='line_1_32' title="bbox 346 2297 2417 2354; baseline 0.001 -17"><span class='ocrx_word' id='word_1_331' title='bbox 346 2297 478 2344; x_wconf 84' lang='lat' dir='ltr'><strong>Quem</strong></span> <span class='ocrx_word' id='word_1_332' title='bbox 511 2301 614 2339; x_wconf 88' lang='lat' dir='ltr'><strong>dicit</strong></span> <span class='ocrx_word' id='word_1_333' title='bbox 642 2300 846 2351; x_wconf 88' lang='lat' dir='ltr'><strong>Keplerus</strong></span> <span class='ocrx_word' id='word_1_334' title='bbox 878 2302 919 2339; x_wconf 91' lang='lat' dir='ltr'><strong>in</strong></span> <span class='ocrx_word' id='word_1_335' title='bbox 953 2303 1066 2341; x_wconf 76' lang='lat' dir='ltr'><strong>calce</strong></span> <span class='ocrx_word' id='word_1_336' title='bbox 1098 2303 1300 2352; x_wconf 86' lang='lat' dir='ltr'><strong>epistolae</strong></span> <span class='ocrx_word' id='word_1_337' title='bbox 1331 2314 1448 2354; x_wconf 89' lang='lat' dir='ltr'><strong>suae,</strong></span> <span class='ocrx_word' id='word_1_338' title='bbox 1481 2300 1666 2350; x_wconf 86' lang='lat' dir='ltr'><strong>Wolfg.</strong></span> <span class='ocrx_word' id='word_1_339' title='bbox 1698 2301 2011 2340; x_wconf 84' lang='lat' dir='ltr'><strong>Bachmaier</strong></span> <span class='ocrx_word' id='word_1_340' title='bbox 2044 2298 2292 2353; x_wconf 88' lang='lat' dir='ltr'><strong>(Ulmensis,</strong></span> <span class='ocrx_word' id='word_1_341' title='bbox 2333 2300 2417 2339; x_wconf 85' lang='lat' dir='ltr'><strong>nat.</strong></span> 
     </span>
     <span class='ocr_line' id='line_1_33' title="bbox 163 2355 2419 2410; baseline 0 -16"><span class='ocrx_word' id='word_1_342' title='bbox 163 2367 199 2395; x_wconf 88' lang='lat' dir='ltr'><strong>c.</strong></span> <span class='ocrx_word' id='word_1_343' title='bbox 233 2367 273 2395; x_wconf 86' lang='lat' dir='ltr'><strong>a.</strong></span> <span class='ocrx_word' id='word_1_344' title='bbox 309 2355 436 2410; x_wconf 89' lang='grc'>1600)</span> <span class='ocrx_word' id='word_1_345' title='bbox 469 2362 558 2396; x_wconf 91' lang='lat' dir='ltr'><strong>tum</strong></span> <span class='ocrx_word' id='word_1_346' title='bbox 589 2360 787 2409; x_wconf 88' lang='lat' dir='ltr'><strong>temporis</strong></span> <span class='ocrx_word' id='word_1_347' title='bbox 820 2361 998 2410; x_wconf 86' lang='lat' dir='ltr'><strong>pastoris</strong></span> <span class='ocrx_word' id='word_1_348' title='bbox 1030 2372 1197 2398; x_wconf 91' lang='lat' dir='ltr'><strong>munere</strong></span> <span class='ocrx_word' id='word_1_349' title='bbox 1237 2359 1485 2408; x_wconf 79' lang='lat' dir='ltr'><strong>fungebatur</strong></span> <span class='ocrx_word' id='word_1_350' title='bbox 1527 2361 1570 2398; x_wconf 89' lang='lat' dir='ltr'><strong>in</strong></span> <span class='ocrx_word' id='word_1_351' title='bbox 1603 2372 1706 2410; x_wconf 86' lang='lat' dir='ltr'><strong>pago</strong></span> <span class='ocrx_word' id='word_1_352' title='bbox 1738 2359 1935 2408; x_wconf 73' lang='lat' dir='ltr'><strong>Miiringa</strong></span> <span class='ocrx_word' id='word_1_353' title='bbox 1964 2370 2093 2409; x_wconf 89' lang='lat' dir='ltr'><strong>prope</strong></span> <span class='ocrx_word' id='word_1_354' title='bbox 2124 2357 2419 2406; x_wconf 79' lang='lat' dir='ltr'><strong>Stuttgartiam</strong></span> 
     </span>
     <span class='ocr_line' id='line_1_34' title="bbox 165 2410 2419 2469; baseline 0.001 -18"><span class='ocrx_word' id='word_1_355' title='bbox 165 2418 205 2452; x_wconf 90' lang='lat' dir='ltr'><strong>et</strong></span> <span class='ocrx_word' id='word_1_356' title='bbox 236 2412 415 2464; x_wconf 81' lang='lat' dir='ltr'><strong>Keplero</strong></span> <span class='ocrx_word' id='word_1_357' title='bbox 447 2410 686 2466; x_wconf 80' lang='lat' dir='ltr'><strong>adjumento</strong></span> <span class='ocrx_word' id='word_1_358' title='bbox 727 2418 807 2456; x_wconf 86' lang='lat' dir='ltr'><strong>fuit</strong></span> <span class='ocrx_word' id='word_1_359' title='bbox 844 2419 887 2455; x_wconf 91' lang='lat' dir='ltr'><strong>in</strong></span> <span class='ocrx_word' id='word_1_360' title='bbox 921 2417 1093 2457; x_wconf 87' lang='lat' dir='ltr'><strong>calculis</strong></span> <span class='ocrx_word' id='word_1_361' title='bbox 1125 2420 1427 2457; x_wconf 82' lang='lat' dir='ltr'><strong>astronomicis.</strong></span> <span class='ocrx_word' id='word_1_362' title='bbox 1488 2418 1538 2457; x_wconf 89' lang='lat' dir='ltr'><strong>Iu</strong></span> <span class='ocrx_word' id='word_1_363' title='bbox 1580 2416 1761 2468; x_wconf 85' lang='lat' dir='ltr'><strong>epistola</strong></span> <span class='ocrx_word' id='word_1_364' title='bbox 1792 2414 1911 2469; x_wconf 87' lang='lat' dir='ltr'><strong>(data</strong></span> <span class='ocrx_word' id='word_1_365' title='bbox 1941 2417 2079 2469; x_wconf 88' lang='lat' dir='ltr'><strong>Aprili</strong></span> <span class='ocrx_word' id='word_1_366' title='bbox 2118 2427 2256 2454; x_wconf 90' lang='lat' dir='ltr'><strong>mense</strong></span> <span class='ocrx_word' id='word_1_367' title='bbox 2291 2414 2419 2467; x_wconf 88' lang='grc'><strong>1628)</strong></span> 
     </span>
     <span class='ocr_line' id='line_1_35' title="bbox 164 2472 2419 2530; baseline 0.001 -20"><span class='ocrx_word' id='word_1_368' title='bbox 164 2472 286 2511; x_wconf 85' lang='lat' dir='ltr'><strong>dicit:</strong></span> <span class='ocrx_word' id='word_1_369' title='bbox 320 2473 397 2521; x_wconf 87' lang='lat' dir='ltr'><strong>„de</strong></span> <span class='ocrx_word' id='word_1_370' title='bbox 430 2474 583 2514; x_wconf 85' lang='lat' dir='ltr'><strong>laboris</strong></span> <span class='ocrx_word' id='word_1_371' title='bbox 614 2476 748 2525; x_wconf 89' lang='lat' dir='ltr'><strong>pretio</strong></span> <span class='ocrx_word' id='word_1_372' title='bbox 774 2476 887 2528; x_wconf 89' lang='lat' dir='ltr'><strong>quod</strong></span> <span class='ocrx_word' id='word_1_373' title='bbox 918 2478 1124 2526; x_wconf 90' lang='lat' dir='ltr'><strong>petiturus</strong></span> <span class='ocrx_word' id='word_1_374' title='bbox 1147 2478 1238 2530; x_wconf 90' lang='lat' dir='ltr'><strong>sim,</strong></span> <span class='ocrx_word' id='word_1_375' title='bbox 1270 2482 1310 2516; x_wconf 91' lang='lat' dir='ltr'><strong>te</strong></span> <span class='ocrx_word' id='word_1_376' title='bbox 1333 2489 1519 2516; x_wconf 89' lang='lat' dir='ltr'><strong>securum</strong></span> <span class='ocrx_word' id='word_1_377' title='bbox 1554 2488 1641 2515; x_wconf 91' lang='lat' dir='ltr'><strong>esse</strong></span> <span class='ocrx_word' id='word_1_378' title='bbox 1672 2477 1813 2528; x_wconf 83' lang='lat' dir='ltr'><strong>jubeo,</strong></span> <span class='ocrx_word' id='word_1_379' title='bbox 1845 2477 1960 2526; x_wconf 90' lang='lat' dir='ltr'><strong>prius</strong></span> <span class='ocrx_word' id='word_1_380' title='bbox 1993 2486 2160 2525; x_wconf 88' lang='lat' dir='ltr'><strong>operam</strong></span> <span class='ocrx_word' id='word_1_381' title='bbox 2194 2474 2419 2513; x_wconf 79' lang='lat' dir='ltr'><strong>consectam</strong></span> 
     </span>
     <span class='ocr_line' id='line_1_36' title="bbox 167 2530 2420 2588; baseline 0 -18"><span class='ocrx_word' id='word_1_382' title='bbox 167 2530 428 2570; x_wconf 85' lang='lat' dir='ltr'><strong>exhibiturus</strong></span> <span class='ocrx_word' id='word_1_383' title='bbox 459 2537 660 2585; x_wconf 91' lang='lat' dir='ltr'><strong>tuumque</strong></span> <span class='ocrx_word' id='word_1_384' title='bbox 687 2534 893 2583; x_wconf 86' lang='lat' dir='ltr'><strong>judicium</strong></span> <span class='ocrx_word' id='word_1_385' title='bbox 940 2540 1183 2585; x_wconf 85' lang='lat' dir='ltr'><strong>experturus</strong></span> <span class='ocrx_word' id='word_1_386' title='bbox 1214 2547 1324 2588; x_wconf 88' lang='lat' dir='ltr'><strong>sum,</strong></span> <span class='ocrx_word' id='word_1_387' title='bbox 1369 2548 1493 2588; x_wconf 86' lang='lat' dir='ltr'><strong>quam</strong></span> <span class='ocrx_word' id='word_1_388' title='bbox 1535 2538 1582 2574; x_wconf 90' lang='lat' dir='ltr'><strong>ut</strong></span> <span class='ocrx_word' id='word_1_389' title='bbox 1611 2535 1788 2585; x_wconf 86' lang='lat' dir='ltr'><strong>superbe</strong></span> <span class='ocrx_word' id='word_1_390' title='bbox 1836 2534 1885 2573; x_wconf 86' lang='lat' dir='ltr'><strong>de</strong></span> <span class='ocrx_word' id='word_1_391' title='bbox 1916 2535 2050 2584; x_wconf 90' lang='lat' dir='ltr'><strong>pretio</strong></span> <span class='ocrx_word' id='word_1_392' title='bbox 2098 2532 2348 2573; x_wconf 83' lang='lat' dir='ltr'><strong>contendam</strong></span> <span class='ocrx_word' id='word_1_393' title='bbox 2380 2535 2420 2570; x_wconf 91' lang='lat' dir='ltr'><strong>et</strong></span> 
     </span>
     <span class='ocr_line' id='line_1_37' title="bbox 164 2589 2420 2646; baseline 0 -19"><span class='ocrx_word' id='word_1_394' title='bbox 164 2589 431 2638; x_wconf 85' lang='lat' dir='ltr'><strong>disceptem.“</strong></span> <span class='ocrx_word' id='word_1_395' title='bbox 493 2592 660 2640; x_wconf 88' lang='lat' dir='ltr'><strong>Legisse</strong></span> <span class='ocrx_word' id='word_1_396' title='bbox 693 2605 758 2644; x_wconf 92' lang='lat' dir='ltr'><strong>se,</strong></span> <span class='ocrx_word' id='word_1_397' title='bbox 801 2593 927 2646; x_wconf 91' lang='lat' dir='ltr'><strong>dicit,</strong></span> <span class='ocrx_word' id='word_1_398' title='bbox 975 2592 1160 2633; x_wconf 87' lang='lat' dir='ltr'><strong>Tabulas</strong></span> <span class='ocrx_word' id='word_1_399' title='bbox 1191 2594 1299 2635; x_wconf 88' lang='lat' dir='ltr'><strong>Rud.</strong></span> <span class='ocrx_word' id='word_1_400' title='bbox 1331 2594 1386 2633; x_wconf 84' lang='lat' dir='ltr'><strong>ad</strong></span> <span class='ocrx_word' id='word_1_401' title='bbox 1416 2595 1662 2644; x_wconf 84' lang='lat' dir='ltr'><strong>petitionem</strong></span> <span class='ocrx_word' id='word_1_402' title='bbox 1692 2593 1864 2643; x_wconf 85' lang='lat' dir='ltr'><strong>Kepleri</strong></span> <span class='ocrx_word' id='word_1_403' title='bbox 1909 2597 1949 2631; x_wconf 89' lang='lat' dir='ltr'><strong>et</strong></span> <span class='ocrx_word' id='word_1_404' title='bbox 1989 2593 2254 2640; x_wconf 86' lang='lat' dir='ltr'><strong>consignasse</strong></span> <span class='ocrx_word' id='word_1_405' title='bbox 2285 2594 2420 2629; x_wconf 83' lang='lat' dir='ltr'><strong>trans-</strong></span> 
     </span>
     <span class='ocr_line' id='line_1_38' title="bbox 163 2648 2420 2706; baseline 0 -20"><span class='ocrx_word' id='word_1_406' title='bbox 163 2648 431 2706; x_wconf 76' lang='lat' dir='ltr'><strong>mississeque</strong></span> <span class='ocrx_word' id='word_1_407' title='bbox 460 2654 612 2703; x_wconf 86' lang='lat' dir='ltr'><strong>errata,</strong></span> <span class='ocrx_word' id='word_1_408' title='bbox 646 2662 748 2701; x_wconf 91' lang='lat' dir='ltr'><strong>quae</strong></span> <span class='ocrx_word' id='word_1_409' title='bbox 780 2650 1114 2703; x_wconf 51' lang='lat' dir='ltr'><strong>deprehenderim</strong></span> <span class='ocrx_word' id='word_1_410' title='bbox 1148 2653 1338 2703; x_wconf 89' lang='lat' dir='ltr'><strong>„abunde</strong></span> <span class='ocrx_word' id='word_1_411' title='bbox 1361 2653 1552 2704; x_wconf 82' lang='lat' dir='ltr'><strong>cognovi,</strong></span> <span class='ocrx_word' id='word_1_412' title='bbox 1583 2653 1731 2704; x_wconf 85' lang='lat' dir='ltr'><strong>pergit,</strong></span> <span class='ocrx_word' id='word_1_413' title='bbox 1763 2652 1808 2690; x_wconf 90' lang='lat' dir='ltr'><strong>in</strong></span> <span class='ocrx_word' id='word_1_414' title='bbox 1830 2650 2174 2701; x_wconf 84' lang='lat' dir='ltr'><strong>Ephemeridibus</strong></span> <span class='ocrx_word' id='word_1_415' title='bbox 2197 2650 2420 2689; x_wconf 83' lang='lat' dir='ltr'><strong>conficien-</strong></span> 
     </span>
     <span class='ocr_line' id='line_1_39' title="bbox 163 2706 2421 2761; baseline 0.001 -18"><span class='ocrx_word' id='word_1_416' title='bbox 163 2706 226 2744; x_wconf 85' lang='lat' dir='ltr'><strong>dis</strong></span> <span class='ocrx_word' id='word_1_417' title='bbox 260 2706 483 2746; x_wconf 90' lang='lat' dir='ltr'><strong>consilium</strong></span> <span class='ocrx_word' id='word_1_418' title='bbox 513 2713 554 2746; x_wconf 88' lang='lat' dir='ltr'><strong>te</strong></span> <span class='ocrx_word' id='word_1_419' title='bbox 585 2713 766 2748; x_wconf 87' lang='lat' dir='ltr'><strong>mutasse</strong></span> <span class='ocrx_word' id='word_1_420' title='bbox 799 2714 1014 2760; x_wconf 87' lang='lat' dir='ltr'><strong>certosque</strong></span> <span class='ocrx_word' id='word_1_421' title='bbox 1045 2715 1347 2760; x_wconf 86' lang='lat' dir='ltr'><strong>computatores</strong></span> <span class='ocrx_word' id='word_1_422' title='bbox 1379 2711 1554 2760; x_wconf 90' lang='lat' dir='ltr'><strong>singulis</strong></span> <span class='ocrx_word' id='word_1_423' title='bbox 1586 2722 1668 2748; x_wconf 91' lang='lat' dir='ltr'><strong>non</strong></span> <span class='ocrx_word' id='word_1_424' title='bbox 1700 2711 1833 2761; x_wconf 89' lang='lat' dir='ltr'><strong>annis,</strong></span> <span class='ocrx_word' id='word_1_425' title='bbox 1867 2709 1940 2747; x_wconf 89' lang='lat' dir='ltr'><strong>sed</strong></span> <span class='ocrx_word' id='word_1_426' title='bbox 1976 2707 2158 2759; x_wconf 89' lang='lat' dir='ltr'><strong>planetis</strong></span> <span class='ocrx_word' id='word_1_427' title='bbox 2191 2707 2421 2747; x_wconf 82' lang='lat' dir='ltr'><strong>destinasse</strong></span> 
     </span>
     <span class='ocr_line' id='line_1_40' title="bbox 164 2764 2420 2815; baseline 0.001 -14"><span class='ocrx_word' id='word_1_428' title='bbox 164 2767 290 2814; x_wconf 86' lang='lat' dir='ltr'><strong>atque</strong></span> <span class='ocrx_word' id='word_1_429' title='bbox 321 2766 430 2804; x_wconf 88' lang='lat' dir='ltr'><strong>inter</strong></span> <span class='ocrx_word' id='word_1_430' title='bbox 459 2766 543 2805; x_wconf 86' lang='lat' dir='ltr'><strong>alia</strong></span> <span class='ocrx_word' id='word_1_431' title='bbox 574 2768 714 2806; x_wconf 86' lang='lat' dir='ltr'><strong>fictum</strong></span> <span class='ocrx_word' id='word_1_432' title='bbox 745 2768 887 2807; x_wconf 88' lang='lat' dir='ltr'><strong>Iunae</strong></span> <span class='ocrx_word' id='word_1_433' title='bbox 918 2767 1056 2807; x_wconf 86' lang='lat' dir='ltr'><strong>locum</strong></span> <span class='ocrx_word' id='word_1_434' title='bbox 1096 2770 1149 2808; x_wconf 88' lang='lat' dir='ltr'><strong>ab</strong></span> <span class='ocrx_word' id='word_1_435' title='bbox 1183 2781 1292 2807; x_wconf 89' lang='lat' dir='ltr'><strong>anno</strong></span> <span class='ocrx_word' id='word_1_436' title='bbox 1328 2771 1440 2809; x_wconf 81' lang='lat'>1625</span> <span class='ocrx_word' id='word_1_437' title='bbox 1473 2770 1514 2807; x_wconf 89' lang='lat' dir='ltr'><strong>in</strong></span> <span class='ocrx_word' id='word_1_438' title='bbox 1533 2770 1662 2815; x_wconf 79' lang='grc'><strong>,1660</strong></span> <span class='ocrx_word' id='word_1_439' title='bbox 1695 2767 2024 2806; x_wconf 88' lang='lat' dir='ltr'><strong>continuandum</strong></span> <span class='ocrx_word' id='word_1_440' title='bbox 2067 2767 2171 2805; x_wconf 87' lang='lat' dir='ltr'><strong>mihi</strong></span> <span class='ocrx_word' id='word_1_441' title='bbox 2210 2764 2420 2805; x_wconf 87' lang='lat' dir='ltr'><strong>detulisse.</strong></span> 
     </span>
     <span class='ocr_line' id='line_1_41' title="bbox 165 2821 2422 2878; baseline 0.001 -18"><span class='ocrx_word' id='word_1_442' title='bbox 165 2821 331 2861; x_wconf 84' lang='lat' dir='ltr'><strong>Gratior</strong></span> <span class='ocrx_word' id='word_1_443' title='bbox 362 2824 507 2863; x_wconf 83' lang='lat' dir='ltr'><strong>fuisset</strong></span> <span class='ocrx_word' id='word_1_444' title='bbox 539 2827 722 2864; x_wconf 90' lang='lat' dir='ltr'><strong>omnium</strong></span> <span class='ocrx_word' id='word_1_445' title='bbox 745 2827 1006 2876; x_wconf 87' lang='lat' dir='ltr'><strong>planetarum</strong></span> <span class='ocrx_word' id='word_1_446' title='bbox 1037 2828 1082 2866; x_wconf 91' lang='lat' dir='ltr'><strong>in</strong></span> <span class='ocrx_word' id='word_1_447' title='bbox 1104 2839 1232 2866; x_wconf 91' lang='lat' dir='ltr'><strong>unum</strong></span> <span class='ocrx_word' id='word_1_448' title='bbox 1253 2831 1376 2878; x_wconf 90' lang='lat' dir='ltr'><strong>atque</strong></span> <span class='ocrx_word' id='word_1_449' title='bbox 1399 2829 1575 2866; x_wconf 85' lang='lat' dir='ltr'><strong>alterum</strong></span> <span class='ocrx_word' id='word_1_450' title='bbox 1597 2837 1753 2865; x_wconf 87' lang='lat' dir='ltr'><strong>annum</strong></span> <span class='ocrx_word' id='word_1_451' title='bbox 1776 2826 2059 2874; x_wconf 84' lang='lat' dir='ltr'><strong>computati0;</strong></span> <span class='ocrx_word' id='word_1_452' title='bbox 2090 2826 2253 2875; x_wconf 81' lang='lat' dir='ltr'><strong>accipio</strong></span> <span class='ocrx_word' id='word_1_453' title='bbox 2283 2829 2422 2863; x_wconf 88' lang='lat' dir='ltr'><strong>tamen</strong></span> 
     </span>
     <span class='ocr_line' id='line_1_42' title="bbox 163 2879 2422 2939; baseline 0.001 -23"><span class='ocrx_word' id='word_1_454' title='bbox 163 2879 277 2918; x_wconf 89' lang='lat' dir='ltr'><strong>illam</strong></span> <span class='ocrx_word' id='word_1_455' title='bbox 309 2883 580 2936; x_wconf 88' lang='lat' dir='ltr'><strong>provinciam,</strong></span> <span class='ocrx_word' id='word_1_456' title='bbox 613 2885 872 2929; x_wconf 88' lang='lat' dir='ltr'><strong>solummodo</strong></span> <span class='ocrx_word' id='word_1_457' title='bbox 905 2886 1016 2936; x_wconf 83' lang='lat' dir='ltr'><strong>apud</strong></span> <span class='ocrx_word' id='word_1_458' title='bbox 1046 2892 1086 2936; x_wconf 81' lang='lat' dir='ltr'><strong>te</strong></span> <span class='ocrx_word' id='word_1_459' title='bbox 1117 2886 1248 2939; x_wconf 85' lang='lat' dir='ltr'><strong>insto,</strong></span> <span class='ocrx_word' id='word_1_460' title='bbox 1294 2898 1346 2924; x_wconf 90' lang='lat' dir='ltr'><strong>ne</strong></span> <span class='ocrx_word' id='word_1_461' title='bbox 1377 2897 1548 2936; x_wconf 86' lang='lat' dir='ltr'><strong>operum</strong></span> <span class='ocrx_word' id='word_1_462' title='bbox 1578 2883 1847 2924; x_wconf 82' lang='lat' dir='ltr'><strong>multitudine</strong></span> <span class='ocrx_word' id='word_1_463' title='bbox 1879 2885 2043 2932; x_wconf 88' lang='lat' dir='ltr'><strong>obruar,</strong></span> <span class='ocrx_word' id='word_1_464' title='bbox 2077 2883 2150 2922; x_wconf 89' lang='lat' dir='ltr'><strong>sed</strong></span> <span class='ocrx_word' id='word_1_465' title='bbox 2181 2883 2309 2922; x_wconf 84' lang='lat' dir='ltr'><strong>officii</strong></span> <span class='ocrx_word' id='word_1_466' title='bbox 2340 2882 2422 2920; x_wconf 89' lang='lat' dir='ltr'><strong>mei</strong></span> 
     </span>
     <span class='ocr_line' id='line_1_43' title="bbox 164 2937 2424 2997; baseline 0.001 -22"><span class='ocrx_word' id='word_1_467' title='bbox 164 2937 318 2986; x_wconf 85' lang='lat' dir='ltr'><strong>publici</strong></span> <span class='ocrx_word' id='word_1_468' title='bbox 353 2938 597 2993; x_wconf 84' lang='lat' dir='ltr'><strong>(quinquies</strong></span> <span class='ocrx_word' id='word_1_469' title='bbox 629 2943 920 2982; x_wconf 87' lang='lat' dir='ltr'><strong>hebdomadim</strong></span> <span class='ocrx_word' id='word_1_470' title='bbox 963 2945 1064 2982; x_wconf 91' lang='lat' dir='ltr'><strong>mihi</strong></span> <span class='ocrx_word' id='word_1_471' title='bbox 1097 2940 1448 2997; x_wconf 85' lang='lat' dir='ltr'><strong>concionandum)</strong></span> <span class='ocrx_word' id='word_1_472' title='bbox 1480 2944 1584 2982; x_wconf 82' lang='lat' dir='ltr'><strong>ratio</strong></span> <span class='ocrx_word' id='word_1_473' title='bbox 1616 2942 1860 2981; x_wconf 86' lang='lat' dir='ltr'><strong>habeatur.‘</strong></span> <span class='ocrx_word' id='word_1_474' title='bbox 1892 2963 1946 2968; x_wconf 82' lang='lat'><strong>--</strong></span> <span class='ocrx_word' id='word_1_475' title='bbox 1998 2940 2259 2980; x_wconf 89' lang='lat' dir='ltr'><strong>Concludens</strong></span> <span class='ocrx_word' id='word_1_476' title='bbox 2299 2942 2424 2978; x_wconf 81' lang='lat' dir='ltr'><strong>refert</strong></span> 
     </span>
     <span class='ocr_line' id='line_1_44' title="bbox 164 2992 2420 3054; baseline 0.001 -21.005"><span class='ocrx_word' id='word_1_477' title='bbox 164 2995 455 3037; x_wconf 88' lang='lat' dir='ltr'><strong>Baehmaierus</strong></span> <span class='ocrx_word' id='word_1_478' title='bbox 499 3000 580 3052; x_wconf 87' lang='lat' dir='ltr'><strong>„de</strong></span> <span class='ocrx_word' id='word_1_479' title='bbox 625 2992 758 3040; x_wconf 90' lang='lat' dir='ltr'><strong>milite</strong></span> <span class='ocrx_word' id='word_1_480' title='bbox 791 3000 891 3041; x_wconf 85' lang='lat' dir='ltr'><strong>Caes</strong></span> <span class='ocrx_word' id='word_1_481' title='bbox 875 3013 1069 3050; x_wconf 79' lang='grc'><strong>55155110,</strong></span> <span class='ocrx_word' id='word_1_482' title='bbox 1110 3003 1183 3054; x_wconf 86' lang='grc'><strong>(1111</strong></span> <span class='ocrx_word' id='word_1_483' title='bbox 1229 3012 1373 3050; x_wconf 87' lang='lat' dir='ltr'><strong>agrum</strong></span> <span class='ocrx_word' id='word_1_484' title='bbox 1415 3007 1600 3040; x_wconf 85' lang='lat' dir='ltr'><strong>nostrum</strong></span> <span class='ocrx_word' id='word_1_485' title='bbox 1648 3002 1844 3039; x_wconf 88' lang='lat' dir='ltr'><strong>hactenus</strong></span> <span class='ocrx_word' id='word_1_486' title='bbox 1885 3003 2175 3050; x_wconf 84' lang='lat' dir='ltr'><strong>occupaverat</strong></span> <span class='ocrx_word' id='word_1_487' title='bbox 2237 3000 2283 3036; x_wconf 89' lang='lat' dir='ltr'><strong>In</strong></span> <span class='ocrx_word' id='word_1_488' title='bbox 2317 3011 2420 3048; x_wconf 84' lang='lat' dir='ltr'><strong>pago</strong></span> 
     </span>
     <span class='ocr_line' id='line_1_45' title="bbox 168 3057 2420 3114; baseline 0.001 -23"><span class='ocrx_word' id='word_1_489' title='bbox 168 3058 310 3093; x_wconf 90' lang='lat' dir='ltr'><strong>nostro</strong></span> <span class='ocrx_word' id='word_1_490' title='bbox 337 3058 422 3097; x_wconf 88' lang='grc'><strong>200</strong></span> <span class='ocrx_word' id='word_1_491' title='bbox 451 3059 614 3107; x_wconf 86' lang='lat' dir='ltr'><strong>pedites</strong></span> <span class='ocrx_word' id='word_1_492' title='bbox 645 3071 718 3110; x_wconf 89' lang='lat' dir='ltr'><strong>per</strong></span> <span class='ocrx_word' id='word_1_493' title='bbox 748 3062 774 3099; x_wconf 84' lang='lat'>9</span> <span class='ocrx_word' id='word_1_494' title='bbox 807 3061 1059 3110; x_wconf 85' lang='lat' dir='ltr'><strong>septimanas</strong></span> <span class='ocrx_word' id='word_1_495' title='bbox 1092 3059 1292 3114; x_wconf 88' lang='lat' dir='ltr'><strong>aluimus,</strong></span> <span class='ocrx_word' id='word_1_496' title='bbox 1332 3061 1441 3099; x_wconf 88' lang='lat' dir='ltr'><strong>inter</strong></span> <span class='ocrx_word' id='word_1_497' title='bbox 1470 3072 1574 3112; x_wconf 90' lang='grc'><strong>(11105</strong></span> <span class='ocrx_word' id='word_1_498' title='bbox 1606 3063 1745 3097; x_wconf 89' lang='lat' dir='ltr'><strong>tamen</strong></span> <span class='ocrx_word' id='word_1_499' title='bbox 1776 3062 1867 3097; x_wconf 90' lang='lat' dir='ltr'><strong>tuto</strong></span> <span class='ocrx_word' id='word_1_500' title='bbox 1899 3059 2055 3097; x_wconf 88' lang='lat' dir='ltr'><strong>versari</strong></span> <span class='ocrx_word' id='word_1_501' title='bbox 2087 3061 2127 3095; x_wconf 91' lang='lat' dir='ltr'><strong>et</strong></span> <span class='ocrx_word' id='word_1_502' title='bbox 2161 3057 2298 3096; x_wconf 85' lang='lat' dir='ltr'><strong>officio</strong></span> <span class='ocrx_word' id='word_1_503' title='bbox 2330 3068 2420 3095; x_wconf 92' lang='lat' dir='ltr'><strong>meo</strong></span> 
     </span>
     <span class='ocr_line' id='line_1_46' title="bbox 166 3112 1785 3170; baseline 0.004 -21"><span class='ocrx_word' id='word_1_504' title='bbox 166 3112 335 3161; x_wconf 90' lang='lat' dir='ltr'><strong>publico</strong></span> <span class='ocrx_word' id='word_1_505' title='bbox 369 3114 539 3165; x_wconf 86' lang='lat' dir='ltr'><strong>defungi</strong></span> <span class='ocrx_word' id='word_1_506' title='bbox 571 3118 673 3156; x_wconf 90' lang='lat' dir='ltr'><strong>mihi</strong></span> <span class='ocrx_word' id='word_1_507' title='bbox 703 3119 870 3165; x_wconf 86' lang='lat' dir='ltr'><strong>licebat</strong></span> <span class='ocrx_word' id='word_1_508' title='bbox 903 3130 930 3156; x_wconf 88' lang='lat' dir='ltr'><strong>a</strong></span> <span class='ocrx_word' id='word_1_509' title='bbox 959 3117 1076 3157; x_wconf 87' lang='lat' dir='ltr'><strong>nullo</strong></span> <span class='ocrx_word' id='word_1_510' title='bbox 1107 3130 1287 3170; x_wconf 88' lang='lat' dir='ltr'><strong>unquam</strong></span> <span class='ocrx_word' id='word_1_511' title='bbox 1319 3130 1370 3156; x_wconf 90' lang='lat' dir='ltr'><strong>ne</strong></span> <span class='ocrx_word' id='word_1_512' title='bbox 1403 3117 1573 3157; x_wconf 86' lang='lat' dir='ltr'><strong>verbulo</strong></span> <span class='ocrx_word' id='word_1_513' title='bbox 1603 3117 1785 3156; x_wconf 85' lang='lat' dir='ltr'><strong>laesus.“</strong></span> 
     </span>
    </p>

    <p class='ocr_par' dir='ltr' id='par_1_10' title="bbox 164 3172 2422 3464">
     <span class='ocr_line' id='line_1_47' title="bbox 338 3172 2421 3227; baseline 0 -18"><span class='ocrx_word' id='word_1_514' title='bbox 338 3172 559 3223; x_wconf 87' lang='lat' dir='ltr'><strong>Exemplar</strong></span> <span class='ocrx_word' id='word_1_515' title='bbox 589 3177 842 3215; x_wconf 88' lang='lat' dir='ltr'><strong>Tabularum</strong></span> <span class='ocrx_word' id='word_1_516' title='bbox 873 3177 995 3225; x_wconf 65' lang='lat' dir='ltr'><strong>Rud„</strong></span> <span class='ocrx_word' id='word_1_517' title='bbox 1028 3177 1138 3227; x_wconf 89' lang='lat' dir='ltr'><strong>quod</strong></span> <span class='ocrx_word' id='word_1_518' title='bbox 1170 3178 1290 3216; x_wconf 88' lang='lat' dir='ltr'><strong>nobis</strong></span> <span class='ocrx_word' id='word_1_519' title='bbox 1322 3180 1484 3227; x_wconf 87' lang='lat' dir='ltr'><strong>praesto</strong></span> <span class='ocrx_word' id='word_1_520' title='bbox 1517 3180 1591 3226; x_wconf 89' lang='lat' dir='ltr'><strong>est,</strong></span> <span class='ocrx_word' id='word_1_521' title='bbox 1623 3177 1869 3226; x_wconf 81' lang='lat' dir='ltr'><strong>inscriptum</strong></span> <span class='ocrx_word' id='word_1_522' title='bbox 1896 3174 2064 3224; x_wconf 85' lang='lat' dir='ltr'><strong>Kepleri</strong></span> <span class='ocrx_word' id='word_1_523' title='bbox 2094 3185 2220 3212; x_wconf 91' lang='lat' dir='ltr'><strong>manu</strong></span> <span class='ocrx_word' id='word_1_524' title='bbox 2253 3173 2421 3227; x_wconf 86' lang='lat' dir='ltr'><strong>„Vene-</strong></span> 
     </span>
     <span class='ocr_line' id='line_1_48' title="bbox 165 3207 2420 3288; baseline 0.001 -22"><span class='ocrx_word' id='word_1_525' title='bbox 165 3226 292 3267; x_wconf 87' lang='lat' dir='ltr'><strong>rabili</strong></span> <span class='ocrx_word' id='word_1_526' title='bbox 322 3233 362 3266; x_wconf 92' lang='lat' dir='ltr'><strong>et</strong></span> <span class='ocrx_word' id='word_1_527' title='bbox 394 3231 523 3270; x_wconf 83' lang='lat' dir='ltr'><strong>doctis</strong></span> <span class='ocrx_word' id='word_1_528' title='bbox 507 3234 630 3272; x_wconf 85' lang='grc'><strong>5511110</strong></span> <span class='ocrx_word' id='word_1_529' title='bbox 662 3235 714 3275; x_wconf 90' lang='lat' dir='ltr'><strong>D.</strong></span> <span class='ocrx_word' id='word_1_530' title='bbox 746 3234 808 3277; x_wconf 92' lang='grc' dir='ltr'>Μ</span> <span class='ocrx_word' id='word_1_531' title='bbox 844 3236 1094 3288; x_wconf 87' lang='lat' dir='ltr'><strong>Bachmaier,</strong></span> <span class='ocrx_word' id='word_1_532' title='bbox 1127 3235 1238 3286; x_wconf 84' lang='lat' dir='ltr'><strong>qnod</strong></span> <span class='ocrx_word' id='word_1_533' title='bbox 1268 3241 1487 3286; x_wconf 86' lang='lat' dir='ltr'><strong>praecepta</strong></span> <span class='ocrx_word' id='word_1_534' title='bbox 1518 3207 1650 3276; x_wconf 82' lang='lat' dir='ltr'><strong>Tabb.</strong></span> <span class='ocrx_word' id='word_1_535' title='bbox 1682 3235 1855 3272; x_wconf 86' lang='lat' dir='ltr'><strong>istarum</strong></span> <span class='ocrx_word' id='word_1_536' title='bbox 1895 3233 2144 3272; x_wconf 88' lang='lat' dir='ltr'><strong>recensuerit</strong></span> <span class='ocrx_word' id='word_1_537' title='bbox 2174 3242 2420 3282; x_wconf 89' lang='lat' dir='ltr'><strong>munusque,</strong></span> 
     </span>
     <span class='ocr_line' id='line_1_49' title="bbox 172 3286 2423 3357; baseline 0.002 -34"><span class='ocrx_word' id='word_1_538' title='bbox 172 3286 466 3335; x_wconf 87' lang='lat' dir='ltr'><strong>Ephemerides</strong></span> <span class='ocrx_word' id='word_1_539' title='bbox 498 3302 547 3327; x_wconf 91' lang='lat' dir='ltr'><strong>ex</strong></span> <span class='ocrx_word' id='word_1_540' title='bbox 578 3290 630 3329; x_wconf 88' lang='lat' dir='ltr'><strong>iis</strong></span> <span class='ocrx_word' id='word_1_541' title='bbox 664 3294 946 3344; x_wconf 87' lang='lat' dir='ltr'><strong>computandi,</strong></span> <span class='ocrx_word' id='word_1_542' title='bbox 978 3298 1142 3333; x_wconf 90' lang='lat' dir='ltr'><strong>strenue</strong></span> <span class='ocrx_word' id='word_1_543' title='bbox 1175 3306 1316 3344; x_wconf 89' lang='lat' dir='ltr'><strong>capess</strong></span> <span class='ocrx_word' id='word_1_544' title='bbox 1299 3299 1380 3338; x_wconf 69' lang='lat' dir='ltr'><strong>sat,</strong></span> <span class='ocrx_word' id='word_1_545' title='bbox 1412 3295 1490 3333; x_wconf 86' lang='lat' dir='ltr'><strong>hoe</strong></span> <span class='ocrx_word' id='word_1_546' title='bbox 1521 3293 1736 3343; x_wconf 82' lang='lat' dir='ltr'><strong>exemplar</strong></span> <span class='ocrx_word' id='word_1_547' title='bbox 1768 3292 1808 3334; x_wconf 89' lang='lat' dir='ltr'><strong>d.</strong></span> <span class='ocrx_word' id='word_1_548' title='bbox 1842 3292 1880 3330; x_wconf 92' lang='lat' dir='ltr'><strong>d.</strong></span> <span class='ocrx_word' id='word_1_549' title='bbox 1913 3291 1971 3332; x_wconf 91' lang='lat' dir='ltr'><strong>dt</strong></span> <span class='ocrx_word' id='word_1_550' title='bbox 2005 3291 2042 3331; x_wconf 83' lang='lat' dir='ltr'><strong>J.</strong></span> <span class='ocrx_word' id='word_1_551' title='bbox 2075 3290 2302 3357; x_wconf 77' lang='lat' dir='ltr'><strong>Keplerus,</strong></span> <span class='ocrx_word' id='word_1_552' title='bbox 2335 3289 2423 3328; x_wconf 90' lang='lat' dir='ltr'><strong>Cal.</strong></span> 
     </span>
     <span class='ocr_line' id='line_1_50' title="bbox 164 3344 2422 3404; baseline 0.002 -22"><span class='ocrx_word' id='word_1_553' title='bbox 164 3344 459 3394; x_wconf 81' lang='lat' dir='ltr'><strong>Nov.1627“</strong></span> <span class='ocrx_word' id='word_1_554' title='bbox 498 3351 672 3388; x_wconf 90' lang='lat' dir='ltr'><strong>testatur</strong></span> <span class='ocrx_word' id='word_1_555' title='bbox 703 3351 964 3391; x_wconf 84' lang='lat' dir='ltr'><strong>Bachmaieri</strong></span> <span class='ocrx_word' id='word_1_556' title='bbox 1006 3352 1194 3395; x_wconf 79' lang='lat' dir='ltr'><strong>studium</strong></span> <span class='ocrx_word' id='word_1_557' title='bbox 1239 3353 1486 3391; x_wconf 88' lang='lat' dir='ltr'><strong>emendandi</strong></span> <span class='ocrx_word' id='word_1_558' title='bbox 1528 3350 1707 3404; x_wconf 88' lang='lat' dir='ltr'><strong>librum,</strong></span> <span class='ocrx_word' id='word_1_559' title='bbox 1754 3363 1845 3389; x_wconf 89' lang='lat' dir='ltr'><strong>cum</strong></span> <span class='ocrx_word' id='word_1_560' title='bbox 1878 3348 2020 3388; x_wconf 86' lang='lat' dir='ltr'><strong>multis</strong></span> <span class='ocrx_word' id='word_1_561' title='bbox 2064 3349 2222 3399; x_wconf 88' lang='lat' dir='ltr'><strong>passim</strong></span> <span class='ocrx_word' id='word_1_562' title='bbox 2252 3349 2422 3387; x_wconf 89' lang='lat' dir='ltr'><strong>insertis</strong></span> 
     </span>
     <span class='ocr_line' id='line_1_51' title="bbox 166 3403 1672 3464; baseline 0.005 -24"><span class='ocrx_word' id='word_1_563' title='bbox 166 3403 505 3454; x_wconf 89' lang='lat' dir='ltr'><strong>correctionibus,</strong></span> <span class='ocrx_word' id='word_1_564' title='bbox 536 3408 624 3444; x_wconf 90' lang='lat' dir='ltr'><strong>tum</strong></span> <span class='ocrx_word' id='word_1_565' title='bbox 655 3408 810 3449; x_wconf 88' lang='lat' dir='ltr'><strong>additis</strong></span> <span class='ocrx_word' id='word_1_566' title='bbox 841 3410 891 3448; x_wconf 89' lang='lat' dir='ltr'><strong>ad</strong></span> <span class='ocrx_word' id='word_1_567' title='bbox 927 3409 1090 3458; x_wconf 81' lang='lat' dir='ltr'><strong>tabulas</strong></span> <span class='ocrx_word' id='word_1_568' title='bbox 1122 3410 1320 3464; x_wconf 83' lang='lat' dir='ltr'><strong>quasdam</strong></span> <span class='ocrx_word' id='word_1_569' title='bbox 1354 3409 1672 3461; x_wconf 76' lang='lat' dir='ltr'><strong>supplementis,</strong></span> 
     </span>
    </p>
   </div>
   <div class='ocr_carea' id='block_1_9' title="bbox 165 3472 2425 3898">
    <p class='ocr_par' dir='ltr' id='par_1_11' title="bbox 165 3472 2425 3898">
     <span class='ocr_line' id='line_1_52' title="bbox 341 3472 2425 3538; baseline 0.001 -21"><span class='ocrx_word' id='word_1_570' title='bbox 341 3472 509 3517; x_wconf 85' lang='lat' dir='ltr'><strong>Ultima</strong></span> <span class='ocrx_word' id='word_1_571' title='bbox 540 3489 712 3529; x_wconf 86' lang='lat' dir='ltr'><strong>earum,</strong></span> <span class='ocrx_word' id='word_1_572' title='bbox 752 3493 866 3534; x_wconf 88' lang='lat' dir='ltr'><strong>quae</strong></span> <span class='ocrx_word' id='word_1_573' title='bbox 899 3486 1143 3538; x_wconf 82' lang='lat' dir='ltr'><strong>superest,</strong></span> <span class='ocrx_word' id='word_1_574' title='bbox 1169 3481 1462 3537; x_wconf 87' lang='lat' dir='ltr'><strong>epistolarum</strong></span> <span class='ocrx_word' id='word_1_575' title='bbox 1491 3479 1678 3536; x_wconf 86' lang='lat' dir='ltr'><strong>Kepleri</strong></span> <span class='ocrx_word' id='word_1_576' title='bbox 1708 3477 1766 3523; x_wconf 87' lang='lat' dir='ltr'><strong>ad</strong></span> <span class='ocrx_word' id='word_1_577' title='bbox 1797 3475 2122 3521; x_wconf 86' lang='lat' dir='ltr'><strong>Schickardum</strong></span> <span class='ocrx_word' id='word_1_578' title='bbox 2153 3474 2321 3532; x_wconf 88' lang='lat' dir='ltr'><strong>scripta</strong></span> <span class='ocrx_word' id='word_1_579' title='bbox 2352 3481 2425 3520; x_wconf 84' lang='lat' dir='ltr'><strong>est</strong></span> 
     </span>
     <span class='ocr_line' id='line_1_53' title="bbox 165 3536 1374 3592; baseline 0.006 -13"><span class='ocrx_word' id='word_1_580' title='bbox 165 3537 340 3592; x_wconf 87' lang='lat' dir='ltr'><strong>Pragae</strong></span> <span class='ocrx_word' id='word_1_581' title='bbox 375 3537 410 3580; x_wconf 94' lang='lat'>1</span> <span class='ocrx_word' id='word_1_582' title='bbox 442 3536 575 3582; x_wconf 87' lang='lat' dir='ltr'><strong>Mart.</strong></span> <span class='ocrx_word' id='word_1_583' title='bbox 609 3541 722 3586; x_wconf 77' lang='lat'>1628</span> <span class='ocrx_word' id='word_1_584' title='bbox 753 3549 797 3586; x_wconf 91' lang='lat' dir='ltr'><strong>et</strong></span> <span class='ocrx_word' id='word_1_585' title='bbox 827 3544 940 3589; x_wconf 87' lang='lat' dir='ltr'><strong>haec</strong></span> <span class='ocrx_word' id='word_1_586' title='bbox 970 3545 1130 3590; x_wconf 87' lang='lat' dir='ltr'><strong>habet:</strong></span> <span class='ocrx_word' id='word_1_587' title='bbox 1367 3559 1374 3565; x_wconf 60' lang='lat'><em>¹</em></span> 
     </span>
     <span class='ocr_line' id='line_1_54' title="bbox 244 3611 2419 3684; baseline 0.003 -25"><span class='ocrx_word' id='word_1_588' title='bbox 244 3654 250 3658; x_wconf 80' lang='grc'><strong>.</strong></span> <span class='ocrx_word' id='word_1_589' title='bbox 313 3612 363 3660; x_wconf 89' lang='lat' dir='ltr'><strong>S.</strong></span> <span class='ocrx_word' id='word_1_590' title='bbox 381 3611 461 3661; x_wconf 93' lang='lat' dir='ltr'><strong>P.</strong></span> <span class='ocrx_word' id='word_1_591' title='bbox 501 3614 561 3662; x_wconf 92' lang='lat' dir='ltr'><strong>D.</strong></span> <span class='ocrx_word' id='word_1_592' title='bbox 640 3616 913 3669; x_wconf 77' lang='lat' dir='ltr'><strong>Clarissime</strong></span> <span class='ocrx_word' id='word_1_593' title='bbox 952 3622 1066 3683; x_wconf 90' lang='lat' dir='ltr'><strong>Vir,</strong></span> <span class='ocrx_word' id='word_1_594' title='bbox 1118 3622 1298 3684; x_wconf 90' lang='lat' dir='ltr'><strong>hospes</strong></span> <span class='ocrx_word' id='word_1_595' title='bbox 1349 3627 1397 3670; x_wconf 90' lang='lat' dir='ltr'><strong>et</strong></span> <span class='ocrx_word' id='word_1_596' title='bbox 1449 3623 1603 3670; x_wconf 90' lang='lat' dir='ltr'><strong>amice</strong></span> <span class='ocrx_word' id='word_1_597' title='bbox 1658 3620 1952 3668; x_wconf 90' lang='lat' dir='ltr'><strong>charissime.</strong></span> <span class='ocrx_word' id='word_1_598' title='bbox 2029 3618 2210 3680; x_wconf 86' lang='lat' dir='ltr'><strong>Scripsi</strong></span> <span class='ocrx_word' id='word_1_599' title='bbox 2259 3614 2419 3677; x_wconf 90' lang='lat' dir='ltr'><strong>Ulma,</strong></span> 
     </span>
     <span class='ocr_line' id='line_1_55' title="bbox 169 3686 2420 3755; baseline 0.001 -21"><span class='ocrx_word' id='word_1_600' title='bbox 169 3686 322 3734; x_wconf 89' lang='lat' dir='ltr'><strong>filium</strong></span> <span class='ocrx_word' id='word_1_601' title='bbox 361 3700 523 3734; x_wconf 88' lang='lat' dir='ltr'><strong>meum</strong></span> <span class='ocrx_word' id='word_1_602' title='bbox 562 3691 807 3751; x_wconf 89' lang='lat' dir='ltr'><strong>accepisse</strong></span> <span class='ocrx_word' id='word_1_603' title='bbox 862 3708 891 3740; x_wconf 91' lang='lat' dir='ltr'><strong>a</strong></span> <span class='ocrx_word' id='word_1_604' title='bbox 939 3709 1016 3742; x_wconf 92' lang='lat' dir='ltr'><strong>me</strong></span> <span class='ocrx_word' id='word_1_605' title='bbox 1067 3697 1134 3742; x_wconf 84' lang='lat'><strong>20</strong></span> <span class='ocrx_word' id='word_1_606' title='bbox 1173 3695 1382 3742; x_wconf 88' lang='lat' dir='ltr'><strong>florenos</strong></span> <span class='ocrx_word' id='word_1_607' title='bbox 1434 3709 1597 3742; x_wconf 88' lang='lat' dir='ltr'><strong>mense</strong></span> <span class='ocrx_word' id='word_1_608' title='bbox 1638 3692 1798 3755; x_wconf 68' lang='lat' dir='ltr'><strong>Sept,</strong></span> <span class='ocrx_word' id='word_1_609' title='bbox 1858 3697 1905 3738; x_wconf 90' lang='lat' dir='ltr'><strong>et</strong></span> <span class='ocrx_word' id='word_1_610' title='bbox 1955 3691 2078 3738; x_wconf 88' lang='lat' dir='ltr'><strong>alios</strong></span> <span class='ocrx_word' id='word_1_611' title='bbox 2119 3693 2148 3737; x_wconf 88' lang='lat'><strong>3</strong></span> <span class='ocrx_word' id='word_1_612' title='bbox 2191 3705 2222 3737; x_wconf 88' lang='lat' dir='ltr'><strong>a</strong></span> <span class='ocrx_word' id='word_1_613' title='bbox 2258 3703 2420 3737; x_wconf 89' lang='lat' dir='ltr'><strong>sorore</strong></span> 
     </span>
     <span class='ocr_line' id='line_1_56' title="bbox 167 3757 2421 3829; baseline 0.001 -23"><span class='ocrx_word' id='word_1_614' title='bbox 167 3757 333 3807; x_wconf 84' lang='lat' dir='ltr'><strong>mense</strong></span> <span class='ocrx_word' id='word_1_615' title='bbox 381 3757 488 3808; x_wconf 89' lang='lat' dir='ltr'><strong>Oct.</strong></span> <span class='ocrx_word' id='word_1_616' title='bbox 563 3759 682 3809; x_wconf 89' lang='lat' dir='ltr'><strong>Illos</strong></span> <span class='ocrx_word' id='word_1_617' title='bbox 726 3763 894 3824; x_wconf 89' lang='lat' dir='ltr'><strong>jussus</strong></span> <span class='ocrx_word' id='word_1_618' title='bbox 945 3772 1047 3814; x_wconf 85' lang='lat' dir='ltr'><strong>erat</strong></span> <span class='ocrx_word' id='word_1_619' title='bbox 1096 3767 1183 3815; x_wconf 90' lang='lat' dir='ltr'><strong>tibi</strong></span> <span class='ocrx_word' id='word_1_620' title='bbox 1225 3766 1412 3815; x_wconf 86' lang='lat' dir='ltr'><strong>tradere</strong></span> <span class='ocrx_word' id='word_1_621' title='bbox 1465 3765 1761 3829; x_wconf 82' lang='lat' dir='ltr'><strong>erogandoS,</strong></span> <span class='ocrx_word' id='word_1_622' title='bbox 1818 3764 1859 3810; x_wconf 90' lang='lat' dir='ltr'><strong>si</strong></span> <span class='ocrx_word' id='word_1_623' title='bbox 1898 3765 2027 3826; x_wconf 89' lang='lat' dir='ltr'><strong>prius</strong></span> <span class='ocrx_word' id='word_1_624' title='bbox 2079 3763 2168 3810; x_wconf 92' lang='lat' dir='ltr'><strong>tibi</strong></span> <span class='ocrx_word' id='word_1_625' title='bbox 2214 3763 2310 3824; x_wconf 88' lang='lat' dir='ltr'><strong>ipsi</strong></span> <span class='ocrx_word' id='word_1_626' title='bbox 2362 3760 2421 3809; x_wconf 91' lang='lat' dir='ltr'><strong>de</strong></span> 
     </span>
     <span class='ocr_line' id='line_1_57' title="bbox 170 3831 2422 3898; baseline 0.001 -20"><span class='ocrx_word' id='word_1_627' title='bbox 170 3831 385 3894; x_wconf 89' lang='lat' dir='ltr'><strong>reliqu0,</strong></span> <span class='ocrx_word' id='word_1_628' title='bbox 443 3834 576 3898; x_wconf 92' lang='lat' dir='ltr'><strong>quod</strong></span> <span class='ocrx_word' id='word_1_629' title='bbox 613 3834 702 3882; x_wconf 90' lang='lat' dir='ltr'><strong>tibi</strong></span> <span class='ocrx_word' id='word_1_630' title='bbox 742 3835 990 3898; x_wconf 86' lang='lat' dir='ltr'><strong>debebam,</strong></span> <span class='ocrx_word' id='word_1_631' title='bbox 1031 3839 1363 3889; x_wconf 85' lang='lat' dir='ltr'><strong>satisfecisset.</strong></span> <span class='ocrx_word' id='word_1_632' title='bbox 1442 3838 1563 3887; x_wconf 90' lang='lat' dir='ltr'><strong>Cum</strong></span> <span class='ocrx_word' id='word_1_633' title='bbox 1602 3852 1662 3886; x_wconf 91' lang='lat' dir='ltr'><strong>ex</strong></span> <span class='ocrx_word' id='word_1_634' title='bbox 1699 3842 1782 3887; x_wconf 84' lang='lat' dir='ltr'><strong>tuo</strong></span> <span class='ocrx_word' id='word_1_635' title='bbox 1822 3834 2014 3886; x_wconf 87' lang='lat' dir='ltr'><strong>silentio</strong></span> <span class='ocrx_word' id='word_1_636' title='bbox 2063 3840 2319 3898; x_wconf 88' lang='lat' dir='ltr'><strong>appareat,</strong></span> <span class='ocrx_word' id='word_1_637' title='bbox 2371 3832 2422 3881; x_wconf 92' lang='lat' dir='ltr'><strong>id</strong></span> 
     </span>
    </p>
   </div>
  </div>
 </body>
</html>
