2554 4140
824 129 961 176 Liber
989 129 1202 187 Quartus.
1261 129 1372 174 Pars
1403 127 1569 173 Tertia.
2225 134 2328 183 383

73 281 200 328 enim
237 279 387 342 plana
425 279 639 326 omnium
676 292 762 326 sex
801 280 1175 336 eccentricorum
1214 282 1500 327 concurrant
1536 279 1584 323 in
1622 290 1720 326 uno
1760 279 2003 326 communi
2042 282 2205 326 centro
2233 276 2328 326 So-

72 352 161 413 lis,
214 354 362 414 igitur
409 357 748 414 praeterquam
798 354 843 398 iu
893 352 987 400 hoc
1025 352 1154 400 Solis
1193 359 1357 400 centro
1395 351 1619 412 nuspiam
1661 352 1824 399 omnia
1867 350 2011 399 simul
2050 364 2329 400 concurrere

71 432 292 488 possunt,
332 425 448 487 quia
485 425 715 472 sectionis
754 423 886 473 linea
923 439 1022 473 non
1061 431 1135 474 est
1174 424 1398 472 omnibus
1437 424 1719 483 communiS‚
1759 423 1846 473 sed
1885 424 2086 474 cuilibet
2113 426 2326 488 propria,

75 489 237 547 lineae
278 511 392 559 vero
430 495 653 545 diversae
691 511 789 545 non
826 497 1047 560 pluribus
1085 499 1178 545 nisi
1217 509 1314 545 uno
1352 502 1534 558 puncto
1574 502 1878 544 concurrunt.

219 568 347 631 Quia
385 571 531 632 igitur
567 568 653 617 Sol
693 576 767 619 est
805 573 1073 619 communis
1110 569 1268 618 nodus
1307 571 1521 623 omnium
1559 574 1903 632 systematum,
1944 583 2058 631 ergo
2095 571 2199 619 sive
2238 585 2330 619 na-

73 651 182 692 tura
216 650 414 691 moveat
449 642 674 704 planetas
711 644 974 692 virtutibus
1014 644 1271 706 corporeiS,
1310 643 1416 689 sive
1442 655 1579 690 mens
1617 642 1819 689 nutibus
1843 641 2179 705 rationalibuS,
2221 658 2330 692 om-

71 720 186 764 nino
224 715 310 764 Sol
347 715 555 778 planetis
594 729 681 778 pro
719 730 869 779 scopo
910 724 998 777 est,
1037 716 1101 765 ad
1139 730 1284 778 quem
1324 728 1489 763 omnes
1529 715 1837 762 circuitiones
1876 716 2153 777 respiciunt.

223 788 364 852 Quas
401 788 561 837 tradis
600 803 780 837 causas
815 795 981 838 motus
1017 791 1074 836 in
1111 787 1476 836 latitudinem?
1533 786 1637 835 Nec
1673 785 1760 835 Sol
1802 786 2011 849 planetis
2051 802 2199 837 causa
2239 795 2326 850 est,

70 863 165 910 nisi
200 868 402 921 remota,
443 861 590 923 hujus
630 860 924 910 deviationis
961 862 1024 910 ab
1063 861 1318 924 eclipticae
1355 860 1518 923 plan0,
1559 874 1649 908 nec
1686 868 1848 908 mente
1886 859 2096 922 planetis
2136 861 2198 909 ad
2238 862 2329 910 hoc

72 949 195 997 opus
233 940 321 994 est,
361 948 452 982 nec
489 949 636 996 supra
672 935 881 983 refutata
918 936 1279 982 substructione
1317 932 1584 981 solidorum
1612 933 1816 993 orbium,
1860 933 2036 994 quibus
2064 947 2152 981 ceu
2179 936 2329 982 curri—

73 1009 162 1056 bus
193 1006 381 1069 justam
418 1007 711 1056 invehantur
748 1007 980 1067 orbitam,
1023 1006 1274 1069 multoque
1313 1005 1376 1053 ad
1415 1006 1508 1054 hoc
1547 1007 1733 1067 minus,
1774 1015 1921 1068 quam
1960 1005 2040 1055 vel
2078 1006 2141 1054 ad
2177 1006 2330 1055 libra-

41 1082 229 1129 ‘tiones
266 1082 315 1126 in
355 1079 508 1128 altum
546 1087 596 1129 et
631 1076 938 1142 profundum,
979 1080 1060 1128 vel
1099 1080 1161 1128 ad
1199 1085 1383 1127 motum
1423 1081 1470 1126 in
1510 1077 1736 1142 longum:
1776 1078 1863 1127 sed
1901 1079 2126 1128 formatio
2164 1079 2331 1143 aliqua

70 1155 285 1216 ipsorum
325 1167 579 1216 corporum
618 1152 996 1215 planetariorum
1034 1152 1141 1201 sola
1177 1152 1358 1201 sufficit
1396 1151 1459 1200 ad
1498 1151 1855 1215 detorquendas
1896 1158 1943 1202 et
1981 1153 2330 1216 retorquendas

72 1225 135 1274 ad
175 1225 450 1289 eclipticam
487 1240 655 1275 eorum
693 1226 890 1274 orbitas.
934 1231 938 1233 ’
1752 1277 1755 1289 s,

220 1298 327 1348 Cur
354 1298 442 1348 Sol
465 1313 571 1348 non
593 1301 658 1346 sit
680 1300 735 1345 in
762 1313 934 1359 causa,
965 1313 1081 1346 cum
1098 1298 1213 1357 jam
1242 1297 1434 1346 dictum
1457 1299 1533 1355 sit,
1560 1300 1835 1347 sectionum
1860 1298 2020 1346 lineas
2038 1313 2134 1360 per
2160 1301 2329 1361 ipsum

74 1371 204 1421 Solis
251 1386 431 1435 corpus
476 1371 584 1420 ire?
636 1369 766 1432 Quia
811 1385 937 1419 unus
975 1379 1024 1419 et
1064 1370 1193 1419 idem
1230 1369 1317 1419 Sol
1353 1385 1452 1419 una
1491 1377 1538 1419 et
1577 1370 1748 1420 eadem
1785 1373 1947 1434 specie
1987 1373 2201 1435 corporis
2239 1374 2329 1434 sui,

72 1459 198 1508 quae
237 1445 461 1493 uniformi
487 1451 534 1493 et
568 1437 886 1492 directissimo
911 1444 1108 1492 flumine
1145 1445 1235 1492 sub
1267 1443 1446 1492 circulo
1484 1445 1610 1493 inter
1634 1444 1777 1507 polos
1816 1445 2177 1494 convolutionis
2203 1443 2331 1496 Solis

70 1517 230 1567 medio
256 1519 489 1576 circumit,
530 1532 626 1566 non
652 1524 813 1580 potest
838 1532 925 1580 per
951 1517 1169 1566 diversas
1208 1516 1330 1566 alias
1367 1518 1472 1565 vias
1507 1531 1687 1581 rapere
1715 1518 1933 1567 diversos
1958 1517 2197 1582 planetas»,
2237 1520 2332 1567 nisi

69 1591 300 1655 planetae
339 1593 432 1654 ipsi
463 1605 637 1640 causas
675 1589 822 1651 hujus
848 1590 1078 1639 diversae
1119 1589 1428 1639 discessionis
1468 1589 1531 1638 ad
1567 1591 1723 1639 latera
1761 1590 1820 1640 de
1857 1605 1947 1640 suo
1987 1591 2183 1641 addant.

221 1663 521 1724 cujusmodi
569 1665 934 1728 formationem
982 1666 1159 1711 innuis
1207 1678 1479 1726 corporum
1526 1664 1980 1725 planetariorum?
2042 1665 2117 1725 Ea
2165 1671 2331 1729 potest

73 1751 180 1787 esse
222 1737 304 1786 vel
344 1736 641 1795 essentialis,
681 1738 909 1784 nimirum
947 1738 1164 1786 internae
1203 1736 1355 1786 fibrae
1392 1739 1696 1799 magneticae
1735 1738 2041 1804 rectilineae,
2078 1738 2161 1787 vel
2197 1741 2332 1789 acci-

73 1808 297 1871 dentalis,
335 1809 522 1859 scilicet
560 1809 843 1859 convolutio
868 1809 1004 1872 globi
1027 1809 1287 1872 planetarii
1327 1811 1454 1858 circa
1480 1824 1622 1858 suum
1648 1825 1806 1872 axem,
1846 1813 1917 1860 sic
1943 1817 2240 1876 comparata,
2280 1820 2334 1862 ut

0 1942 3 1956 Ι
71 1883 219 1933 fibrae
258 1882 339 1932 vel
377 1885 481 1932 axis
519 1883 791 1947 gyrationis
829 1889 933 1931 toto
974 1884 1173 1931 circuitu
1202 1884 1417 1946 eorporis
1444 1885 1652 1932 retineat
1676 1885 1822 1932 situm
1847 1884 2136 1948 parallelum
2164 1888 2332 1949 sicque

0 1958 4 2022 Ι
74 1955 334 2020 dirigatur,
374 1962 428 2004 ut
466 1971 571 2005 cum
607 1955 807 2019 planeta
847 1963 919 2005 est
955 1956 1047 2005 sub
1087 1956 1328 2020 ecliptica,
1369 1962 1540 2018 tangat
1579 1957 1785 2023 orbitam
1824 1965 1873 2007 et
1911 1958 2140 2008 deflectat
2178 1958 2332 2008 altero

0 2027 4 2041 ‘
74 2032 281 2079 termino
318 2029 541 2078 nonnihil
577 2031 628 2076 in
664 2028 863 2092 plagam
904 2029 1115 2090 boream,
1157 2029 1308 2079 altero
1349 2031 1398 2076 in
1437 2035 1670 2078 austrum.

215 2102 384 2151 Habes
431 2103 714 2166 exemplum
759 2103 1017 2165 populare
1068 2103 1224 2163 huJ’us
1259 2102 1605 2167 deflexionis?
1644 2103 1934 2167 Exemplum
1973 2105 2331 2169 qualecumque

74 2175 389 2239 suppeditant
425 2177 546 2224 remi
583 2177 799 2224 navium.
854 2176 981 2225 Nam
1019 2177 1062 2225 si
1099 2178 1241 2224 navis
1276 2182 1450 2239 agatur
1475 2178 1636 2225 ventis
1661 2190 1899 2239 prorsum,
1939 2179 2003 2226 sit
2029 2193 2145 2228 vero
2173 2194 2332 2228 remus

6 2279 7 2283 =
74 2248 268 2312 oblique
305 2249 539 2311 religatus
578 2249 641 2298 ad
678 2251 905 2314 puppim,
958 2257 1073 2299 tunc
1109 2250 1281 2311 naviS,
1323 2255 1491 2298 contra
1530 2264 1678 2313 quam
1715 2249 1807 2299 fert
1843 2250 1973 2300 linea
2015 2254 2163 2314 venti,
2202 2268 2332 2316 pau-

69 2321 204 2371 latim
242 2321 306 2371 ad
342 2322 471 2371 latus
511 2321 797 2372 detruditur.
1648 2321 1654 2326 ’

213 2395 418 2456 Remus,
457 2402 587 2454 temo
624 2396 702 2444 vel
738 2395 1145 2458 qubernaculum
1183 2409 1371 2444 navem
1406 2410 1601 2459 semper
1637 2399 1694 2444 in
1731 2411 1897 2445 unam
1933 2398 2095 2447 solam
2117 2399 2330 2462 playam

9 2483 11 2494 ²
71 2466 270 2531 diriyit3
308 2468 558 2531 quomodo
595 2471 755 2531 iyitur
789 2470 1027 2531 planetae
1062 2483 1204 2517 nunc
1242 2468 1312 2516 ad
1340 2470 1505 2518 latera
1530 2470 1786 2531 eclipticae
1810 2477 2008 2533 exeunt,
2047 2470 2188 2520 nunc
2212 2473 2330 2520 inde

10 2562 13 2582 ι
72 2540 142 2590 ad
175 2542 456 2603 eclipticam
492 2541 858 2590 revertuntur?
903 2541 957 2590 Si
994 2555 1157 2590 remus
1195 2543 1336 2591 navis
1361 2548 1688 2603 convertatur,
1729 2545 1870 2592 navis
1898 2558 2093 2607 quoque
2120 2544 2332 2594 deflectit

11 2621 14 2633 ¹
73 2612 136 2662 ad
172 2613 300 2663 latus
339 2615 563 2664 alterum.
629 2614 866 2664 Planetae
906 2616 997 2663 etsi
1034 2614 1182 2663 fibras
1221 2621 1388 2667 tenent
1428 2615 1636 2665 directas
1674 2615 1911 2678 parallelo
1951 2618 2048 2665 situ
2088 2623 2135 2666 et
2160 2620 2331 2667 incon-

14 2724 15 2727 .
73 2700 252 2748 versas,
292 2693 681 2751 transportantur
718 2693 882 2736 tamen
921 2687 983 2736 ad
1021 2693 1185 2751 partes
1223 2690 1452 2738 circuitus
1490 2691 1567 2738 sui
1593 2691 1861 2752 oppositas,
1902 2691 1951 2737 in
1976 2691 2154 2754 quibus
2180 2690 2331 2741 fibrae

14 2756 17 2770 '
72 2760 273 2822 pristino
325 2762 422 2809 situ
473 2760 656 2810 habent
706 2762 983 2823 oppositam
1023 2760 1388 2810 inclinationem
1426 2761 1490 2811 ad
1529 2762 1737 2811 orbitam
1774 2777 1943 2825 suam3
1995 2778 2145 2826 quare
2184 2766 2330 2813 etiam

10 2877 11 2896 2
71 2830 298 2896 planetae
335 2848 420 2897 per
458 2832 664 2882 alterum
701 2833 1055 2883 semicirculum
1094 2838 1305 2896 aguntur
1343 2836 1393 2883 in
1432 2837 1686 2899 oppositas
1722 2834 1914 2899 plagas

10 2898 13 2923 ³
224 2904 286 2955 Ut
308 2907 487 2955 melius
511 2907 794 2968 intelliyam
811 2906 946 2955 hunc
968 2913 1177 2968 motum,
1217 2907 1312 2971 dic,
1752 2934 1834 2975 mg.
1858 2932 1911 2968 71.

10 2930 18 3039 l
74 2978 130 3026 in
164 2981 475 3028 circumactu
505 2979 749 3041 planetae
784 2981 921 3028 eirca
955 2979 1119 3029 Solem
1158 2995 1316 3043 quam

73 3057 198 3100 creet
225 3053 565 3116 ,superficiem
618 3066 728 3100 una
784 3054 899 3100 talis
951 3053 1027 3100 vel
1070 3052 1200 3115 fibra
1239 3054 1317 3101 vel

14 3145 19 3181 ι
74 3125 199 3173 axio.
270 3125 542 3186 Ponamus,
581 3138 691 3174 cum
728 3123 927 3187 planeta
963 3131 1035 3174 est
1074 3127 1124 3172 in
1161 3124 1317 3188 eclip-

16 3255 20 3268 .
73 3195 184 3258 flea,
223 3202 279 3246 ut
314 3197 394 3247 hic
429 3200 479 3246 in
506 3197 560 3258 C,
599 3198 655 3259 E,
693 3203 810 3246 tunc
846 3197 1019 3246 fibram
1043 3196 1316 3246 latitudinis

17 3269 19 3334 ζ
76 3266 165 3317 ΔΒ
202 3268 266 3319 ad
301 3269 466 3320 Solem
504 3285 600 3320 non
640 3269 861 3319 inclinari
899 3267 1009 3336 (etsi
1048 3271 1195 3319 etiam
1229 3269 1316 3319 ali-

18 3349 21 3366 ·
77 3345 149 3390 ter
194 3356 301 3392 esse
347 3350 510 3407 potest
560 3343 730 3392 eodem
770 3343 965 3402 effectu,
1015 3343 1057 3390 si
1095 3344 1218 3391 situs
1254 3345 1318 3390 sit

19 3381 25 3456 l
77 3414 446 3480 aequipollens),
486 3415 549 3466 ad
571 3416 824 3479 eclipticas
853 3429 968 3463 vero
1007 3414 1209 3478 planum
1247 3416 1317 3463 sic
1396 3436 1422 3466 A

22 3491 33 3533 ³..
75 3484 307 3548 inclinari,
347 3495 402 3538 ut
438 3488 672 3538 medietas
693 3489 797 3549 ΕΑ,
840 3487 926 3535 CA
953 3502 1113 3536 mersa
1150 3488 1213 3535 sit
1239 3489 1316 3534 in-

23 3574 26 3611 !
76 3555 339 3622 affigenda
375 3561 497 3612 infra
533 3576 787 3626 papyrum,
829 3574 955 3623 quae
986 3566 1318 3622 repraesentat

24 3626 28 3663 5
76 3628 274 3692 planum
300 3632 567 3697 eclipticae,
607 3634 795 3697 reliqua
833 3632 1067 3682 medietas
1092 3632 1193 3694 ΕΒ,
1234 3631 1316 3681 CB

26 3710 29 3751 ὲ
83 3709 238 3751 exstet
272 3718 418 3767 supra
449 3721 712 3771 papyrnm3
752 3706 1080 3755 inclinationis
1107 3704 1317 3768 angulus

27 3753 30 3824 f
81 3775 145 3822 sit
180 3774 358 3837 tantus,
397 3786 579 3840 quanta
600 3780 726 3829 solet
748 3780 850 3828 fieri
877 3777 1085 3827 latitudo
1113 3780 1160 3826 in
1186 3777 1317 3826 limi·
1779 3839 1799 3844 Ὗ
1818 3816 1872 3843 4,

29 3833 35 3905 ἶ
83 3844 228 3909 tibus,
264 3846 306 3898 F·
342 3862 490 3914 supra
522 3866 764 3918 papyrum
800 3851 1065 3915 intellectu,
1103 3850 1150 3900 D
1176 3850 1315 3900 infra.
1786 3845 1907 3883 ”¹¹⁹⁸

1319 3950 1452 3995 (muge
1478 3954 1614 3987 utera·
1637 3955 1686 3997 D,
1713 3955 1757 3995 Ε,
1782 3955 1812 3987 1?
1835 3955 1873 3987 ln
1899 3955 2039 3989 centris
2063 3955 2332 4000 circellorum.)
