2554 4140
252 96 356 145 530
848 86 1087 145 Epitomes
1117 86 1440 138 Astronomiae
1471 87 1612 133 Liber
1644 86 1888 145 Septimus.

251 237 649 303 aequalissimum
687 246 796 283 cum
836 234 949 299 polo
987 235 1028 282 P
1066 243 1250 284 motum
1290 235 1416 284 circa
1455 236 1499 283 A
1538 237 1585 290 in
1626 242 1787 299 partes
1825 234 2019 286 easdem
2058 234 2260 295 habeat,
2307 251 2496 303 semper

250 311 512 360 mutabitur
550 308 655 370 ejus
695 306 926 356 distantia
962 322 993 357 a
1029 308 1144 372 polo
1182 307 1435 370 eclipticae
1473 307 1536 369 1³3
1585 322 1898 374 quoscunque
1937 311 2083 370 igitur
2122 323 2262 356 arcus
2299 309 2378 358 hic
2416 311 2497 360 vel

252 383 334 431 ille
374 383 550 443 quovis
588 389 803 444 tempore
839 380 1003 441 faciat,
1043 383 1076 427 ii
1116 379 1246 443 apud
1286 378 1326 426 P
1363 378 1532 443 polum
1570 379 1822 446 eclipticas
1869 382 2101 444 majorem
2140 395 2166 429 e
2205 385 2495 447 propinquo,

249 457 483 502 minorem
530 467 558 502 e
606 458 791 500 remoto
842 452 1019 500 facient
1063 452 1321 515 angulum,
1375 467 1524 516 quare
1568 466 1713 523 crura
1749 453 1916 517 anguli
1963 453 2198 520 producta
2234 457 2381 511 etiam
2417 459 2495 504 in-

248 526 479 589 aequales
516 539 657 574 arcus
695 523 824 589 apud
861 525 1038 574 limites
1076 525 1406 586 intercipient‚
1446 539 1597 587 quare
1637 527 1783 575 etiam
1816 526 2099 588 inaequales
2137 527 2499 592 respondebunt

248 614 388 648 arcus
427 597 557 662 apud
597 597 766 658 nodos,
809 597 1078 661 quadrante
1118 611 1308 661 semper
1338 596 1595 646 distantes,

396 670 533 735 Quid
566 671 682 719 hinc
717 676 786 719 est
822 669 1194 733 colliyendum‘?
1245 669 1369 719 Cum
1420 670 1666 733 quantitas
1715 668 1894 725 circelli
1937 669 2022 720 ΟΡ
2069 674 2196 725 circa
2235 673 2277 721 A
2332 673 2498 739 polum

248 747 435 815 regium
474 758 572 792 non
618 745 680 791 sit
720 758 779 792 ex
819 743 1182 802 observatione,
1234 742 1517 805 magnitudo
1555 747 1716 790 motus
1756 739 1841 790 ΟΡ
1891 743 2086 810 ignota,
2137 744 2288 808 plaga
2338 752 2498 796 motus

248 831 345 865 non
385 817 666 877 certissima,
708 817 756 862 in
795 814 1133 865 antecedentia
1170 814 1300 878 apud
1341 812 1455 876 ΟΡ,
1508 829 1570 865 an
1610 815 1660 861 in
1698 818 2047 877 consequentia
2084 818 2215 884 apud
2250 819 2309 880 B,
2351 834 2499 883 quare

248 889 414 939 secula
451 889 622 952 viginti
662 887 742 937 vel
780 887 911 951 quod
950 890 1132 948 minuS,
1183 903 1214 936 a
1266 887 1443 949 quibus
1483 888 1810 938 astronomiae
1862 887 2020 936 cultae
2070 894 2303 946 memoria
2342 891 2498 954 durat,

248 976 556 1025 nequaquam
603 961 847 1009 sufficiunt
898 960 959 1010 ad
1015 959 1337 1019 universalem
1385 961 1732 1011 astronomiam
1783 960 2107 1012 condendam:
2164 963 2249 1017 sed
2308 971 2499 1030 tempo-

248 1037 375 1085 raria
421 1034 594 1083 saltem
641 1034 746 1098 (per
793 1035 1131 1098 temporariam
1178 1033 1363 1081 scilicet
1417 1030 1708 1100 eclipticam)
1755 1033 1818 1082 ab
1868 1032 2144 1086 hominihus
2197 1051 2321 1088 aevo
2372 1051 2499 1101 quo-

246 1108 368 1156 libet
421 1112 667 1156 exercetur
720 1108 1031 1155 astronomia.
1132 1104 1428 1155 Verissimae
1481 1107 1628 1168 igitur
1680 1105 1985 1169 planetarum
2040 1107 2381 1159 inclinationes
2437 1108 2500 1162 ad

248 1182 429 1243 regiam
468 1181 597 1228 viam
636 1193 908 1242 causaeque
958 1185 1006 1227 et
1056 1180 1352 1241 quantitates
1392 1184 1440 1228 et
1492 1177 1669 1242 plagae
1707 1184 1954 1239 motuum,
2010 1179 2216 1233 limitum
2255 1189 2302 1232 et
2339 1183 2499 1234 nodo-

249 1267 379 1314 rum,
431 1252 577 1300 haec.
603 1253 802 1314 inquam
852 1258 899 1301 et
948 1257 1108 1300 cetera
1152 1251 1432 1314 hujusmodi
1480 1251 1634 1299 latent
1686 1251 1733 1298 in
1784 1250 2034 1314 pandectis
2073 1255 2184 1304 aevi
2236 1257 2500 1318 sequentis,

249 1339 345 1373 non
398 1330 541 1373 antea
589 1323 843 1383 discenda,
897 1338 1042 1387 quam
1093 1323 1270 1372 librum
1308 1324 1437 1374 hunc
1473 1324 1636 1383 Deus,
1689 1323 1867 1377 arbiter
1903 1324 2205 1388 seculorum,
2254 1327 2503 1379 recluserit

248 1396 556 1458 mortalibus,
608 1397 890 1446 immortalis
930 1399 1055 1460 ipse,
1110 1399 1188 1446 cui
1238 1397 1476 1460 sitlans,
1526 1395 1681 1448 honor
1730 1403 1778 1446 et
1826 1396 1982 1461 gloria
2019 1400 2065 1447 in
2106 1398 2272 1457 secula
2308 1400 2502 1452 seculo-

253 1484 372 1521 rum.
426 1471 598 1518 Amen.

409 1614 590 1664 LIBRI
629 1613 740 1663 VII.
782 1614 865 1665 ET
905 1611 1046 1663 CUM
1084 1611 1172 1662 EO
1214 1611 1458 1663 TOTIUS
1497 1611 1834 1663 EPITOMES
1876 1583 2368 1684 ASTRONOMI'AE„

1009 1684 1522 1736 COPERNICANAE
1560 1685 1752 1737 FINIS.
