2554 4140
849 147 988 193 Liber
1016 148 1198 194 Sextus.
1255 148 1368 195 Pars
1397 149 1560 195 Prima.
1900 140 1905 144 ’
2230 158 2336 206 437

20 360 27 364 N
93 313 206 346 vum
244 310 410 365 usque·
435 297 484 342 in
524 291 618 343 27⁰
659 300 698 358 εἶ
736 292 888 360 (quod
927 302 999 344 est
1036 295 1182 360 paulo
1220 295 1331 360 plus
1368 310 1461 344 uno
1502 296 1770 358 quadrante
1801 295 1934 364 anni)
1971 300 2142 349 melior
2180 308 2255 350 est
2288 304 2339 349 in

91 386 181 419 sua
217 370 524 434 proportione
561 368 681 415 hora
721 382 817 416 una
854 383 962 416 cum
1000 372 1195 428 triente,
1244 382 1391 430 quam
1429 369 1674 416 residuum
1715 373 1828 418 anni
1867 387 1896 418 a
1939 371 2032 419 27ο
2073 379 2111 437 §2
2153 388 2236 438 per
2274 376 2331 440 E

44 507 50 512 1
90 446 141 491 in
182 441 239 491 6υ
286 441 359 502 ὅ.
434 441 570 489 Haec
612 454 739 488 anno
794 442 947 490 1616.
999 441 1254 505 completo.
1327 439 1464 489 Haec
1504 442 1698 502 quidem
1744 444 1815 490 sic
1852 444 2119 506 habebunt,
2178 450 2338 511 posito

91 531 224 575 casu,
265 514 393 576 quod
431 512 682 562 retinenda
719 514 781 561 sit
820 517 960 562 tertia
999 516 1145 562 etiam
1183 527 1331 561 causa
1368 513 1611 574 aequandi
1650 518 1895 578 temporiS.

233 586 371 635 Num
418 586 581 634 Tellus
617 587 769 633 etiam
806 590 862 634 in
900 587 1168 635 latitudine
1204 584 1473 634 movetur?
1535 585 1587 634 Si
1640 586 1846 635 latitudo
1901 589 2052 650 coeli,
2113 597 2166 639 ut
2214 592 2338 641 libro

90 662 254 719 tertio,
304 665 527 708 censetur
574 659 637 706 ab
677 659 903 722 ecliptica
951 661 999 706 in
1044 659 1418 723 septentrionem
1457 657 1536 706 vel
1574 664 1814 720 austrum,
1867 660 2034 710 Tellus
2086 665 2134 710 in
2183 664 2336 713 latum

90 733 288 795 evagari
329 746 423 780 non
463 738 638 795 potest,
679 746 804 792 cum,
845 746 1135 795 quocunque
1176 742 1424 793 evagatur,
1463 744 1629 779 secum
1667 731 1790 779 ferat
1828 732 2126 797 eclipticam,
2169 745 2338 800 utpote

0 803 1 818 ¹
89 820 214 868 quae
262 804 548 853 describitur
594 804 684 852 sub
732 803 841 852 fixis
886 819 972 867 per
1016 803 1194 852 lineam
1244 818 1303 852 ex
1351 808 1512 852 centro
1552 802 1681 852 Solis
1729 819 1813 867 per
1865 812 2080 855 centrum
2128 809 2337 859 Telluris

88 878 337 938 eductam,
379 883 426 926 et
464 877 525 925 ad
566 892 673 926 eam
710 878 979 926 referuntur
1015 883 1176 925 motus
1217 877 1518 940 planetarum
1545 882 1593 925 et
1629 875 1740 924 loca
1765 877 1982 925 fixarum.
2041 879 2109 928 At
2134 883 2174 928 si
2203 896 2337 930 com-
2424 910 2427 914 ·

79 957 280 1016 paretur
318 950 540 1014 ecliptica
591 951 684 998 ista
732 947 799 1015 (id
839 957 912 999 est
950 950 1108 998 orbita
1146 948 1355 997 Telluris
1394 950 1485 998 sub
1523 946 1650 1015 fixis)
1688 963 1852 997 secum
1891 952 2018 1014 ipsa,
2070 955 2336 1003 secundum

89 1025 280 1073 diversa
305 1023 470 1072 secula
496 1022 811 1086 deprehendit
844 1037 960 1071 sane
985 1022 1205 1070 Braheus
1247 1037 1305 1071 ex
1334 1015 1531 1070 mutatis
1560 1021 1763 1070 fixarum
1789 1022 2144 1086 latitudinibus,
2187 1027 2339 1089 eclip-

0 1087 1 1151 ξ
31 1096 34 1097 ’
61 1099 231 1146 ‘ticam
270 1096 552 1145 hodiernam
594 1097 889 1145 concessisse
929 1094 991 1144 ad
1028 1094 1183 1144 latera
1221 1095 1475 1158 eclipticas
1500 1095 1758 1157 pristinae:
1802 1101 1854 1143 ut
1891 1097 1961 1145 sic
1988 1099 2134 1146 etiam
2172 1093 2220 1145 in
2248 1101 2339 1151 hoc

6 1192 7 1201 =
84 1171 279 1233 negotio
318 1169 643 1218 inclinationis
683 1175 731 1216 et
757 1168 1088 1217 translationis
1124 1167 1360 1216 nodorum
1388 1169 1449 1216 sit
1487 1170 1675 1230 integra
1701 1167 1931 1230 analogia
1969 1176 2187 1220 motuum
2213 1172 2332 1220 Tel-

8 1279 9 1283 ,
85 1243 201 1294 luris
240 1242 309 1291 ad
341 1250 500 1290 motus
541 1247 807 1290 ceterorum
849 1241 1162 1305 planetarum.
1239 1240 1377 1289 Haec
1418 1248 1577 1289 tamen
1629 1241 1954 1291 consideratio
2002 1258 2091 1292 nec
2129 1245 2191 1292 ad
2233 1246 2336 1294 col-

83 1317 316 1367 lectiones
367 1321 586 1364 motuum
625 1314 779 1375 Solis,
831 1328 921 1363 nec
958 1313 1021 1362 ad
1072 1312 1396 1362 enucleandas
1451 1316 1760 1378 apparentias
1802 1313 2108 1377 planetarum
2147 1323 2335 1367 cetero-

10 1406 44 1443 r,
84 1405 187 1438 rum
225 1389 318 1437 hoc
356 1389 462 1436 loco
500 1388 774 1436 necessaria
813 1393 913 1447 est,
953 1401 1102 1450 quare
1143 1386 1386 1447 differatur
1422 1388 1470 1432 in
1511 1387 1686 1446 librum
1725 1386 1841 1436 VII.

12 1523 13 1528 ¹
230 1461 453 1510 Nullane
491 1461 832 1523 inaequalitas
869 1466 1082 1524 apparet
1123 1461 1278 1513 inesse
1329 1459 1544 1508 motibus
1582 1459 1711 1508 Solis
1761 1463 2018 1509 occasione
2066 1462 2387 1513 distantiae*-

11 1564 15 1605 ι,
75 1533 239 1586 ‘centri
283 1535 494 1582 Telluris
531 1534 595 1582 ab
640 1535 747 1589 eius
782 1533 1077 1596 superficie?
1113 1532 1288 1580 Existit
1312 1532 1423 1581 hinc
1461 1534 1628 1595 aliqua
1657 1548 1774 1581 sane
1814 1535 2078 1596 perexigua
2107 1538 2334 1598 varicum,

0 1625 15 1667 ‚2
83 1608 344 1673 parallaxis
383 1606 553 1655 diurna
591 1606 735 1668 dicta3
775 1605 861 1654 sed
900 1621 1008 1654 cum
1035 1620 1094 1654 ea
1131 1605 1312 1653 nullius
1345 1607 1490 1669 plane
1519 1607 1583 1653 sit
1606 1607 1836 1655 momenti
1863 1614 2084 1669 respectu
2110 1616 2334 1659 motuum

85 1682 213 1730 Solis
247 1681 415 1743 ipsius„
454 1694 545 1729 nec
583 1680 646 1728 ob
670 1679 819 1727 aliam
853 1679 951 1727 fere
976 1693 1075 1727 rem
1103 1672 1396 1740 exquiratur,
1438 1680 1532 1726 nisi
1558 1662 1755 1742 p‘ropter
1780 1679 1984 1742 eclipses
2008 1681 2332 1745 luminarium,

84 1753 344 1804 differenda
379 1754 525 1815 igitur
561 1759 637 1801 est
673 1753 896 1800 deorsum
933 1754 981 1799 in
1019 1751 1255 1800 theoriam
1293 1751 1462 1822 Lunae
1500 1757 1548 1800 et
1587 1751 1852 1800 doctrinam
1892 1753 2157 1817 eclipsium.

16 1815 19 1890 J
229 1826 367 1890 Quid
420 1841 593 1874 rerum
651 1832 796 1874 extra
852 1831 1009 1873 metas
1067 1827 1411 1873 astronomiae
1470 1838 1518 1872 se
1567 1825 1941 1888 proferentium
1997 1830 2214 1889 pertinet
2266 1830 2336 1877 acl

88 1900 370 1950 doctrinam
407 1899 466 1946 de
503 1905 644 1947 motu
684 1898 851 1947 Solis?
901 1898 1134 1946 Doctrina
1173 1896 1231 1946 de
1269 1899 1407 1945 annis
1448 1903 1494 1945 et
1531 1899 1778 1946 mensibus
1817 1898 2059 1948 solaribus
2099 1902 2330 1962 politicis·

236 1971 375 2037 Quid
409 1978 476 2020 est
500 1977 694 2034 tempus
712 1970 1018 2032 politicum?
1056 1968 1198 2031 Quod
1227 1971 1521 2033 integrorum
1550 1970 1735 2020 dierum
1775 1986 1973 2020 numero
2002 1976 2330 2037 constituitur,

20 2069 22 2086 ι
89 2045 323 2110 neglectis
360 2052 446 2094 aut
483 2050 584 2093 arte
623 2046 948 2107 compensatis
985 2044 1184 2090 minutis
1222 2043 1442 2092 horariis.

238 2122 367 2180 Quot
390 2124 510 2167 sunt
532 2120 797 2180 praecipui
832 2119 963 2165 anni
985 2116 1171 2164 solares
1205 2117 1398 2178 politici
1430 2131 1517 2165 seu
1541 2116 1744 2165 civiles?
1797 2116 1933 2166 Tres.
1994 2117 2042 2181 l)
2084 2119 2123 2166 A
2145 2134 2214 2181 eg
2225 2135 2329 2182 yp-

89 2192 233 2253 tiae,
290 2193 473 2240 dierum
515 2192 618 2239 365
657 2196 917 2255 perpetue,
974 2195 1184 2252 quantus
1223 2189 1465 2252 colligitur
1519 2191 1666 2238 etiam
1722 2205 1878 2238 annus
1940 2190 2111 2239 diluvii
2167 2192 2330 2242 fuisse.

24 2271 25 2274 ’
92 2262 146 2328 2)
182 2254 501 2321 Julianus,
541 2270 751 2326 quatuor
774 2265 914 2310 annis
953 2264 1002 2309 in
1027 2276 1172 2311 unam
1210 2262 1463 2325 periodum
1490 2264 1796 2325 computatiS,
1838 2277 2043 2325 quorum
2070 2271 2166 2314 tres
2191 2268 2332 2328 primi

25 2343 27 2372 ⁵
88 2338 266 2401 singuli
302 2343 527 2386 constant
564 2336 734 2385 diebus
774 2336 903 2396 365,
956 2342 1156 2397 quartus
1195 2335 1367 2384 diebus
1408 2337 1538 2397 3663
1591 2337 1824 2398 repetitur
1863 2339 1990 2384 enim
2028 2352 2192 2386 mense
2233 2340 2332 2387 Fe-

26 2395 27 2412 *
89 2410 280 2460 bruario
318 2424 493 2459 nomen
532 2409 658 2457 idem
696 2415 744 2458 et
782 2409 923 2459 litera
968 2407 1140 2457 eadem
1191 2407 1286 2457 diei
1327 2410 1395 2456 24
1435 2415 1482 2457 et
1526 2409 1603 2457 bis
1655 2411 2001 2471 pronunciatur
2054 2418 2192 2460 sexto
2236 2412 2334 2460 Ca-

28 2516 29 2521 =
86 2481 257 2532 landas
282 2483 508 2542 Martias,
548 2481 676 2530 unde
714 2482 828 2530 huic
864 2488 1037 2544 quarto
1077 2495 1205 2530 anno
1231 2495 1407 2530 nomen
1446 2487 1520 2530 est
1554 2483 1768 2530 bissexto
1796 2491 1893 2530 saut
1929 2484 2182 2543 bissextili,
2222 2491 2333 2533 teu-

68 2558 248 2605 tonice
272 2555 561 2616 (ᾕῲαῐίεῢατ,
599 2556 739 2617 quasi
762 2554 1013 2602 luxatilem
1043 2553 1200 2602 dicas:
1240 2554 1351 2602 hinc
1374 2560 1423 2602 et
1447 2554 1549 2603 dies
1587 2554 1669 2603 ille
1697 2556 1975 2614 bissextilis,
2017 2556 2331 2617 intercalariS,

30 2626 31 2631 ’
88 2642 257 2690 graece
275 2627 579 2688 embolimus,
605 2625 1170 2687 insititius,&c19a1t=<-{ag‚
1200 2626 1387 2676 dicitur.
1414 2626 1598 2675 Horum
1621 2627 1655 2676 J
1661 2623 1928 2676 ulianorum
1956 2630 2093 2677 1460
2121 2639 2333 2691 aequant

32 2742 33 2763 ἶ
93 2702 223 2751 14'61
255 2702 543 2765 Aegyptios.
598 2700 722 2748 Nam
760 2707 809 2747 et
847 2698 917 2746 illi
955 2705 1004 2748 et
1028 2699 1207 2748 Persae
1244 2706 1432 2749 veteres
1458 2701 1786 2748 observabant
1824 2701 1952 2749 diem
1978 2702 2328 2763 intercalarem,

7 2770 18 2775 “
89 2781 260 2836 quarto
298 2788 494 2836 quoque
542 2787 670 2822 anno
707 2787 792 2835 per
828 2786 976 2820 unum
1016 2771 1142 2821 diem
1182 2771 1504 2822 descendente
1543 2779 1647 2820 ortu
1691 2772 1982 2836 Caniculae,
2036 2774 2162 2823 unde
2202 2775 2333 2837 apud

34 2853 35 2866 ³
88 2845 261 2896 Persas
299 2853 416 2896 nata
452 2846 543 2893 fuit
579 2845 806 2907 periodus
856 2857 1093 2893 annorum
1136 2846 1260 2911 120,
1314 2847 1438 2893 intra
1475 2860 1598 2908 quos
1636 2846 1729 2894 hoc
1767 2847 1956 2894 initium
2004 2847 2116 2894 armi
2156 2847 2331 2897 siderei

0 2902 37 2999 'il
89 2917 335 2969 descendit
381 2933 467 2983 per
518 2919 683 2966 omnia
731 2919 928 2980 triginta
979 2919 1122 2965 unius
1174 2919 1351 2966 mensis
1402 2921 1622 2977 nomina,
1679 2933 1804 2980 quae
1844 2918 1914 2966 illi
1954 2919 2123 2968 diebus
2163 2935 2192 2968 a
2230 2923 2330 2970 suis

0 2988 33 3062 i!
87 2990 313 3042 heroibus
351 2994 693 3055 imposuerant.
767 2990 941 3052 Itaque
980 2997 1095 3038 tunc
1131 2991 1509 3039 intercalabatur
1545 3005 1670 3038 unus
1709 2991 1900 3042 mensis,
1979 2989 2029 3057 3)
2083 2990 2330 3056 Grego-

0 3069 33 3113 1¹
87 3066 330 3125 rianus,
373 3064 737 3127 quadringentis
763 3064 902 3111 annis
939 3057 988 3109 in
1015 3075 1159 3111 unam
1199 3063 1447 3126 periodum
1476 3065 1784 3126 computatis,
1823 3065 1869 3110 in
1898 3078 1995 3126 qua
2034 3067 2179 3114 ceteri
2203 3081 2329 3129 qua-

0 3148 3 3177 f
30 3107 36 3200 l
87 3140 278 3187 ternarii
303 3144 415 3186 sunt
453 3137 637 3184 dierum
666 3136 785 3195 366,
824 3134 916 3183 soli
944 3136 1204 3183 centenarii
1229 3142 1325 3184 tres
1348 3138 1531 3199 priores
1557 3142 1670 3184 sunt
1695 3135 1953 3198 simpliceS,
1995 3136 2178 3186 dierum
2207 3141 2328 3189 365.

32 3210 42 3271 'p
89 3209 213 3259 Vide
238 3211 322 3259 lib.
361 3208 452 3257 111.
490 3208 571 3257 sol.
613 3210 731 3255 247.
772 3213 820 3255 et
845 3206 966 3255 infra
1004 3207 1063 3264 de
1099 3206 1324 3256 civilibus
1362 3208 1628 3273 lunaribus,
1668 3222 1756 3256 nec
1782 3222 1876 3256 non
1914 3211 2060 3258 etiam
2095 3211 2179 3260 lib.
2209 3212 2324 3262 VII.

36 3303 43 3314 ·
230 3282 370 3331 Num
408 3284 559 3330 etiam
584 3281 925 3342 inaequalitas
947 3286 1112 3328 motus
1138 3279 1268 3338 Solis
1293 3281 1555 3329 observata
1589 3281 1691 3343 luit
1715 3283 1770 3328 in
1795 3283 2047 3332 mensibus
2073 3286 2330 3346 politicis?

36 3351 45 3383 *·
89 3354 143 3403 Iu
181 3356 410 3419 aegyptio
447 3357 593 3417 inque
632 3353 882 3401 diluviano
919 3366 1014 3399 non
1056 3353 1364 3413 observatur3
1418 3353 1821 3416 computabantur
1860 3357 1986 3404 enim
2025 3358 2092 3405 30
2135 3358 2237 3407 dies
2278 3361 2326 3406 in

38 3479 39 3482 ,
88 3441 299 3477 mensem
353 3433 455 3476 toto
495 3440 649 3487 ann0,
702 3425 859 3473 ultimi
897 3438 1012 3473 vero
1051 3431 1100 3472 et
1138 3426 1541 3486 supernumerarii
1582 3427 1610 3473 5
1652 3425 1934 3476 dicebantur
1978 3443 2324 3493 epagomenae,

38 3495 49 3549 ’θ
93 3499 346 3563 appendix,
386 3506 435 3548 et
471 3514 555 3563 pro
593 3498 727 3546 nullo
755 3497 1082 3556 habebantur3
1126 3498 1513 3558 transigebantur
1540 3500 1667 3546 enim
1705 3513 1789 3562 per
1813 3504 2204 3552 comessationes.
2267 3504 2323 3551 In

39 3575 49 3618 k
88 3569 286 3620 Juliano
337 3572 542 3620 obscura
589 3570 954 3633 inaequalitatis
1004 3569 1175 3616 solaris
1224 3571 1500 3618 observatio
1550 3571 1596 3618 in
1645 3566 2007 3636 hoc‘cernitur,
2063 3577 2193 3638 quod
2240 3592 2324 3625 sex

41 3632 46 3684 ³.
89 3645 358 3705 mensibus„
387 3645 524 3692 initio
562 3644 690 3693 facto
729 3659 758 3692 a
796 3643 973 3690 Martio
1025 3640 1097 3705 (ut
1134 3643 1180 3688 in
1222 3655 1425 3703 quorum
1465 3643 1623 3692 medio
1662 3644 1745 3693 Sol
1786 3647 2087 3697 tardissimus
2126 3649 2323 3698 incede-

42 3715 52 3784 ’ρ
87 3717 204 3780 ret),
257 3717 423 3765 tributi
462 3723 575 3765 sunt
613 3716 717 3764 dies
762 3717 884 3773 184,
937 3714 1135 3775 reliquis
1182 3720 1370 3762 tantum
1415 3716 1529 3764 181.
1603 3717 1659 3765 In
1698 3732 1824 3768 anno
1865 3720 2091 3784 Dionysii
2131 3721 2321 3769 mathe-

43 3786 46 3800 ”
88 3790 248 3838 matici
285 3802 475 3838 menses
514 3805 542 3837 a
580 3791 731 3851 signis
770 3787 891 3837 coeli
932 3786 1225 3834 denominati
1266 3793 1398 3848 sunt,
1445 3787 1508 3839 ‹le‘
1528 3804 1724 3840 numero
1750 3797 1912 3842 tamen
1941 3793 2122 3843 dierum
2152 3794 2320 3859 cujus·-

90 3873 183 3923 que
217 3874 312 3910 non
352 3868 540 3911 constat
578 3861 735 3926 plane.
1699 3889 1701 3891 ν
