2560 4100
947 114 1017 160 De
1046 114 1257 172 Epitome
1288 115 1615 162 Astronomiae.
1779 106 1781 108 ’
2344 130 2411 179 37

303 263 580 314 Griigerns:
620 262 667 308 S
694 263 739 303 P.
773 262 915 304 Beasti
944 276 1031 317 me,
1071 263 1307 305 Clarissimo
1339 267 1380 303 et
1408 265 1771 307 Praestantissimo
1804 269 1890 322 Vir,
1924 270 2087 311 deliciis
2117 274 2283 312 tuarum
2314 271 2412 314 lite-

155 337 310 376 rarum,
341 323 411 365 28.
432 322 550 362 Febr.
581 322 795 375 datarum,
827 324 981 376 quibus
1012 322 1068 375 (4.
1091 323 1211 364 Junii
1242 323 1407 362 demum
1437 326 1637 376 acceptis)
1670 337 1744 374 ego
1775 328 1946 368 reddere
1976 342 2122 384 pares,
2156 334 2204 371 ut
2232 333 2413 371 maxime

155 383 299 432 velim,
341 376 425 420 non
454 391 646 434 possum,
690 382 907 421 tenuitatis
937 394 1054 422 meae
1084 382 1406 422 mathematicae
1437 385 1501 421 sat
1530 383 1635 422 mihi
1666 387 1869 426 conscius,
1931 387 2056 437 Quod
2086 401 2257 441 possum
2288 391 2412 443 facio,

154 440 297 481 saltem
328 443 376 479 ut
404 439 546 478 videas
577 440 764 479 animum
794 451 888 490 erga
918 444 958 480 te
987 445 1165 492 gratum,
1198 440 1264 480 cui
1284 442 1360 479 tua
1382 442 1705 481 communicasse
1736 446 1777 482 te
1807 455 1892 483 non
1923 449 2150 496 poeniteat.

295 513 435 552 Primo
468 513 651 551 omnium
682 512 734 552 ad
773 512 1080 554 mathematica.
1141 511 1460 563 Reprehendisti
1503 524 1589 566 me,
1636 513 1748 564 quod
1779 518 1820 553 et
1850 514 1926 554 alii
1967 517 2172 572 fecerunt,
2219 520 2271 559 ob
2304 522 2413 561 refu-

150 576 280 611 tatum
310 571 550 623 Nagelium,
594 572 668 610 sed
706 574 747 610 et
777 567 944 611 erexisti
975 574 1047 610 tuo
1080 571 1283 621 exemplo.
1344 570 1436 609 Non
1464 572 1590 638 potui
1627 572 1732 611 ferre
1773 570 1840 612 vel
1869 575 1986 623 vulgi
2015 575 2083 615 vel
2114 578 2238 617 etiam
2269 579 2412 619 litera-

148 634 284 670 torum
314 629 576 682 quorundam
606 628 906 683 vellicationes,
937 629 1155 679 Nagelium
1184 629 1267 668 niti
1292 629 1514 680 principiis
1547 631 1666 680 quasi
1698 630 1866 685 divinis,
1899 634 2167 683 astrologiam
2196 636 2411 692 0511010111,

146 690 237 727 imo
260 688 555 728 astronomiam
587 688 864 738 Tychonicam
901 686 1060 728 nullius
1098 699 1186 727 esse
1225 687 1396 729 valoris,
1456 687 1539 727 His
1581 689 1724 740 itaque
1766 689 1894 730 semel
1946 691 2104 731 discuss
2087 694 2142 732 <is
2191 695 2410 746 1101010010,

147 747 226 786 0151
254 747 391 786 adhuc
419 746 544 786 hodie
573 745 707 785 multa
727 748 1012 798 crepitantem,
1045 747 1183 786 valere
1200 747 1322 799 jussi,
1355 750 1396 786 et
1420 757 1544 797 nunc,
1575 747 1688 799 quod
1710 749 1856 798 exigis,
1889 761 2064 790 acumen
2089 749 2141 804 (si
2164 752 2243 792 diis
2263 755 2412 806 placet,

148 806 262 859 quod
292 806 371 844 tibi
407 805 524 857 loqui
563 803 681 854 libet)
711 806 1054 844 mathematicum
1096 804 1388 844 examinandis
1425 805 1509 844 tuis
1547 808 1589 844 et
1627 805 1816 846 Severini
1858 808 2024 860 scriptis
2063 808 2333 863 appellerem‚
2377 815 2412 853 si

148 864 290 903 datum
322 867 443 903 esset.
505 863 658 916 Egone,
691 865 763 915 qui
794 863 997 903 destituor
1030 863 1400 917 observationibus,
1435 864 1533 909 0110
1564 865 1748 915 ingenio,
1779 868 1922 905 tantae
1953 865 2055 906 moli
2084 869 2192 919 pari,
2225 882 2410 912 summo-

149 934 239 961 rum
269 923 348 961 hoc
378 922 564 972 tempore
604 925 933 962 astronomorum
979 933 1166 961 censeam
1205 922 1394 975 labores,
1438 933 1545 974 quos
1590 921 1715 972 longe
1762 935 1919 974 sequor
1951 929 1992 964 et
2032 928 2211 976 vestigia
2252 941 2412 981 semper

144 981 300 1020 adoro?
349 980 530 1020 Felicem
559 993 624 1020 me
655 981 862 1032 praedico,
897 981 1009 1031 quod
1038 979 1146 1020 alter
1177 981 1364 1019 amicitia
1401 992 1466 1019 me
1498 992 1576 1020 sua
1608 981 1781 1031 dignum
1822 984 2036 1036 aestimet3
2081 985 2254 1026 alterius
2286 990 2411 1028 etiam

144 1039 344 1086 (nondum
374 1039 485 1078 enim
515 1039 602 1078 ulla
631 1040 735 1080 mihi
765 1038 833 1078 vel
862 1051 935 1090 per
964 1038 1107 1078 literas
1139 1050 1233 1078 cum
1262 1039 1607 1088 Longomontano
1639 1037 1808 1093 notitia)
1841 1042 2073 1082 amicitiam
2105 1055 2170 1084 me
2198 1045 2411 1087 insinuare

142 1095 314 1151 vellem,
362 1099 398 1137 51
426 1098 550 1137 modo
583 1099 749 1151 scirem,
796 1109 881 1136 non
910 1098 1058 1150 inique
1087 1097 1269 1136 laturum
1301 1097 1429 1137 dubia
1460 1097 1662 1148 quaedam
1694 1111 1822 1150 eaque
1853 1111 1935 1139 non
1976 1112 2136 1157 pauca,
2185 1115 2236 1142 ex
2274 1105 2408 1155 ipsius

145 1157 410 1196 Astronomia
440 1156 599 1196 Danica
628 1157 726 1196 hinc
754 1155 853 1195 inde
885 1156 989 1195 mihi
1020 1154 1213 1206 collecta,
1254 1154 1399 1208 qualia
1431 1157 1465 1196 si
1495 1157 1540 1195 in
1571 1157 1674 1205 tuis,
1710 1158 1786 1196 Vir
1817 1158 2136 1215 humanissime,
2180 1162 2409 1213 deprehen-

144 1215 294 1266 derem,
323 1217 410 1265 J'am
439 1227 514 1266 pro
547 1219 697 1266 coepta
727 1216 836 1254 inter
866 1227 942 1254 nos
975 1215 1136 1254 sincera
1166 1215 1357 1253 amicitia
1386 1215 1433 1253 in
1464 1216 1603 1260 sinum
1634 1219 1751 1255 tuum
1775 1217 1985 1256 effundere
2017 1230 2099 1257 non
2130 1219 2408 1264 formidarem.

141 1274 195 1312 Et
224 1274 328 1313 satis
355 1276 440 1323 Jam
470 1274 668 1314 audacter
697 1277 770 1312 tua
798 1272 1095 1313 benevolentia
1119 1276 1234 1326 utor,
1283 1277 1324 1312 et
1355 1273 1624 1313 audaciorem
1657 1286 1704 1314 ea
1734 1287 1799 1314 me
1831 1276 1934 1315 facit
1965 1277 2009 1315 iu
2043 1277 2151 1331 dies,
2194 1279 2339 1331 itaque
2370 1285 2410 1320 et

139 1332 252 1383 hisce
289 1331 422 1373 literis
459 1333 662 1386 quaedam
691 1333 823 1372 libere
854 1333 1033 1384 praefari
1072 1343 1156 1371 non
1198 1333 1416 1387 erubesc0‚
1466 1344 1539 1382 spe
1577 1334 1746 1387 veniae,
1793 1345 1922 1386 quam
1966 1336 2050 1375 tuis
2094 1337 2261 1378 abunde
2306 1340 2410 1379 mihi

141 1390 334 1444 spondeS.

282 1465 469 1516 Eelipsin
502 1464 613 1505 Solis
652 1464 766 1518 quod
805 1476 855 1503 ex
895 1462 1120 1515 hypothesi
1159 1467 1230 1502 tua
1271 1474 1396 1516 quam
1435 1464 1625 1514 proxime
1668 1466 1921 1505 conformem
1964 1467 2249 1507 observationi
2290 1481 2408 1510 meae

140 1527 369 1575 supputare
398 1524 598 1576 potueris,
633 1523 824 1575 equidem
855 1523 977 1561 initio
1008 1521 1131 1561 valde
1161 1522 1355 1571 mirabar,
1389 1522 1694 1575 siquidemiego
1717 1536 1738 1563 0
1760 1523 2058 1575 Supplemento
2082 1526 2407 1576 Ephemeridum

140 1582 317 1636 Magini,
348 1594 431 1634 quo
464 1586 505 1621 et
533 1583 694 1622 bisecta
724 1580 835 1622 Solis
865 1581 1146 1621 eccentricitas
1182 1581 1420 1630 Tychonica
1450 1585 1491 1620 et
1522 1581 1923 1622 semidiametrorum
1954 1585 2115 1624 tabella
2144 1585 2196 1624 ad
2227 1591 2407 1627 mentem

139 1646 254 1680 tuam
283 1642 469 1680 confecta
499 1641 785 1694 continentur,
825 1640 996 1680 eandem
1035 1640 1158 1688 longe
1196 1641 1392 1689 maJ‘orem
1435 1643 1767 1690 supputaveram.
1830 1642 1913 1683 Sed
1941 1645 2031 1693 jam
2062 1643 2268 1684 calculum
2301 1658 2405 1686 con-

139 1700 288 1739 ferenti
317 1699 502 1750 prodidit
531 1712 574 1739 se
606 1700 748 1739 statim
777 1699 955 1739 latitudo
979 1699 1135 1751 Lunae,
1167 1702 1252 1737 tam
1283 1710 1377 1738 vera
1398 1710 1525 1751 quam
1551 1699 1653 1753 visa,
1685 1703 1817 1750 major
1837 1696 1970 1742 mea.x
1992 1702 2219 1742 Excessum
2252 1703 2402 1744 deinde

137 1757 375 1798 latitudinis
405 1770 539 1804 verae
558 1758 645 1797 vidi
675 1759 775 1797 oriri
804 1758 955 1811 partim
988 1769 1009 1796 e
1038 1757 1298 1808 promotione
1335 1757 1461 1809 nodi,
1510 1759 1662 1808 partim
1704 1771 1725 1797 e
1764 1763 1928 1798 mutata
1965 1761 2186 1800 eccentrici
2226 1762 2403 1803 Lunaris

141 1815 407 1870 obliquitate
450 1828 555 1869 quae
585 1817 667 1855 tibi
696 1817 739 1855 in
772 1817 933 1867 copulis
964 1817 1169 1864 maxima,
1211 1815 1399 1866 Tychoni
1438 1815 1624 1857 minima.
1686 1816 1852 1857 Ηο1105
1867 1821 1908 1857 01
1939 1819 2024 1857 0110
2053 1820 2097 1858 10
2129 1820 2349 1861 lunaribus
2380 1835 2407 1862 a.

140 1876 334 1925 Tychone
366 1875 542 1916 diversa.
603 1874 783 1915 Proinde
812 1872 939 1914 facile
971 1874 1092 1927 cedo,
1134 1878 1179 1912 111
1221 1874 1343 1913 modo
1376 1875 1492 1926 vide,
1532 1878 1579 1913 ut
1615 1875 1883 1926 postmodum
1923 1878 2174 1928 hypotheses
2206 1884 2305 1920 tuae
2335 1893 2401 1920 re-

138 1934 371 1985 spondeant
399 1935 760 1974 observationibus
793 1934 1034 1986 eclipsium‚
1075 1944 1159 1972 non
1192 1933 1338 1973 harum
1366 1933 1513 1987 modo,
1559 1934 1632 1973 sed
1671 1939 1773 1985 quot
1812 1939 1885 1974 aut
1926 1937 2094 1976 fuerunt
2126 1934 2165 1990 (a
2196 1939 2402 1989 Tychone,

135 1993 370 2033 Ptolemaeo
402 1990 660 2045 observatae)
691 1997 763 2032 0111
793 1993 965 2044 posthac
994 1993 1091 2031 aliis
1124 1995 1244 2031 crunt
1272 1990 1317 2032 ih
1349 1993 1487 2034 annis.
1548 1993 1755 2045 Equidem
1786 1994 1965 2043 ingenue
1996 1996 2157 2050 fateor,
2192 2009 2285 2037 cum
2315 2000 2403 2049 pri-

137 2063 250 2092 mum
280 2051 578 2103 praefationem
608 2055 721 2091 tuam
752 2053 797 2091 in
828 2050 1146 2102 Ephemeridem
1176 2051 1275 2090 anni
1310 2052 1433 2092 1617.
1465 2052 1657 2105 legerem,
1687 2063 1772 2091 non
1804 2054 2024 2107 placuisse,
2057 2055 2172 2107 quod
2202 2057 2401 2110 pleraque

134 2112 178 2150 in
208 2111 509 2162 hypothesibus
538 2111 807 2150 luminarium
837 2110 1087 2160 Tychonicis
1118 2111 1416 2151 immutaveris.
1474 2111 1571 2158 Quo
1602 2109 1795 2165 tandem,
1828 2112 2027 2165 inquam,
2061 2125 2136 2153 nos
2167 2118 2402 2155 vertamus⁰

136 2169 314 2219 Quando
346 2169 410 2209 vel
443 2170 538 2222 quis
567 2170 663 2209 finis
694 2169 1034 2209 emendationum
1066 2171 1108 2207 et
1135 2169 1462 2208 limitationumv
1494 2170 1543 2208 In
1568 2143 1859 2210 Astronom⁷ica
1891 2172 2016 2210 etiam
2039 2172 2244 2227 Epitome‚
2278 2187 2402 2227 quam

134 2228 255 2267 avide
284 2227 503 2278 legendam
534 2229 707 2279 arripui,
737 2228 827 2268 vidi
855 2227 978 2277 longe
1008 2228 1133 2278 plura
1162 2228 1365 2267 hactenus
1395 2226 1573 2268 insolita
1593 2239 1742 2280 meque
1773 2230 2004 2280 turbantia,
2036 2232 2139 2301 quia
2169 2230 2402 2274 intellectui

134 2298 225 2326 meo
255 2285 470 2327 difficilia·
501 2298 628 2340 quare
657 2283 812 2327 librum
843 2287 1034 2340 seposui,
1079 2286 1210 2326 (10000
1241 2287 1411 2326 tabulae
1440 2285 1753 2341 Rudolphinae,
1785 2291 1850 2327 tot
1880 2301 2013 2329 annos
2040 2292 2131 2341 jam
2161 2293 2401 2344 promissae,

134 2357 307 2401 quarum
339 2347 466 2386 etiam
496 2346 700 2386 desiderio
725 2347 815 2397 jam
846 2347 1107 2398 contabesco,
1139 2345 1246 2385 forte
1275 2346 1410 2386 lucem
1440 2347 1507 2385 illi
1539 2346 1623 2386 sint
1654 2344 1867 2387 allaturae.

275 2446 582 2511 Keplerus
624 2447 878 2511 respondit
917 2447 988 2512 (9.
1027 2446 1160 2510 Sept.
1207 2445 1387 2513 1624):
1461 2447 1596 2510 Quas
1636 2448 1873 2513 scripsisti
1911 2451 1975 2500 ad
2012 2466 2090 2501 me
2135 2451 2398 2515 15„Julii‚

140 2521 229 2569 Vir
270 2520 550 2570 clarissime
583 2521 826 2584 juxtaque
864 2522 1184 2583 amicissime,
1230 2523 1277 2569 7.
1318 2521 1452 2585 Sept.
1494 2523 1688 2585 accepi,
1739 2522 1802 2572 ad
1843 2539 1964 2587 quas
2001 2530 2137 2574 tanto
2174 2525 2403 2576 libentius

139 2594 438 2658 respondeO,
480 2601 662 2658 quanto
702 2601 753 2644 tu
792 2595 1029 2658 majorem
1067 2594 1143 2643 his
1181 2594 1334 2644 literis
1374 2597 1703 2644 accessionem
1740 2597 1899 2646 fecisti
1952 2598 2014 2647 ad
2053 2613 2189 2661 spem
2226 2615 2401 2663 meam,

135 2668 236 2717 sore
274 2674 327 2716 ut
367 2667 491 2717 haec
529 2674 695 2717 nostra
731 2683 818 2732 per
855 2668 1024 2718 literas
1053 2670 1362 2718 conversatio
1415 2683 1512 2717 non
1551 2671 1655 2718 sine
1695 2669 1852 2720 fructu
1899 2672 2195 2735 reipublicae
2231 2673 2401 2723 litera-

139 2743 239 2790 riae
279 2743 602 2791 continuetur.
679 2742 782 2791 Nec
818 2741 1042 2805 pluribus
1081 2742 1373 2805 ambagibus
1412 2756 1532 2791 usus
1574 2742 1637 2791 ad
1675 2758 1752 2792 res
1785 2745 1919 2808 ipsas
1958 2744 2153 2807 accedO,
2197 2761 2401 2809 quarum

134 2817 290 2878 prima
341 2821 418 2864 est
468 2814 527 2863 de
577 2815 771 2865 calculo
823 2817 1094 2880 eclipsium‚
1174 2814 1317 2878 Quod
1371 2818 1520 2881 igitur
1571 2831 1768 2878 mones,
1826 2823 1881 2866 ut
1926 2817 2224 2883 hypotheses
2276 2822 2399 2871 istae

136 2902 278 2938 meae
316 2886 450 2955 (nam
487 2889 536 2935 in
576 2889 796 2937 minutiis
834 2888 969 2938 hisce
1007 2903 1148 2938 meae
1186 2895 1332 2951 sunt,
1366 2891 1415 2937 in
1453 2890 1523 2938 rei
1562 2905 1751 2938 summa
1789 2887 2056 2958 Tychonis)
2095 2892 2400 2944 observatio-

135 2962 283 3011 nibus
334 2962 589 3025 eclipsium
639 2961 995 3025 respondeant,
1051 2962 1281 3011 confirmo
1333 2977 1424 3026 ego
1477 2962 1596 3022 tibi,
1648 2962 1770 3010 nihil
1821 2964 1915 3013 hac
1963 2979 2077 3014 cura
2123 2981 2201 3016 me
2247 2969 2396 3031 prius,

135 3034 255 3084 nihil
293 3036 541 3098 antiquius
578 3034 826 3085 habuisse.
884 3034 1002 3085 Jam
1041 3037 1171 3085 enim
1222 3050 1349 3084 anno
1395 3037 1549 3083 1622.
1589 3035 1857 3085 Novembri
1907 3038 2101 3087 exhibui
2138 3040 2397 3091 Caesaria-

135 3110 211 3157 nis
246 3108 535 3158 consiliariis
573 3107 809 3174 libellum,
868 3109 919 3157 in
957 3122 1054 3172 quo
1095 3109 1303 3172 eclipses
1344 3108 1563 3157 Lunares
1606 3108 1688 3170 50,
1728 3111 1904 3173 partim
1944 3128 1973 3161 a
2010 3127 2114 3174 me,
2153 3115 2328 3176 partim
2367 3131 2398 3164 a

137 3181 369 3245 Tychone
409 3181 522 3231 inde
561 3182 623 3231 ab
662 3188 792 3231 anno
838 3183 991 3230 1572.
1034 3182 1345 3242 observatas,
1394 3182 1586 3243 gemino
1627 3182 1814 3232 calculo
1854 3187 2157 3248 examinavi,
2197 3187 2396 3252 Tycho-

138 3257 248 3303 nico
295 3261 344 3304 et
382 3254 499 3316 1100,
548 3256 588 3303 si
635 3255 821 3319 placet,
873 3270 1008 3315 meo,
1064 3254 1364 3317 adjunxique
1416 3258 1803 3319 comparationes
1852 3260 2174 3308 membrorum
2221 3261 2394 3312 calculi

137 3328 411 3391 utriusque,
464 3330 511 3376 in
550 3328 756 3392 singulis
813 3327 1076 3392 eclipsibus
1124 3342 1363 3376 summam
1415 3330 1616 3377 rationis
1667 3329 2037 3394 ingredientium
2084 3335 2171 3391 (cfr.
2204 3341 2286 3381 vol.
2320 3342 2391 3379 111.

137 3418 178 3457 p.
207 3409 290 3447 550
321 3406 409 3456 ss).
486 3401 541 3449 In
582 3404 649 3450 rei
688 3416 878 3450 summa
915 3401 1118 3465 propius
1158 3399 1222 3449 ad
1259 3415 1461 3466 scopum
1501 3403 1636 3452 venit
1673 3418 1810 3452 meus
1839 3403 2055 3455 calculus
2099 3406 2391 3470 exhibetque

137 3471 255 3521 locis
293 3476 579 3537 opportunis
619 3474 868 3525 evidentia
906 3478 1220 3538 argumenta,
1272 3480 1402 3524 recte
1440 3489 1470 3523 a
1508 3490 1586 3525 me
1624 3483 1880 3540 susceptas
1931 3494 2038 3529 esse
2078 3482 2389 3529 mutationes.

141 3542 315 3607 Quoad
366 3548 585 3611 singulas
635 3562 752 3597 vero
790 3548 1024 3612 eclipses,
1082 3546 1242 3595 adhuc
1291 3550 1473 3612 passim
1524 3549 1819 3600 dissentiunt
1865 3553 2054 3602 articuli
2101 3559 2388 3617 temporum,

139 3617 376 3668 interdum
425 3635 580 3684 usque
632 3621 695 3671 ad
747 3621 897 3671 horae
936 3620 1282 3685 quadrantem,
1338 3624 1613 3685 quantitate
1666 3638 1783 3673 vero
1821 3626 2100 3688 partialium
2140 3626 2390 3690 eclipsium

143 3690 380 3741 interdum
418 3692 579 3744 adhuc
615 3694 818 3745 ulterius
858 3694 1041 3745 vellent
1078 3699 1306 3744 extensas
1347 3710 1455 3746 esse
1492 3699 1788 3748 mutationes
1826 3713 1988 3762 meas,
2027 3700 2098 3748 ita
2134 3706 2188 3748 ut
2225 3699 2388 3762 suspi-

141 3762 238 3809 cari
275 3776 432 3828 cogar,
474 3769 648 3831 opticis
701 3769 971 3818 rationibus
1010 3766 1140 3827 fieri,
1195 3773 1250 3817 ut
1295 3770 1467 3819 umbra
1504 3770 1683 3819 Terrae
1729 3777 1926 3836 propter
1971 3774 2388 3836 interpositionem

142 3834 346 3899 aiicujus
382 3837 614 3904 diaphani
651 3842 776 3891 inter
812 3840 977 3893 Solem
1017 3844 1066 3890 et
1104 3839 1302 3892 Terram
1340 3857 1436 3893 non
1474 3844 1620 3910 plane
1648 3843 1993 3895 diametraliter
2030 3844 2203 3894 inillis
2243 3858 2384 3894 enor-
