2554 4140
239 126 337 174 172
799 118 801 121 ⁴
942 127 948 135 ’
1060 119 1294 177 Epitomes
1324 119 1638 165 Astronomiae

237 271 290 317 in
329 268 675 318 rotunditatem
713 269 1030 330 comprimens
1069 273 1117 316 et
1153 272 1288 316 rotae
1325 281 1646 330 praeparans,
1687 265 1774 315 sed
1812 271 1884 315 est
1919 269 2167 330 perenniS,
2207 267 2476 329 continuae,

239 345 286 390 in
329 357 425 389 una
463 336 681 403 qualibet
717 341 1021 389 revolutione
1058 339 1331 403 aequabilis
1367 354 1454 402 per
1488 346 1652 402 partes
1687 343 1735 388 et
1771 346 2022 402 constans3
2060 340 2183 388 adeo
2222 347 2275 388 ut
2313 340 2476 389 diver·

240 429 403 463 sarum
439 412 797 462 revolutionum
834 413 1158 476 inaequalitas
1195 415 1279 462 vix
1318 418 1367 460 et
1403 426 1463 460 ne
1501 414 1584 460 vix
1623 411 1818 474 quidem
1856 412 2179 461 animadverti
2214 415 2384 475 possit.

383 486 627 548 Respectu
663 485 799 548 globi
838 488 986 534 totius
1025 491 1072 534 et
1108 487 1317 547 partium
1355 484 1509 533 forma
1557 484 1662 546 ejus
1701 490 1774 533 est
1819 487 1868 532 in
1907 485 2259 534 orbicularibus
2297 487 2477 533 instru-

238 559 426 619 mentis,
469 573 594 621 quae
632 557 886 607 decurrunt
912 562 959 605 in
986 559 1136 606 tornis
1174 555 1552 605 metallariorum
1575 560 1624 604 in
1651 551 1852 605 eandem
1890 560 2114 607 continue
2139 558 2352 621 plagam,
2390 573 2478 607 nec

235 630 378 680 valde
416 630 652 679 absimilis
692 637 765 679 est
802 637 975 701 motus„
999 633 1049 676 in
1087 629 1385 689 turbinibus,
1434 643 1556 691 quos
1594 631 1731 691 pueri
1766 630 1994 679 funiculis
2032 644 2261 679 excussos
2298 636 2475 691 rotant,

235 718 343 751 cum
382 703 581 766 cuspide
619 706 666 750 in
705 704 926 765 planitiei
965 708 1145 751 certum
1184 707 1415 764 punctum
1455 703 1668 765 impacti,
1709 702 1866 751 eidem
1896 704 2210 751 immorantur
2236 705 2359 752 inter
2395 717 2478 751 ro·
2550 761 2554 771 ἶ

232 775 430 824 tandum
482 776 619 825 velut
647 776 958 824 immobiles,
1036 774 1160 822 Sunt
1214 774 1539 836 enimrglobo
1579 773 1788 823 Telluris
1839 774 1934 824 du'o
1987 782 2169 838 puncta
2218 790 2277 824 ex
2317 789 2474 839 oppo-

231 850 336 897 sitis
386 849 491 911 ejus
537 849 781 911 partibuS,
836 862 962 910 quae
1009 847 1349 895 mathematice
1401 853 1561 896 sumta
1597 861 1695 895 non
1729 854 2022 909 moventur,
2072 847 2159 897 sed
2195 863 2282 910 per
2318 855 2472 897 totam
2538 905 2543 908 p

236 920 414 970 Terrae
450 921 749 970 volutionem
803 917 896 969 sub
937 919 1127 968 duobus
1179 919 1301 968 coeli
1339 923 1529 981 punctis
1570 921 1806 982 oppositis
1845 923 2122 983 quieseunt,
2171 927 2226 969 ut
2264 926 2313 970 et
2349 921 2480 969 linea

236 999 525 1042 connectens
575 995 670 1040 ista
722 992 899 1040 Terrae
951 998 1132 1054 puncta
1177 993 1301 1041 inter
1350 1006 1419 1040 se.
1506 992 1676 1041 Partes
1723 993 1994 1055 superficiei
2042 994 2231 1041 vicinae
2286 995 2477 1055 punctis

231 1065 363 1115 hisce
402 1066 664 1115 volvuntur
702 1068 750 1112 in
790 1064 993 1113 circulos
1030 1079 1213 1127 parvos
1252 1070 1300 1114 et
1338 1067 1407 1113 sic
1445 1065 1603 1126 tarde,
1649 1073 1811 1128 partes
1867 1067 2146 1114 remotiores
2186 1068 2233 1113 in
2274 1066 2478 1115 circulos

230 1140 438 1202 majores
479 1145 526 1187 et
563 1140 633 1186 sic
674 1137 903 1199 celerius,
943 1144 1106 1234 partes
1143 1137 1251 1186 loco
1290 1139 1508 1200 praecise
1548 1138 1832 1187 intermedio
1871 1140 1921 1185 in
1961 1137 2190 1188 circulum
2216 1141 2477 1187 maximum
2552 1198 2554 1202 Α

241 1217 288 1260 et
325 1214 394 1259 sic
431 1210 690 1260 celerrime.
2547 1212 2551 1223 ’

378 1285 519 1348 Quae
543 1298 725 1332 causae
761 1290 806 1331 te
842 1290 1039 1346 coqunt,
1078 1283 1476 1332 turbinationem
1514 1286 1662 1331 istam
1697 1282 1908 1346 Telluris
1944 1284 2257 1346 aequabilem
2295 1291 2341 1332 et
2376 1287 2479 1333 cir—

233 1358 457 1406 cularem
494 1357 720 1418 ponere?
758 1357 1088 1421 Experientia
1138 1356 1537 1404 observationum
1589 1355 1886 1404 coelestium.
1981 1356 2199 1405 Braheus
2253 1358 2479 1406 utebatur
2549 1370 2554 1411 f

231 1430 445 1490 armillis,
484 1429 576 1478 hoc
617 1434 690 1476 est
729 1416 918 1477 circulis
955 1429 1182 1492 perfectis
1220 1430 1291 1478 sic
1328 1429 1516 1489 erectis,
1557 1434 1610 1476 ut
1647 1429 1751 1476 axis
1789 1443 1954 1477 eorum
1993 1428 2057 1477 ad
2083 1444 2297 1492 unguem
2335 1443 2478 1493 super

230 1503 378 1565 plana
426 1503 642 1564 ipsorum
689 1507 838 1550 staret
890 1507 1100 1562 eiectus,
1161 1516 1246 1564 per
1302 1507 1465 1550 centra
1513 1500 1706 1549 illorum
1758 1502 2056 1564 trajiceretur
2108 1503 2256 1565 inque
2309 1503 2477 1566 polum
2550 1531 2554 1551 ;

229 1575 394 1623 mundi
433 1574 730 1637 dirigeretur,
807 1574 960 1623 Linea
996 1575 1180 1635 visiva,
1231 1575 1446 1623 incidens
1484 1575 1531 1621 in
1570 1573 1787 1636 aliquam
1826 1580 2005 1624 certam
2043 1575 2250 1633 stellam,
2290 1590 2467 1638 proce·
2543 1575 2554 1640 ἶ

231 1648 377 1697 debat
415 1662 472 1695 ex
511 1661 607 1695 uno
644 1647 809 1710 aliquo
848 1654 1027 1710 puncto
1053 1649 1327 1710 gnomonis,
1367 1648 1611 1709 attingens
1637 1654 1904 1696 extremum
1943 1647 2160 1697 armillae
2196 1651 2476 1711 marginem.
2548 1695 2549 1698 ,

228 1722 382 1784 Igitur
420 1719 673 1769 attendens
712 1720 775 1768 ad
813 1723 1067 1769 transitum
1105 1719 1276 1769 stellae
1315 1735 1399 1784 per
1435 1726 1622 1805 partem
1650 1735 1876 1783 magnam
1916 1722 1991 1769 sui
2019 1722 2260 1781 circuitus,
2301 1736 2473 1771 nume·

228 1808 334 1842 rare
379 1793 551 1842 solitus
607 1799 681 1842 est
728 1800 891 1860 partes
929 1793 1177 1854 armillae,
1232 1792 1360 1842 ultra
1409 1795 1599 1855 signum
1650 1793 1895 1843 immobile
1950 1793 2144 1842 volutas
2184 1808 2294 1843 cum
2331 1794 2477 1844 stella
2542 1799 2547 1860 ζ

232 1872 525 1927 transeunte,
566 1872 613 1915 et
650 1865 923 1915 adscribere
960 1866 1109 1915 horae
1148 1868 1387 1914 minutum
1426 1868 1669 1928 etiamque
1707 1868 1879 1914 minuti
1917 1873 2078 1930 partes
2118 1882 2177 1915 ex
2215 1869 2478 1916 automatis
2544 1878 2550 1921 1

232 1939 595 2004 clepsydrisque
633 1940 983 2002 praesentibus
1059 1939 1259 2002 Semper
1296 1941 1443 2002 igitur
1479 1940 1667 1987 minuta
1702 1941 1931 2002 temporis
1966 1939 2324 2002 respondebant
2360 1955 2478 2003 pro·
2536 1937 2549 1992 .'

232 2014 453 2075 portione
492 2018 623 2061 certa
661 2014 920 2074 quantitati
962 2011 1236 2060 volutorum
1274 2026 1496 2078 arcuum,
1549 2026 1738 2074 semper
1779 2012 1922 2061 stella
1958 2015 2007 2059 in
2047 2012 2219 2062 eodem
2257 2013 2476 2062 armillae

232 2088 450 2149 margine
489 2087 738 2134 circumire
785 2087 892 2134 visa
932 2090 1031 2145 est,
1086 2099 1333 2148 nunquam
1372 2086 1434 2133 ab
1474 2084 1559 2133 illo
1599 2084 1844 2134 discedere
1885 2091 2174 2146 extrorsum,
2229 2099 2477 2150 nunquam
2540 2118 2549 2149 ᾗ

233 2165 345 2221 post
394 2158 532 2206 illum
579 2157 826 2207 abscondi.
905 2157 1193 2226 Aequabilis
1245 2158 1392 2220 igitur
1438 2164 1484 2206 et
1532 2157 1777 2222 circularis
1830 2164 1991 2207 motus
2040 2164 2114 2207 est
2151 2160 2295 2208 unica
2331 2160 2478 2223 hujus
2539 2159 2554 2224 ζ

234 2233 548 2294 apparentiae
588 2246 749 2279 causa.

374 2303 676 2367 Suffragatur
713 2308 760 2351 et
796 2303 936 2350 ratio.
1015 2301 1136 2350 Cum
1175 2305 1302 2351 enim
1339 2302 1495 2364 figura
1532 2302 1710 2352 Terrae
1747 2305 1812 2351 sit
1845 2302 2114 2366 sphaerica,
2155 2309 2314 2353 motus
2356 2317 2476 2354 con-

233 2375 499 2440 vo'lutionis
538 2376 662 2424 alius
703 2390 850 2438 quam
887 2374 1130 2423 circularis
1171 2377 1296 2424 cirea
1333 2390 1473 2443 artem
1512 2377 1556 2424 ei
1594 2390 1690 2424 non
1727 2375 1930 2439 pulchre
1970 2383 2227 2439 competet.
2283 2377 2478 2427 Etcum

231 2451 338 2512 ipsa
375 2451 438 2497 sit
457 2449 767 2512 undiquaque
806 2447 977 2508 solida,
1018 2450 1092 2496 sui
1118 2447 1278 2510 plena,
1319 2463 1406 2497 nec
1434 2450 1694 2512 quicquam
1734 2451 1944 2498 exterius
1970 2457 2204 2510 occurrat,
2245 2449 2308 2498 ad
2343 2449 2476 2512 quod

235 2522 463 2583 offendat,
504 2522 710 2570 facultas
749 2522 895 2569 etiam
932 2522 1037 2569 sive
1065 2521 1286 2570 animalis
1323 2520 1428 2571 sive
1454 2522 1707 2586 naturalis,
1746 2522 2085 2570 turbinationis
2124 2522 2268 2585 hujus
2295 2529 2476 2584 auctor,
2539 2517 2546 2523 ’

240 2602 434 2658 propter
471 2597 818 2658 perennitatem
844 2603 940 2642 non·
965 2595 1117 2656 possit
1145 2594 1243 2642 alia
1270 2595 1591 2643 verisimiliter
1616 2597 1778 2655 statui,
1820 2609 1964 2657 quam
1993 2601 2219 2644 constans
2246 2602 2295 2644 et
2319 2602 2478 2645 certae

234 2670 558 2731 proportionis
598 2681 791 2716 suarum
831 2668 1001 2714 virium
1040 2667 1101 2714 ad
1126 2670 1358 2716 materiae
1398 2669 1618 2716 inertiam
1658 2680 1744 2716 seu
1780 2668 2109 2716 renitentiam:
2148 2671 2271 2717 ratio
2311 2670 2476 2732 itaque
2547 2680 2554 2685 ”

240 2741 373 2789 nulla
413 2742 632 2802 occurrit,
674 2754 757 2789 cur
793 2744 952 2788 motus
992 2741 1096 2802 ipse
1134 2755 1231 2788 non
1268 2741 1331 2788 sit
1369 2740 1430 2788 ad
1471 2747 1640 2804 typum
1673 2755 1851 2790 causae
1890 2755 2008 2789 suae
2033 2741 2473 2803 aequabilissimus,

235 2814 395 2863 demto
435 2816 576 2862 unico
617 2827 851 2862 concursu
891 2826 1144 2860 causarum
1182 2814 1448 2872 monicum,
1491 2813 1550 2862 de
1591 2827 1687 2875 quo
1725 2815 1775 2860 in
1817 2812 2034 2862 doctrina
2072 2814 2300 2863 theorica.
2353 2814 2477 2863 Nam

234 2887 312 2934 hic
349 2901 466 2937 sane
494 2901 756 2936 concursus
796 2884 859 2934 ad
885 2884 1136 2933 modulum
1162 2900 1280 2935 suae
1317 2887 1658 2954 proportionis
1674 2886 1971 2935 levissimam
2011 2887 2227 2967 aliquam
2254 2893 2480 2936 causatur
2510 2912 2515 2917 -

236 2960 634 3022 inaequalitatem
675 2958 825 3007 veluti
864 2973 948 3021 per
985 2957 1223 3006 accidens.

384 3033 539 3080 Radit·
566 3033 694 3082 Solis
718 3047 808 3095 per
831 3033 1067 3095 foramen
1091 3033 1302 3079 immissi
1339 3038 1548 3079 tremere
1570 3037 1852 3079 cernuntur
1888 3034 1944 3079 in
1968 3033 2288 3092 pavimento.-
2322 3046 2480 3081 num-

240 3104 364 3167 quid
400 3105 453 3152 id
481 3112 842 3167 aryumentum
881 3110 948 3152 est
985 3105 1282 3167 trepidantis
1318 3110 1482 3153 motus
1527 3104 1746 3152 Terrae?
1781 3103 1906 3164 Non,
1947 3111 2059 3152 sunt
2098 3106 2225 3152 enim
2263 3107 2479 3154 tremoris

243 3177 387 3239 hujus
427 3192 603 3226 causae
643 3178 791 3226 aliae:
832 3179 1038 3240 primum
1075 3173 1241 3225 radius
1281 3192 1339 3225 ex
1378 3176 1477 3225 alto
1504 3176 1787 3241 demittitur,
1828 3183 1878 3223 at
1908 3178 2070 3224 omnia
2108 3178 2154 3223 in
2179 3177 2334 3226 altum
2371 3193 2480 3226 sur-

240 3255 371 3298 recta
407 3256 580 3298 nutant
620 3257 667 3298 et
704 3255 935 3309 tremunt,
990 3250 1199 3312 impulsa
1255 3251 1571 3298 concussione
1609 3249 1730 3309 soli,
1783 3249 1977 3297 flatibus
2017 3254 2297 3311 ventorum,
2349 3251 2481 3300 sonis

237 3324 381 3371 etiam
431 3327 478 3371 et
526 3337 650 3385 quae
703 3323 799 3371 alia
852 3323 1021 3371 diurno
1074 3329 1290 3385 tempore
1345 3322 1478 3370 fiunt.
1553 3322 1742 3371 Deinde
1787 3321 1952 3369 radius
2004 3336 2089 3384 per
2139 3326 2297 3371 ae‘rem
2345 3325 2478 3386 prius

236 3396 421 3455 transit,
462 3398 543 3443 ae'r
580 3409 695 3443 vero
735 3397 959 3443 miscetur
999 3397 1224 3444 continue
1263 3402 1311 3444 et
1348 3401 1682 3444 momentanee
1721 3393 1899 3442 diversi
1936 3397 2124 3457 generis
2153 3396 2479 3444 exhalationi-

244 3469 357 3528 bus,
399 3469 680 3531 praesertim
719 3468 876 3515 calore
917 3466 1043 3516 Solis
1084 3468 1253 3516 diurno
1294 3470 1484 3517 excitis:
1533 3483 1617 3531 per
1656 3466 1764 3515 illas
1802 3469 1947 3530 igitur
1983 3467 2106 3516 radii
2145 3469 2490 3531 refringantur,

156 3550 165 3561 ·
239 3542 588 3589 momentaneis
628 3542 772 3588 etiam
814 3539 1225 3589 undulationibuS.

327 3600 333 3646 s
382 3614 448 3661 In
497 3615 637 3661 omni
682 3612 836 3660 motu'
871 3613 1020 3660 locali
1056 3628 1244 3661 necesse
1281 3620 1373 3674 est,
1421 3620 1628 3675 praeter
1665 3612 1718 3659 id
1754 3612 1889 3674 quod
1936 3614 2100 3661 locum
2132 3621 2361 3674 praestat
2398 3616 2479 3662 in·
2552 3653 2554 3668 Α

239 3700 392 3748 super
427 3687 578 3734 etiam
619 3685 765 3733 aliud
800 3684 997 3746 aliquid
1032 3685 1212 3733 habere
1248 3690 1499 3735 rationem
1538 3688 1852 3748 quiescentis,
1892 3689 1974 3734 cui
2010 3693 2173 3734 motus
2208 3689 2478 3748 innitatur,

239 3766 299 3807 ut
337 3761 393 3807 in
434 3765 578 3807 torno
615 3757 860 3819 cuspides,
910 3759 965 3804 in
1003 3757 1203 3805 turbine
1238 3760 1500 3820 planities,
1540 3762 1596 3806 in
1633 3759 1807 3814 volatu
1846 3763 1950 3819 ae’r,
1988 3761 2045 3806 in
2070 3765 2257 3808 natatu
2293 3759 2478 3820 undae,

240 3835 296 3880 in
333 3828 526 3881 incessu
575 3829 758 3881 Terra.-
798 3844 1000 3896 quaero,
1042 3829 1166 3894 quid
1201 3833 1256 3879 in
1294 3833 1386 3883 hac
1422 3832 1763 3883 turbinatione
1809 3831 1993 3880 Terrae
2028 3834 2278 3881 rationem
2316 3835 2478 3897 quies·-
