2554 4140
830 135 970 182 Liber
1001 136 1179 182 Sextus.
1236 136 1347 181 Pars
1378 136 1542 180 Prima.
2203 137 2310 184 435

69 284 115 334 d.
162 286 259 333 18⁷
298 286 457 332 minus
493 283 542 333 h.
582 286 630 331 4.
673 285 774 345 38‘,
825 284 979 334 hiems
1017 285 1304 335 brevissima
1342 282 1527 331 dierum
1572 283 1671 330 178
1706 281 1753 330 h.
1800 282 1882 330 10.
1926 283 2039 329 27¹..
2106 279 2164 327 Id
2203 280 2311 327 fac-

66 366 186 416 tum,
226 371 323 420 quo
359 363 574 418 tempore
602 356 730 405 Solis
769 371 1041 420 apogaeum
1078 359 1127 404 in
1164 355 1227 405 0⁰
1266 352 1332 421 ὓ
1370 355 1476 416 fuit,
1516 356 1641 403 circa
1674 369 1850 403 annum
1882 355 2019 401 1260
2047 369 2076 401 a
2104 352 2311 401 Christo.

69 432 137 478 At
177 434 223 477 in
261 431 496 492 principio
535 429 703 477 mundi
741 435 1016 492 apogaeum
1066 436 1170 479 erat
1216 443 1323 478 cum
1374 434 1555 490 puncto
1596 426 1963 488 aequinoctiali:
2015 433 2130 474 tunc
2168 427 2315 488 igitur

66 502 298 565 aequales
335 508 498 550 aestas
538 508 586 550 et
621 502 794 551 hiems.
870 503 1017 552 Libro
1056 502 1170 551 V11.
1209 501 1551 564 explicabitur,
1599 514 1725 562 quae
1763 499 1875 547 hinc
1911 505 2139 548 nascatur
2177 500 2314 547 inae-

4 628 13 636 ,
67 575 278 637 qualitas
317 587 569 623 annorum.

214 661 477 724 Quomodo
515 662 752 710 discimus
789 666 1142 726 aequationem
1184 661 1351 711 Solis?
1397 660 1471 708 Ex
1519 658 1765 707 anomalia
1803 658 1931 707 Solis
1971 673 2156 720 annua,
2209 673 2315 708 me-

66 733 215 783 thodo
253 748 401 796 supra
437 733 561 783 libro
599 735 663 785 V.
704 735 896 783 tradita.
1832 775 1836 781 i

217 805 355 869 Quid
389 813 457 854 est
494 809 757 857 anomalia
794 807 1012 857 annua?
1051 808 1183 859 [dem
1220 808 1269 854 in
1297 804 1411 854 Sole
1451 803 1583 866 quod
1622 805 1666 851 in
1696 804 1919 851 omnibus
1961 808 2032 852 est
2070 803 2316 852 anomalia

64 877 247 938 media,
290 881 557 938 eccentrici,
599 880 679 929 vel
729 886 1000 943 coaequata
1036 880 1150 930 sere.
1226 880 1352 940 Ergo
1390 877 1655 926 secundum
1695 877 1962 924 doctrinam
2003 876 2110 923 libri
2162 879 2317 938 quinti

66 950 339 999 definienda
391 958 466 1000 est
516 952 762 1002 anomalia
813 953 990 1002 Terrae
1044 952 1204 1002 media
1252 965 1339 1014 per
1385 964 1546 999 aream
1601 947 1756 1010 GOP,
1819 949 2062 996 anomalia
2112 951 2317 996 eccentri

62 1037 149 1086 per
185 1036 350 1072 arcum
389 1026 577 1075 orbitae
618 1025 730 1090 GP,
777 1026 1024 1074 anomalia
1071 1030 1344 1087 coaequata
1383 1037 1469 1086 per
1506 1023 1738 1086 angulum
1779 1020 1912 1070 GOP
1953 1021 2014 1069 ad
2055 1018 2097 1068 O
2138 1021 2314 1081 Solem,

66 1097 467 1160 comprehensum
505 1100 629 1146 inter
665 1098 819 1146 lineas
860 1097 979 1157 OG,
1023 1097 1132 1158 ΟΡ,
1185 1113 1244 1146 ex
1283 1096 1412 1146 Solis
1451 1101 1613 1145 centro
1655 1093 1696 1143 O
1734 1109 1833 1157 per·
1858 1094 2103 1158 aphelium
2141 1094 2318 1142 Terrae

65 1167 111 1217 G
160 1176 208 1218 et
254 1184 341 1232 per
387 1177 605 1219 centrum
659 1172 872 1234 corporis
922 1170 1102 1219 Terrae
1154 1170 1192 1217 P
1245 1169 1466 1231 eductas;
1525 1168 1610 1217 sed
1659 1168 1721 1216 ad
1773 1169 2121 1230 praescriptum
2177 1173 2317 1216 vete—

63 1247 166 1290 rum
221 1242 444 1291 definitur
499 1244 744 1292 anomalia
796 1243 926 1292 Solis
973 1258 1159 1303 annua,
1211 1242 1378 1291 media
1425 1247 1473 1290 et
1523 1246 1821 1304 coaequata,
1882 1240 2012 1302 quod
2064 1241 2127 1287 sit
2177 1254 2318 1293 arcus

46 1314 317 1378 >eclipticae
368 1317 493 1364 inter
549 1317 710 1365 locum
762 1318 972 1379 apogaei
1024 1315 1153 1365 Solis
1205 1321 1252 1364 et
1303 1315 1459 1363 lineas
1514 1313 1661 1363 medii
1710 1320 1758 1362 et
1806 1315 1908 1362 veri
1960 1319 2120 1361 motus
2172 1312 2315 1361 Solis.

62 1389 124 1435 Ut
152 1390 293 1434 Terra
322 1389 370 1434 in
399 1391 436 1434 P
464 1397 692 1444 versante,
734 1391 958 1436 anomalia
989 1391 1106 1436 Solis
1136 1391 1283 1436 media
1323 1396 1394 1435 est
1423 1389 1570 1443 AOK,
1609 1389 1714 1446 quia
1745 1389 1825 1434 OK
1864 1388 2083 1445 parallela
2122 1389 2210 1446 ipsi
2240 1388 2317 1444 PQ

52 1451 135 1501 ‘est
162 1455 281 1500 linea
309 1461 460 1501 motus
491 1457 627 1501 medii
657 1457 789 1502 Solis.
847 1457 911 1502 At
939 1457 1074 1502 AOM
1106 1462 1176 1502 est
1205 1455 1428 1501 anomalia
1457 1460 1732 1511 coaequata5
1765 1459 1958 1509 utraque
1979 1454 2025 1497 in
2057 1452 2161 1498 Sole
2184 1453 2318 1498 deno-

63 1521 262 1567 minatur
290 1535 456 1566 annua.
948 1541 949 1546 =
1739 1559 1742 1563 ,
2207 1539 2215 1549 .

210 1597 355 1660 Quae
390 1599 524 1646 ratio
562 1603 631 1644 est
683 1599 909 1651 nominis
960 1599 1232 1647 annua?
1297 1597 1592 1661 Copernicus
1643 1610 1921 1644 annuam
1982 1594 2318 1645 denominavit

31 1668 126 1718 ‘ad
163 1668 524 1718 distinctionem
561 1670 836 1719 anomaliae
873 1670 1122 1732 secularis,
1163 1686 1261 1734 qua
1298 1685 1447 1734 penes
1486 1672 1644 1734 ipsum
1683 1670 1966 1718 variabatur
1985 1671 2318 1717 eccentricitas

65 1748 115 1791 et
148 1749 309 1791 motus
347 1745 572 1806 apogaei.
648 1742 802 1792 Nobis
840 1743 926 1792 illa
962 1746 1200 1793 varietate
1237 1759 1334 1792 non
1375 1750 1448 1792 est
1487 1757 1634 1806 opus,
1675 1756 1886 1791 annuam
1927 1748 2086 1791 tamen
2114 1742 2319 1791 dicimus

61 1829 150 1878 pro
188 1815 361 1877 solari,
408 1817 525 1878 quia
561 1814 691 1863 Solis
729 1815 914 1865 reditus
952 1831 1143 1864 annum-
1171 1817 1390 1878 conficit3
1431 1822 1480 1865 et
1516 1829 1633 1864 vero
1673 1815 1949 1865 anomaliae
1987 1815 2116 1864 Solis
2156 1817 2320 1879 perio-

65 1886 155 1938 dus
194 1902 294 1937 non
331 1888 442 1952 plus
482 1889 512 1936 5
552 1890 750 1936 minutis
789 1888 994 1938 horariis
1029 1890 1220 1952 longior
1258 1896 1333 1938 est
1369 1903 1497 1938 anno
1536 1889 1742 1937 sidereo·

0 2006 2 2026 ξ
217 1961 357 2025 Quid
402 1961 628 2010 cohaeret
673 1961 791 2010 huic
841 1962 986 2012 loco?
1044 1963 1261 2011 Primum
1306 1963 1402 2010 huc
1447 1960 1726 2010 referendus
1780 1966 1854 2010 est
1905 1966 2065 2010 motus
2105 1963 2318 2025 corporis

0 2043 3 2053 '
61 2032 270 2084 Telluris
302 2034 501 2082 diurnus
537 2036 665 2083 circa
701 2049 844 2082 suum
870 2050 1010 2084 axem
1050 2036 1185 2085 velut
1210 2035 1535 2095 immobilem,
1577 2034 1636 2083 de
1675 2036 1850 2096 quoin
1891 2033 2110 2083 doctrina
2136 2035 2320 2098 sphae-

4 2171 5 2175 ,
63 2107 164 2167 rica
212 2106 303 2156 ruit
350 2113 513 2155 actum
559 2107 696 2156 libris
745 2107 785 2155 Ι.
825 2107 891 2156 ΙΙ.
932 2108 1022 2156 ΙΙΙ.
1061 2111 1320 2173 praecipue
1358 2108 1441 2157 fol.
1483 2110 1604 2155 248.
1683 2107 1872 2156 Deinde
1925 2108 2174 2155 inclinatio
2215 2109 2321 2156 axis

0 2177 7 2244 ff.
63 2178 209 2243 liujus
246 2180 604 2229 convolutionis
644 2179 845 2230 diurnae
884 2181 946 2229 ad
973 2181 1261 2246 eclipticam,
1302 2181 1361 2230 de
1387 2195 1485 2243 qua
1511 2180 1596 2228 fol.
1637 2181 1758 2228 229.
1801 2181 1920 2228 269.
1965 2183 2084 2228 272.
2126 2185 2173 2228 et
2198 2180 2320 2228 infra

0 2246 3 2322 J
61 2251 188 2302 libro
226 2252 339 2301 VII.
414 2252 605 2302 Tertio:
655 2253 901 2316 quomodo
939 2254 1051 2303 hinc
1090 2254 1361 2319 dependeat
1400 2253 1777 2302 declinationum
1817 2252 2070 2316 eclipticae
2108 2256 2319 2316 partium

8 2347 9 2363 ÷
69 2327 314 2375 successio
352 2340 437 2389 per
474 2340 681 2384 annum,
730 2326 1027 2391 explicatum
1068 2335 1143 2378 est
1178 2328 1314 2382 libris
1353 2326 1417 2374 II.
1458 2326 1549 2374 ΙΙΙ.
1590 2327 1874 2395 praesertim
1911 2325 1994 2374 fol.
2037 2328 2154 2374 229.
2198 2329 2317 2375 231.

0 2323 8 2525 ᾖ
65 2395 268 2460 Quarto:
305 2398 552 2462 quomodo
590 2413 651 2448 ex
688 2400 1002 2448 inclinatione
1041 2406 1090 2449 et
1127 2402 1421 2449 circumactu
1458 2399 1605 2461 hujus
1644 2399 1749 2447 axis
1788 2404 2019 2461 sequatur
2044 2401 2319 2462 praecessio

65 2473 508 2534 aequinoctiorum,
565 2471 747 2521 dictum
794 2479 868 2521 est
916 2472 1040 2520 libro
1079 2473 1167 2520 111.
1206 2473 1325 2522 folio
1367 2474 1487 2520 273.
1529 2477 1577 2520 et
1614 2472 1739 2519 infra
1785 2471 1908 2520 libro
1950 2472 2061 2523 VII.
2101 2472 2319 2535 pluribus

64 2543 397 2608 explicabitur.
471 2544 699 2606 Denique
748 2545 843 2593 huc
888 2546 1035 2593 etiam
1080 2548 1322 2609 pertinent
1371 2546 1682 2607 aequationis
1730 2546 1960 2608 temporis
2007 2559 2093 2595 seu
2133 2544 2319 2594 dierum

63 2623 226 2679 partes
278 2616 404 2665 duae
445 2631 505 2665 ex
559 2618 733 2676 tribus,
789 2631 994 2680 quarum
1041 2617 1196 2667 altera
1233 2617 1411 2682 pendet
1448 2618 1511 2665 ab
1546 2619 1845 2679 ’aequatione
1885 2617 2040 2678 Solis,
2093 2618 2246 2667 altera
2290 2633 2320 2666 a

7 2676 12 2752 ἱ
65 2686 297 2738 damona
333 2688 542 2738 ‘renuas
580 2704 612 2738 a
648 2689 780 2739 sore.
855 2689 981 2739 Vide
1018 2690 1144 2739 libro
1182 2690 1275 2738 111.
1315 2706 1345 2739 a
1383 2690 1465 2739 foi.
1508 2690 1625 2740 250.
1667 2692 1715 2738 in
1756 2690 1876 2737 251.

9 2757 14 2788 '²
210 2761 431 2824 Explica
472 2765 696 2824 priorem
745 2776 805 2811 ex
855 2764 948 2827 iis,
1001 2777 1132 2825 quae
1180 2765 1398 2826 'propria
1446 2769 1514 2811 est
1561 2762 1820 2811 doctrinae
1866 2763 2125 2812 theoricae.
2201 2763 2319 2812 Dies

9 2789 289 2896 laequalis
328 2841 443 2883 tunc
481 2836 663 2897 incipit,
702 2848 812 2883 cum
849 2834 987 2883 locus
1011 2834 1141 2883 Solis
1180 2836 1367 2884 medius
1407 2836 1454 2882 in
1494 2835 1761 2884 meridiano
1802 2836 2044 2895 consistit,
2086 2835 2189 2884 dies
2229 2850 2320 2899 ap-

12 2901 19 3009 ἱ
67 2920 256 2971 parens,
296 2921 404 2955 cum
433 2921 577 2956 verus
615 2906 745 2956 Solis
772 2906 923 2956 locus.
988 2905 1171 2969 Quodsi
1199 2907 1327 2957 Solis
1364 2910 1593 2971 aequatio
1631 2908 1773 2957 fuerit
1799 2908 2134 2968 subtractoria,
2174 2923 2318 2957 verus

14 3017 18 3045 ἵ
55 2973 204 3028 Ι811118
238 2979 403 3038 100118,
445 2981 624 3043 quippe
660 2978 984 3042 praecedens,
1023 2987 1135 3029 ante
1171 2980 1383 3030 medium
1421 2979 1635 3044 appellet
1673 2981 1734 3029 ad
1769 2980 2101 3041 meridianum,
2141 2986 2190 3029 et
2228 2982 2319 3030 ob-

14 3054 18 3119 i
66 3051 340 3101 servabitur
377 3051 601 3101 meridies
650 3059 764 3100 ante
815 3066 961 3114 quam
1000 3054 1090 3101 erit
1125 3052 1271 3102 modo
1322 3053 1585 3116 aequabili.
1664 3052 1826 3114 Quare
1865 3052 2191 3114 adjiciendum
2230 3056 2319 3103 erit

17 3131 21 3186 ἱ,
67 3121 253 3186 aliquid
300 3125 507 3186 tempori
553 3123 775 3186 aequali,
824 3130 877 3172 ut
922 3124 1008 3172 fiat
1057 3140 1312 3189 apparens.
1389 3126 1445 3173 In
1485 3125 1754 3187 adjectoria
1793 3127 2084 3187 aequatione
2122 3128 2318 3176 subtra-

20 3225 27 3235 .
69 3194 280 3245 bendum
332 3203 406 3244 est
454 3196 640 3258 aliquid
689 3197 892 3258 tempori
938 3197 1164 3259 aequali,
1212 3204 1266 3246 ut
1313 3197 1397 3246 fiat
1444 3212 1700 3261 apparens.
1777 3197 1860 3248 Sin
1901 3203 2063 3248 autem
2103 3201 2317 3250 vicissim

20 3265 29 3315 ’,
69 3274 289 3330 tempora
338 3270 624 3332 apparentia
675 3269 852 3316 suerint
899 3269 1182 3331 aequanda,
1240 3270 1530 3318 contrarium
1584 3270 1840 3332 utrobique
1889 3271 2160 3321 faciendum
2213 3276 2315 3322 erit.

22 3370 23 3374 =
74 3338 408 3401 Quantitatem
454 3340 715 3390 additionis
756 3341 834 3389 vel
880 3342 1223 3390 subtractionis
1270 3341 1491 3390 ostendet
1537 3344 1644 3406 ipsa
1694 3345 1940 3406 quantitas
1991 3348 2317 3408 aequationis‚

22 3395 32 3473 l
69 3418 125 3459 ut
161 3412 301 3473 cujus
339 3426 464 3461 unus
500 3414 680 3477 gradus
720 3413 853 3462 valet
891 3415 922 3461 4
961 3415 1148 3463 minuta
1186 3414 1379 3462 horaria
1415 3414 1564 3477 paulo
1599 3417 1772 3477 minus,
1815 3417 1876 3465 ob
1915 3417 2313 3468 additamentum.

26 3482 293 3552 ,Maxima
340 3484 489 3585 igissur
544 3489 634 3536 erit
692 3489 986 3535 minutorum
1036 3486 1334 3535 horariorum
1387 3487 1437 3535 8‘
1494 3489 1592 3536 15¹1
1649 3502 1707 3539 ex
1760 3492 1972 3539 maxima
2025 3495 2316 3554 aequatione

27 3580 33 3618 ς
74 3554 134 3603 2⁰
174 3557 223 3604 3‘
263 3557 383 3606 45¹1.
435 3554 478 3623 2)
1642 3601 1644 3605 ,

28 3637 31 3653 ²
218 3628 436 3689 Explica
485 3636 531 3679 et
563 3634 849 3693 posterioris
885 3645 1069 3680 causae
1105 3632 1361 3694 aequandi
1407 3636 1643 3695 temporis
1690 3637 1910 3685 rationes
1961 3644 2005 3686 et
2052 3639 2316 3699 quantita-

78 3704 190 3748 tem.
269 3700 464 3749 Dictum
501 3711 575 3752 est
612 3704 734 3752 libro
773 3704 870 3763 IV,
929 3706 1150 3752 virtutem
1191 3707 1466 3766 motricem,
1507 3720 1630 3768 quae
1669 3714 1743 3757 est
1782 3710 1926 3757 insita
1964 3709 2171 3758 Telluris
2213 3711 2315 3755 vis-

31 3763 33 3805 ἲ
75 3772 264 3820 ceribus
301 3787 524 3837 quaeque
562 3775 760 3827 Terram
798 3779 925 3825 circa
962 3791 1100 3825 axem
1140 3777 1320 3836 volvit,
1361 3781 1431 3827 sic
1469 3792 1575 3835 esse
1615 3782 1850 3830 intensam
1892 3789 1940 3831 et
1977 3789 2313 3843 contempera-

33 3844 40 3909 }
77 3851 191 3903 tam,
230 3853 284 3893 ut
320 3847 363 3893 si
399 3845 507 3897 sola
542 3858 760 3899 moveret
798 3849 1057 3911 Tellurem,
1098 3850 1285 3899 interim
1324 3849 1437 3899 dum
1476 3859 1687 3902 centrum
1727 3854 1832 3916 ejus
1872 3856 2016 3904 semel
2060 3857 2186 3903 circa
2220 3854 2313 3902 So-

1842 3941 1967 3988 28⁹⁶
