2554 4140
455 281 996 404 'FABULAE
1070 278 1964 434 RUDOLPHINAE,

263 444 452 507 Quibus
490 442 846 492 astronomicae
885 442 1142 501 scientiae,
1183 446 1455 503 temporum
1491 439 1847 503 longinquitate
1886 442 2160 508 collapsae,

880 515 1170 563 restauratio
1212 514 1511 580 continetur3

555 628 610 687 A
654 628 1012 687 PHOENICE
1059 628 1222 686 ILLO
1271 626 1866 687 ASTRONOMORUM
1933 631 1935 634 ’

733 762 1672 935 TYOHONE,

77 978 159 1027 Ex
195 976 385 1024 illustri
422 980 469 1023 et
502 987 743 1036 qenerosa
766 971 1091 1021 Braheorum
1130 974 1185 1019 in
1215 972 1392 1034 Reyno
1418 972 1627 1021 Daniae
1662 974 1872 1037 familia
1910 975 2129 1025 oriundo
2165 980 2341 1039 equite,

77 1072 277 1117 Primum
308 1070 457 1115 animo
494 1075 714 1126 concepta
745 1074 790 1113 et
820 1068 1047 1114 destinata
1086 1083 1203 1114 anno
1237 1070 1704 1128 Christi·MDLXIV;
1745 1070 1908 1117 exinde
1949 1072 2340 1119 observationibus

78 1140 276 1184 siderum
300 1137 686 1189 accuratissimis,
725 1142 836 1193 post·
862 1150 1030 1181 annum
1059 1137 1305 1194 praecipue
1335 1139 1626 1194 MDLXXII,
1672 1152 1762 1194 quo
1803 1138 1928 1183 sidus
1966 1138 2012 1181 in
2054 1138 2343 1196 Cassiopeiae

75 1203 612 1249 constellationexnovum
643 1202 825 1259 effulsit,
859 1201 977 1246 serio
1009 1200 1239 1259 affectata,
1271 1203 1497 1260 variisque
1529 1203 1756 1261 operibus,
1791 1217 1894 1248 cum
1924 1203 2213 1261 mechanicis,
2246 1210 2345 1248 tum

75 1272 286 1327 librariis,
310 1270 514 1326 impenso
530 1267 797 1326 patrimonio
816 1266 1107 1324 amplissimo,
1131 1267 1448 1313 accedentibus
1473 1269 1607 1313 etiam
1624 1268 1835 1313 subsidiis
1857 1268 2073 1313 Friderici
2091 1270 2148 1314 II.
2169 1271 2346 1315 Daniae

72 1337 233 1395 Regis,
270 1335 413 1392 regali
450 1334 782 1391 magnificentia
813 1332 980 1388 dignis,
1021 1339 1168 1379 tracta
1197 1348 1280 1391 per
1321 1348 1463 1380 annos
1494 1336 1624 1380 XXV
1655 1336 1940 1393 potissimum
1971 1335 2017 1380 in
2057 1336 2208 1382 insula
2238 1336 2343 1382 freti

77 1401 260 1447 Sundici
290 1401 486 1446 Huenna
522 1406 568 1445 et
607 1412 711 1454 arce
750 1399 1060 1456 Uraniburgo,
1099 1400 1154 1445 in*
1184 1400 1269 1446 hos
1308 1414 1418 1446 usus
1458 1414 1484 1445 a
1524 1401 1832 1448 fundamentis
1862 1407 2123 1462 exstructa,
2158 1402 2346 1448 tandem

202 1466 411 1514 traducta
437 1467 487 1513 in
519 1463 804 1513 Germaniam
834 1464 972 1520 inque
1002 1463 1151 1510 aulam
1183 1470 1229 1511 et
1259 1479 1423 1512 nomen
1454 1466 1687 1524 Rudolphi
1717 1469 1833 1525 Imp.
1863 1480 1981 1513 anno
2013 1467 2206 1513 MDIIC.

119 1688 337 1740 Tabulas
375 1689 525 1752 ipsas,
560 1688 666 1752 jam
707 1694 756 1737 et
791 1692 1121 1810 11ι111οιιῐ11ῗιίῐῖζει1Ο
1124 1693 1187 1809 Iet
1206 1689 1440 1809 daffectaS,
1480 1690 1567 1740 sed
1605 1696 1760 1741 morte
1798 1692 2012 1741 auctoris
2040 1692 2115 1740 sui
2156 1704 2284 1741 anuo

1152 1798 1164 1811 .
1240 1768 1438 1825 esertas,

471 1865 642 1933 Jussu
689 1870 739 1932 et
785 1863 1068 1951 stipendiis
1114 1855 1318 1932 Fretus
1348 1866 1528 1934 Trium
1577 1866 1954 1954 Imperatorum

259 1990 793 2089 RUDOLPHI‚
864 1994 1416 2092 ΜΑΤΤΗΙΑΕ,
1485 1996 2148 2095 FERDINANDL

68 2112 372 2158 annitentibus
403 2109 675 2156 haeredibus
699 2110 968 2168 Braheanis‚
1002 2124 1058 2156 ex
1078 2111 1383 2159 fundamentis
1416 2115 1779 2162 observationum
1801 2115 2073 2174 relictarum,
2107 2117 2164 2162 ad
2187 2130 2339 2163 exem-

67 2179 193 2237 plum
222 2178 317 2223 fere
346 2177 542 2246 partium
566 2176 663 2233 jam
696 2181 1054 2232 exstructarum,
1095 2176 1319 2222 continuis
1351 2179 1598 2224 multorum
1628 2193 1847 2225 annorum
1879 2179 2263 2240 speculationibus
2295 2190 2341 2230 et
2411 2236 2414 2242 ¹

67 2243 477 2301 computationibus
521 2244 715 2300 primum
757 2243 930 2299 Pragae
968 2243 1271 2288 Bohemorum
1319 2246 1619 2301 continuavit,
1667 2246 1829 2293 deinde
1872 2248 2038 2305 Lincii,
2086 2250 2333 2308 superioris

67 2309 277 2355 Austriae
308 2309 565 2366 Metropoli,
597 2306 813 2354 subsidiis
844 2309 980 2355 etiam
1009 2308 1085 2354 111
1113 2309 1462 2357 Provincialium
1490 2312 1690 2369 adjutus,
1721 2312 1928 2371 perfecit,
1961 2314 2155 2360 absolvit
2185 2315 2334 2373 adque

552 2387 815 2420 ·causarum
847 2380 893 2419 et
924 2375 1086 2421 calculi
1116 2376 1328 2432 perennis
1358 2376 1596 2422 formulam
1626 2379 1833 2424 traduxit

778 2470 1116 2564 JoANNEs
1177 2470 1632 2580 REPLERUS,

69 2633 324 2708 Tychoni
386 2635 633 2707 primum
693 2650 725 2692 a
773 2633 1079 2708 Rudolpho
1133 2636 1189 2693 ll.
1237 2635 1372 2709 Imp.
1423 2635 1740 2710 adiunctus
1803 2638 2332 2713 calculi-minister,

345 2722 596 2797 indeque
643 2723 815 2780 trium
863 2723 1064 2782 ordine
1110 2724 1522 2797 Imperatorum
1571 2725 2045 2789 Mathematicus:

70 2821 157 2878 Qui
186 2821 306 2867 idem
345 2821 400 2867 de
432 2822 618 2879 speciali
646 2822 861 2868 mandato
896 2823 1172 2868 Ferdinandi
1202 2823 1258 2868 II.
1290 2824 1401 2880 Imp.
1436 2823 1697 2881 petentibus
1727 2825 2095 2883 instantibusque
2125 2825 2329 2872 haeredi-

69 2888 154 2933 bus
186 2901 300 2945 opus
330 2887 418 2933 hoc
448 2888 505 2933 ad
535 2901 645 2934 usus
675 2889 982 2946 praesentium
1019 2895 1064 2933 et
1101 2889 1382 2947 posteritatis
1413 2891 1534 2948 typis
1571 2892 1810 2937 numericis
1847 2893 2056 2949 propr-im,
2090 2894 2251 2939 ceteris
2289 2900 2334 2941 et

67 2954 221 3010 praelo
251 2955 395 3000 Jonae
430 2954 600 3013 Saurii,
630 2955 758 3012 Reip.
789 2955 1006 3001 Ulmanae
1040 2955 1354 3013 Typographi‚
1386 2957 1432 3000 in
1462 2957 1692 3013 publicum
1723 2958 1885 3003 extulit
1916 2965 1962 3003 et
1993 2959 2330 3018 typographicis

835 3022 985 3079 operis
1008 3020 1167 3068 Ulmae
1199 3028 1380 3068 curator
1412 3023 1554 3068 affuit.

78 3223 188 3270 Cum
213 3224 477 3283 Privileyiis
506 3224 624 3280 Imp.
667 3230 709 3270 et
747 3225 923 3284 Regum
951 3227 1209 3298 Rerumque
1232 3229 1544 3286 publicarum,
1578 3228 1679 3275 vivo
1714 3229 1915 3287 Tycham]
1952 3230 2049 3287 ejus
2078 3244 2134 3279 ue
2171 3234 2327 3281 haere-

254 3283 388 3328 dibus
418 3289 461 3329 et
489 3283 679 3341 speciali
708 3283 1017 3341 Imperatorio
1048 3287 1139 3344 ipsi
1169 3286 1369 3345 Keplero
1400 3300 1621 3343 concesso,
1653 3288 1715 3334 ad
1744 3288 1907 3335 Annos
1940 3290 2044 3336 XX

1023 3522 1375 3530 ———

918 3711 1061 3761 Anno
1099 3711 1468 3764 MDCXXVII.
