2554 4140
523 118 762 176 Epitomes
791 117 1108 164 Astronomiae
1144 92 1291 163 Liber¹
1311 119 1496 164 Sextus.
1556 117 1670 177 Pars
1702 115 1880 174 Quinta.
2234 105 2348 168 481'

28 316 46 330 ‚y
234 270 372 328 Quas
408 265 530 314 dicis
566 281 854 316 communes
883 268 1219 330 planetarum
1258 268 1584 332 affectiones?
1656 267 1795 329 Quae
1834 265 2060 316 accidunt
2092 263 2195 314 >vel
2233 279 2341 312 om-

37 380 43 386 .
89 341 234 388 nibus
274 345 322 388 et
357 339 561 400 singulis
594 345 791 402 propter
830 355 1002 389 causas
1042 347 1202 390 tamen
1244 341 1475 400 diversas,
1516 340 1597 390 vel
1634 340 1845 404 planetis
1877 354 1964 388 sex
1990 339 2206 398 seorsim,
2245 352 2342 386 non

89 419 283 479 propter
322 419 530 471 motum,
582 411 668 460 sed
709 418 906 476 propter
943 415 1297 463 situmeorum
1336 414 1398 462 ad
1438 412 1624 474 Solem,
1685 413 1761 462 vel
1802 413 2010 475 denique
2050 412 2343 474 comparatis

32 477 49 540 ’,Ῡ
90 489 212 534 inter
248 499 355 533 sese
395 485 520 531 binis
561 490 608 532 et
647 485 772 532 binis
813 486 1198 550 quibuscunque.
1973 506 1993 534 r

0 607 12 623 ἵ,
78 605 94 615 ,
235 557 379 619 Quod
413 572 598 606 nomen
634 558 710 605 his
747 558 1095 621 affectionibus
1143 567 1212 608 est
1245 558 1503 622 positum?
1575 557 1793 606 Veniunt
1840 562 1887 605 et
1931 559 2056 605 istae
2108 562 2155 605 et
2193 560 2342 618 supe-

86 633 185 680 rius
220 629 503 678 traditarum
542 632 694 693 ipsius
732 638 893 679 motus
931 632 1242 681 affectionum
1278 631 1542 681 nonnullae
1580 631 1671 678 sub
1709 624 1904 682 nomine
1941 631 2195 691 passiones
2230 629 2342 692 pla-

0 702 322 775 ,Jsssnetarum,
362 717 460 764 qua
495 717 617 751 voce
655 703 807 752 latina
843 704 1060 753 redditur
1095 720 1287 768 graeca,
1326 709 1498 768 παθη,
1537 701 1686 766 paulo
1714 703 1886 764 aptior.
1959 702 2086 750 Nam
2113 708 2189 751 est?
2210 702 2342 750 fictio

2 818 6 846 ς
47 776 397 838 astrologica,
438 778 577 837 quasi
615 777 842 838 planetae
880 779 971 839 ipsi
1012 793 1126 827 vere
1165 778 1471 827 afficerentur
1511 776 1733 824 omnibus
1771 776 1857 835 iis,
1909 789 2035 836 quae
2074 776 2211 823 visus
2250 775 2344 823 sibi

0 843 150 913 ''pde
186 849 282 896 illis
319 850 634 911 imaginatur,
685 850 815 912 quod
853 856 1015 899 tamen
1057 850 1114 900 de
1152 851 1462 914 paucissimis
1500 848 1834 911 accidentibus
1872 860 2041 896 verum
2081 853 2169 896 est.

233 924 372 982 Quae
416 928 537 968 sunt
587 923 703 978 illa,
758 937 889 985 quae
939 927 1276 972 communiter
1323 922 1557 974 omnibus
1607 921 1869 981 accidunt,
1918 926 2129 981 propter
2167 934 2345 967 causas

0 986 7 1022 Γ
54 988 260 1047 *atamen
295 993 553 1042 diversas?
627 993 770 1055 Quod
810 996 934 1043 tardi
976 996 1053 1045 vel
1093 997 1316 1056 veloceS,
1357 997 1487 1045 aucti
1528 995 1818 1044 velminuti
1855 1007 2056 1041 numero
2095 993 2231 1040 fiunt.

233 1066 450 1128 Quando
499 1060 689 1115 tardus
731 1068 919 1116 dicitur
954 1069 1190 1131 planeta,
1242 1069 1450 1132 quando
1489 1068 1671 1121 velox?
1745 1065 2176 1118 Sumunturhaec
2216 1065 2346 1113 acci-

7 1115 11 1189 l
59 1139 250 1220 gdentia
286 1139 553 1188 secundum
591 1147 864 1202 respectum
903 1143 966 1190 ad
1003 1149 1190 1190 motum
1228 1142 1466 1204 cujusque
1504 1141 1745 1201 medium,
1794 1146 2028 1202 tauquam
2067 1140 2128 1186 ab
2172 1139 2347 1199 aequi·
2413 1173 2415 1175 -

62 1206 248 1289 {boetio
289 1213 663 1273 consideratum,
703 1215 809 1262 sive
846 1216 1044 1278 propria
1082 1218 1257 1282 cuique
1295 1217 1359 1263 sit
1398 1230 1547 1263 eausa
1583 1213 1826 1262 tarditatis
1870 1212 1947 1261 vel
1971 1210 2247 1274 velocitatis
2289 1226 2348 1260 ex

10 1295 14 1319 ‘
65 1287 366 1345 {eecentricm
407 1287 511 1334 sive
550 1286 822 1334 adventitia
860 1302 921 1336 ex
959 1289 1075 1337 orbe
1115 1303 1309 1350 magno.
1385 1286 1483 1337 Ubi
1521 1286 1874 1349 retrogradatio
1915 1291 1963 1337 et
1987 1287 2348 1349 stationessac-

12 1391 14 1413 ἦ
65 1365 339 1418 &censentur
377 1361 524 1407 etiam
563 1360 654 1408 sub
694 1359 936 1421 accidenS,
976 1361 1239 1410 tarditatis,
1315 1361 1420 1408 Etsi
1465 1360 1558 1408 hae
1597 1360 1878 1408 affectiones
1918 1357 2347 1421 retrogradationis

12 1418 17 1473 '-
58 1431 139 1502 ‘5⁶‘
173 1434 436 1480 stationum
474 1418 633 1480 etiam‘
658 1435 861 1481 seorsim
897 1436 1091 1496 privato
1125 1435 1234 1497 jure
1287 1436 1410 1482 inter
1447 1438 1586 1497 παθη
1624 1433 1705 1482 vel
1744 1427 2012 1496 passiones
2043 1431 2347 1494 planetarum

14 1506 18 1590 j
73 1504 373 1564 deferuntur,
424 1505 511 1554 sed
559 1520 668 1554 cum
706 1520 804 1554 non
842 1508 940 1555 sint
978 1509 1193 1556 omnium
1231 1506 1539 1569 planetarum
1591 1513 1639 1555 et
1676 1508 1772 1554 sint
1810 1507 1954 1553 unius
2001 1505 2131 1553 orbis
2171 1503 2344 1565 plane-

14 1594 19 1619 ι.
54 1579 211 1644 antii,
248 1580 413 1640 magni
451 1577 582 1640 dicti,
622 1579 846 1640 effectuS‚
896 1579 1007 1629 ideo
1047 1587 1280 1643 tanquam
1322 1579 1384 1628 ad
1425 1582 1582 1642 ipsam
1621 1579 1776 1628 velut-i
1815 1580 2074 1627 essentiam
2126 1583 2345 1624 motuum

17 1642 22 1696 ζ
72 1650 437 1717 *apparentium
463 1654 846 1714 compositorum
882 1655 1207 1717 pertinenteS,
1242 1653 1346 1716 jam
1386 1668 1534 1716 supra
1571 1652 1702 1716 apud
1739 1652 1952 1700 theorias
1993 1665 2183 1711 eorum,
2223 1663 2347 1712 quos

18 1719 23 1776 ὲ
90 1726 317 1785 attinent,
357 1731 469 1772 sunt
496 1727 793 1789 explicatae.
879 1722 886 1729 '
1867 1770 1878 1789 k

18 1785 119 1866 ’μμ
234 1798 451 1859 Quando
486 1813 606 1847 vero
643 1799 887 1846 dicuntur
926 1801 1066 1847 aucti
1103 1813 1344 1858 numero,
1383 1798 1590 1861 quando
1628 1796 1910 1844 diminuti?
1984 1795 2106 1844 Cum
2145 1797 2193 1842 in
2231 1795 2346 1857 plu-

64 1869 220 1933 „fibns
266 1870 346 1919 vel
382 1872 694 1935 paucioribus
743 1871 976 1934 gradibus
1014 1862 1268 1934 ‘eclipticas
1309 1869 1758 1933 deprehenduntur,
1809 1878 1956 1931 quam
2000 1868 2092 1917 fert
2130 1867 2346 1925 calculus

83 1949 247 1997 motus
270 1943 430 2004 medii,
471 1944 566 1992 hoc
598 1951 807 1993 estcum
843 1945 923 1993 vel
962 1944 1425 2011 prosthaphaereses
1453 1944 1627 1992 ambae
1667 1943 1921 2010 elccentrici
1953 1948 2000 1990 et
2026 1942 2155 1989 orbis
2183 1942 2347 2004 magni

24 2017 29 2071 ἰ
68 2023 82 2078 ‘¹2
111 2014 189 2066 vel
218 2007 272 2064 'in
307 2016 449 2066 Luna
488 2017 679 2066 solutae
718 2025 766 2066 et
803 2023 1157 2066 menstruarum
1193 2020 1299 2065 sive
1338 2014 1555 2082 luminis)
1604 2015 1682 2064 vel
1730 2015 1903 2064 saltem
1945 2015 2100 2077 major
2138 2014 2347 2076 illarum,

24 2095 31 2141 l
75 2110 86 2139 ι
146 2090 190 2138 ic
228 2089 495 2152 adJ'ectoria
530 2091 689 2151 fuerit,
728 2090 807 2140 hic
845 2091 1181 2150 subtractoria,
1222 2090 1272 2138 id
1312 2089 1754 2153 quodpromiscue
1780 2088 1931 2137 tardis
1970 2087 2051 2137 vel
2076 2088 2347 2148 velocibUS,

27 2163 33 2202 ἰ
75 2159 171 2212 αἰεὶ
207 2165 350 2212 etiam
391 2165 687 2212 stationariis
727 2170 774 2212 et
810 2162 1103 2225 retrogradis
1142 2162 1362 2212 accidere
1400 2168 1581 2226 potest.
1850 2168 1853 2173 '

29 2287 31 2289 ,
72 2233 113 2285 fir
235 2237 498 2296 Quaenam
535 2237 774 2285 accidunt
805 2238 1031 2299 planetis·
1061 2238 1145 2284 sea·
1179 2242 1390 2299 propte?⁸
1428 2239 1581 2284 situm
1619 2250 1796 2284 eorum
1846 2234 1915 2283 ad
1953 2233 2156 2282 Solem?
2227 2232 2347 2281 Pla—

29 2312 251 2363 mmtae
282 2315 398 2357 sunt
443 2325 473 2357 a
512 2309 626 2359 Sole
681 2310 729 2370 1)
768 2309 848 2358 vel
890 2309 1148 2357 orientales
1200 2308 1279 2357 vel
1328 2307 1677 2368 occidentales,
1739 2305 1794 2372 2)
1834 2314 1882 2356 et
1929 2321 2016 2370 pro
2066 2306 2347 2355 diversitate

32 2400 36 2441 y
75 2376 283 2445 rufituum
318 2381 489 2430 horum
526 2382 637 2431 aliis
676 2383 755 2432 vel
794 2383 904 2430 aliis
942 2376 1162 2430 vultibus
1202 2383 1587 2445 conspiciuntur,
1649 2378 1699 2440 3)
1739 2380 1946 2443 denique
1994 2385 2190 2444 propter
2226 2379 2350 2428 haec

32 2470 38 2504 ι
96 2455 254 2504 omnia
292 2454 508 2505 diversos
547 2463 680 2504 ortus
727 2469 1027 2517 occasusque
1065 2457 1334 2503 sortiuntur
1382 2461 1429 2504 et
1467 2457 1515 2502 in
1555 2455 1943 2517 apparitionibus
1981 2453 2062 2510 vel
2101 2454 2233 2502 aucti
2270 2451 2350 2502 vel

33 2511 40 2577 l
76 2515 262 2576 ‘minuti
297 2526 478 2577 lumine
518 2533 794 2589 censentur,
834 2542 931 2576 non
972 2542 1085 2577 vero
1125 2533 1443 2591 apparentes,
1487 2528 1730 2592 hypaugi,
1771 2528 1862 2576 sub
1901 2525 2066 2575 radiis.

1197 2644 1238 2695 Ι.

38 2799 39 2802 ¹
235 2746 448 2807 Quando
484 2746 721 2808 planetae
750 2754 1013 2795 censentur
1046 2747 1311 2795 orientales
1337 2761 1432 2796 esse
1458 2763 1492 2796 a
1519 2745 1632 2795 Sole
1656 2747 1734 2794 vel
1759 2744 2117 2796 occidentales?
2173 2741 2349 2792 Orien-

40 2843 44 2866 ,ι
96 2813 217 2886 tales
252 2819 572 2881 appellantur,
611 2833 708 2868 non
749 2819 878 2881 quod
918 2836 947 2867 a
973 2819 1088 2868 Sole
1129 2817 1309 2868 distent
1348 2822 1394 2866 in
1422 2825 1579 2868 ortum
1619 2825 1666 2868 et
1700 2819 2047 2881 consequentia
2086 2819 2348 2878 signorum,
2379 2859 2392 2864 l

39 2878 43 2892 ⁵
90 2886 186 2940 1οᾶ
219 2904 246 2939 e
283 2895 538 2952 contrario,
579 2890 775 2952 quando
816 2892 1110 2942 antecedunt
1147 2908 1258 2942 eum
1298 2895 1344 2940 in
1386 2892 1553 2941 ordine
1578 2894 1840 2954 signorum,
1879 2905 2053 2953 graece
2084 2889 2192 2938 idco
2234 2889 2350 2938 dicti

84 2976 456 3027 ἐροηγονμενοι,
510 2965 626 3027 quia
664 2971 781 3013 tunc
820 2971 975 3014 ortum
1014 2965 1198 3014 habent
1249 2979 1401 3029 supra
1439 2966 1740 3014 horizontem
1781 2964 1840 3012 de
1879 2969 2045 3023 nocte,
2101 2977 2188 3011 seu
2227 2963 2350 3011 inter

44 3051 49 3076 ¹
101 3042 319 3086 oceasum
355 3037 484 3086 Solis
533 3045 580 3086 et
618 3045 772 3085 ortum
825 3037 955 3100 ejus,
1010 3052 1233 3087 occasum
1285 3054 1402 3088 vero
1451 3035 1644 3087 illorum
1694 3036 1796 3085 dies
1835 3038 1968 3098 tegit.
2031 3035 2170 3084 'Cum
2223 3037 2350 3084 enim

47 3126 50 3152 ι
101 3117 259 3169 nane,
307 3109 523 3158 nondum
564 3114 674 3157 orto‘
708 3109 848 3171 Sole,
902 3110 1185 3173 plerumque
1223 3114 1413 3175 possint
1440 3112 1687 3173 conspici,
1738 3123 1909 3172 graece
1949 3107 2058 3159 ἐωοι
2091 3103 2175 3157 ¹vel
2214 3105 2347 3172 ἠωοι,

21 3173 53 3241 '⁸22
101 3174 246 3228 latine
280 3184 505 3231 matutini
544 3182 863 3245 appellantur.
924 3183 1006 3232 Sic
1043 3198 1069 3232 e
1095 3187 1350 3244 contrario,
1391 3186 1475 3246 qui
1513 3198 1543 3231 a
1569 3182 1682 3232 Sole
1709 3182 1891 3231 distant
1928 3184 1975 3229 in
2001 3183 2350 3244 consequentia

24 3243 44 3312 Ι,
102 3250 257 3301 ninus
292 3254 606 3315 semicirculo,
645 3270 816 3318 graece
855 3252 1097 3317 ἑπομενοι,
1156 3256 1482 3306 occidentales
1522 3256 1759 3312 dicuntur,
1800 3257 1916 3316 quia
1954 3262 2068 3304 tuuc
2106 3254 2165 3303 de
2205 3260 2349 3303 nocte

7 3326 48 3403 [Ι
106 3325 347 3389 occidunt,
402 3343 510 3377 cum
550 3336 704 3376 ortum
746 3342 910 3377 eorum
956 3327 1059 3376 dies
1098 3329 1389 3389 abscondat,
1442 3329 1524 3390 qui
1564 3330 1680 3390 quia
1721 3342 1919 3391 vespere
1963 3329 2053 3377 sub
2094 3327 2223 3377 Solis
2264 3341 2349 3375 oc-

11 3418 57 3457 ψ
106 3395 313 3447 cubitum
361 3415 508 3463 supra
555 3401 855 3449 horizontem
915 3406 962 3449 et
1015 3400 1299 3464 plerumque
1360 3403 1408 3448 in
1462 3406 1724 3464 conspectu
1776 3403 1894 3462 sint,
1957 3416 2017 3451 ex
2064 3416 2122 3451 eo
2172 3414 2348 3463 graece

43 3461 49 3539 ᾗ
109 3461 336 3534 inepta,
374 3472 523 3523 latine
562 3475 829 3537 vespertini
868 3473 1104 3523 dicuntur.
1151 3502 1158 3510 ·

46 3542 51 3609 ξ
123 3556 126 3563 ’
167 3555 173 3561 ’
249 3546 355 3604 Quo
390 3549 582 3595 vicium
619 3547 796 3596 ordine
832 3545 1101 3599 succedwnt
1137 3547 1351 3594 invicem
1390 3545 1672 3608 affectiones
1697 3545 1858 3597 istae?
1930 3546 2050 3595 Tres
2077 3548 2347 3610 superiores

13 3649 52 3684 ο,μ
113 3615 372 3666 oretanae
420 3618 544 3668 fixae
594 3622 641 3666 in
694 3620 897 3668 articulo
946 3619 1301 3680 conjunctionis
1350 3632 1456 3666 eum
1514 3618 1628 3667 Sole
1682 3619 1811 3667 fiunt,
1853 3634 1927 3670 ex,
1967 3619 2347 3668 occidentalibus

49 3689 53 3745 ξ
115 3684 390 3751 walen
430 3694 720 3740 contrarium
759 3694 806 3739 in
848 3691 1051 3741 articulo
1092 3692 1427 3754 oppositionis.
1505 3690 1645 3740 Luna
1683 3693 1897 3741 vicissim
1946 3694 2203 3755 conjuncta
2246 3689 2347 3737 Soli

50 3761 56 3820 l
117 3767 176 3806 ox
210 3762 427 3811 orientali
479 3764 534 3813 fit
583 3765 926 3825 occidentaliS,
986 3765 1212 3827 opposita
1263 3762 1332 3810 illi
1374 3765 1665 3812 contrarium
1712 3771 1858 3815 tenet.
1935 3766 2193 3813 Inferiores
2235 3762 2346 3822 duo,

117 3825 281 3881 Venus
318 3842 366 3883 et
401 3834 685 3900 Mercurius,
724 3837 804 3887 hic
841 3838 1088 3887 associant
1125 3850 1177 3885 se
1218 3836 1294 3886 vel
1334 3838 1680 3900 superioribus,
1722 3853 1830 3888 cum
1867 3840 1961 3902 ipsi
2000 3838 2101 3887 Soli
2142 3836 2348 3898 conjun-

54 3907 56 3912 λ
197 3926 352 3972 &pleri
374 3932 512 3975 open.
557 3935 626 3971 VI.
1937 3926 1998 3974 31
