<?xml version="1.0" encoding="UTF-8"?>
<!DOCTYPE html PUBLIC "-//W3C//DTD XHTML 1.0 Transitional//EN"
    "http://www.w3.org/TR/xhtml1/DTD/xhtml1-transitional.dtd">
<html xmlns="http://www.w3.org/1999/xhtml" xml:lang="en" lang="en">
 <head>
  <title>
</title>
<meta http-equiv="Content-Type" content="text/html;charset=utf-8" />
  <meta name='ocr-system' content='tesseract 3.04.00' />
  <meta name='ocr-capabilities' content='ocr_page ocr_carea ocr_par ocr_line ocrx_word'/>
</head>
<body>
  <div class='ocr_page' id='page_1' title='image "./operaomniaedidit06kepluoft_0133.png"; bbox 0 0 2554 4140; ppageno 0'>
   <div class='ocr_carea' id='block_1_1' title="bbox 864 919 1544 1031">
    <p class='ocr_par' dir='ltr' id='par_1_1' title="bbox 864 919 1544 1031">
     <span class='ocr_line' id='line_1_1' title="bbox 864 919 1544 1031; baseline 0 -1"><span class='ocrx_word' id='word_1_1' title='bbox 864 919 1544 1031; x_wconf 83' lang='lat' dir='ltr'>EPITOMES</span> 
     </span>
    </p>
   </div>
   <div class='ocr_carea' id='block_1_2' title="bbox 628 1134 1796 1326">
    <p class='ocr_par' dir='ltr' id='par_1_2' title="bbox 628 1134 1796 1326">
     <span class='ocr_line' id='line_1_2' title="bbox 628 1134 1796 1209; baseline -0.001 -14"><span class='ocrx_word' id='word_1_2' title='bbox 628 1134 1164 1196; x_wconf 88' lang='lat' dir='ltr'><strong>Astronomiae</strong></span> <span class='ocrx_word' id='word_1_3' title='bbox 1211 1136 1796 1209; x_wconf 86' lang='lat' dir='ltr'><strong>Copernicanae</strong></span> 
     </span>
     <span class='ocr_line' id='line_1_3' title="bbox 957 1274 1463 1326; baseline 0.002 -1"><span class='ocrx_word' id='word_1_4' title='bbox 957 1275 1158 1325; x_wconf 86' lang='lat' dir='ltr'>LIBER</span> <span class='ocrx_word' id='word_1_5' title='bbox 1194 1274 1463 1326; x_wconf 82' lang='lat' dir='ltr'><strong>PRIMUS.</strong></span> 
     </span>
    </p>
   </div>
   <div class='ocr_carea' id='block_1_3' title="bbox 92 1404 2343 1495">
    <p class='ocr_par' dir='ltr' id='par_1_3' title="bbox 92 1404 2343 1495">
     <span class='ocr_line' id='line_1_4' title="bbox 92 1404 2343 1495; baseline -0.001 -21"><span class='ocrx_word' id='word_1_6' title='bbox 92 1407 168 1474; x_wconf 86' lang='lat' dir='ltr'><strong>Dc</strong></span> <span class='ocrx_word' id='word_1_7' title='bbox 208 1406 474 1495; x_wconf 82' lang='lat' dir='ltr'><strong>principiis</strong></span> <span class='ocrx_word' id='word_1_8' title='bbox 519 1407 873 1475; x_wconf 78' lang='lat' dir='ltr'><strong>astronomiae</strong></span> <span class='ocrx_word' id='word_1_9' title='bbox 917 1407 968 1474; x_wconf 94' lang='lat' dir='ltr'><strong>in</strong></span> <span class='ocrx_word' id='word_1_10' title='bbox 1018 1425 1214 1493; x_wconf 85' lang='lat' dir='ltr'><strong>genere</strong></span> <span class='ocrx_word' id='word_1_11' title='bbox 1277 1406 1644 1494; x_wconf 76' lang='lat' dir='ltr'><strong>doctrinaeque</strong></span> <span class='ocrx_word' id='word_1_12' title='bbox 1688 1404 1999 1493; x_wconf 78' lang='lat' dir='ltr'><strong>sphaericae</strong></span> <span class='ocrx_word' id='word_1_13' title='bbox 2045 1404 2096 1472; x_wconf 92' lang='lat' dir='ltr'><strong>in</strong></span> <span class='ocrx_word' id='word_1_14' title='bbox 2143 1406 2343 1492; x_wconf 88' lang='lat' dir='ltr'><strong>specie.</strong></span> 
     </span>
    </p>
   </div>
   <div class='ocr_carea' id='block_1_4' title="bbox 1041 1576 1385 1583">
    <p class='ocr_par' dir='ltr' id='par_1_4' title="bbox 1041 1576 1385 1583">
     <span class='ocr_line' id='line_1_5' title="bbox 1041 1576 1385 1583; baseline 0 2557"><span class='ocrx_word' id='word_1_15' title='bbox 1041 1576 1385 1583; x_wconf 95' lang='lat' dir='ltr'><strong> </strong></span> 
     </span>
    </p>
   </div>
   <div class='ocr_carea' id='block_1_5' title="bbox 89 1675 2347 2258">
    <p class='ocr_par' dir='ltr' id='par_1_5' title="bbox 89 1675 2346 1962">
     <span class='ocr_line' id='line_1_6' title="bbox 240 1675 2345 1743; baseline -0.001 -15"><span class='ocrx_word' id='word_1_16' title='bbox 240 1679 380 1743; x_wconf 79' lang='lat' dir='ltr'><strong>Quid</strong></span> <span class='ocrx_word' id='word_1_17' title='bbox 422 1685 490 1727; x_wconf 83' lang='lat' dir='ltr'><strong>est</strong></span> <span class='ocrx_word' id='word_1_18' title='bbox 527 1678 891 1728; x_wconf 78' lang='lat' dir='ltr'><strong>Astronomia‘?</strong></span> <span class='ocrx_word' id='word_1_19' title='bbox 943 1678 1032 1727; x_wconf 86' lang='lat' dir='ltr'><strong>Est</strong></span> <span class='ocrx_word' id='word_1_20' title='bbox 1082 1679 1312 1737; x_wconf 90' lang='lat' dir='ltr'><strong>scientia,</strong></span> <span class='ocrx_word' id='word_1_21' title='bbox 1370 1692 1542 1728; x_wconf 82' lang='lat' dir='ltr'><strong>causas</strong></span> <span class='ocrx_word' id='word_1_22' title='bbox 1582 1675 1777 1727; x_wconf 88' lang='lat' dir='ltr'><strong>tradens</strong></span> <span class='ocrx_word' id='word_1_23' title='bbox 1816 1690 1997 1738; x_wconf 89' lang='lat' dir='ltr'><strong>eorum,</strong></span> <span class='ocrx_word' id='word_1_24' title='bbox 2038 1691 2164 1739; x_wconf 90' lang='lat' dir='ltr'><strong>quae</strong></span> <span class='ocrx_word' id='word_1_25' title='bbox 2203 1677 2345 1726; x_wconf 89' lang='lat' dir='ltr'><strong>nobis</strong></span> 
     </span>
     <span class='ocr_line' id='line_1_7' title="bbox 91 1749 2346 1815; baseline 0 -16"><span class='ocrx_word' id='word_1_26' title='bbox 91 1755 137 1800; x_wconf 90' lang='lat' dir='ltr'><strong>in</strong></span> <span class='ocrx_word' id='word_1_27' title='bbox 176 1752 324 1802; x_wconf 85' lang='lat' dir='ltr'><strong>Terra</strong></span> <span class='ocrx_word' id='word_1_28' title='bbox 361 1752 668 1801; x_wconf 84' lang='lat' dir='ltr'><strong>versantibus</strong></span> <span class='ocrx_word' id='word_1_29' title='bbox 721 1751 778 1800; x_wconf 92' lang='lat' dir='ltr'><strong>de</strong></span> <span class='ocrx_word' id='word_1_30' title='bbox 820 1750 957 1800; x_wconf 89' lang='lat' dir='ltr'><strong>coelo</strong></span> <span class='ocrx_word' id='word_1_31' title='bbox 998 1758 1047 1800; x_wconf 87' lang='lat' dir='ltr'><strong>ot</strong></span> <span class='ocrx_word' id='word_1_32' title='bbox 1083 1751 1239 1800; x_wconf 90' lang='lat' dir='ltr'><strong>stellis</strong></span> <span class='ocrx_word' id='word_1_33' title='bbox 1278 1757 1515 1815; x_wconf 85' lang='lat' dir='ltr'><strong>apparent</strong></span> <span class='ocrx_word' id='word_1_34' title='bbox 1563 1756 1931 1815; x_wconf 81' lang='lat' dir='ltr'><strong>temporumque</strong></span> <span class='ocrx_word' id='word_1_35' title='bbox 1985 1749 2346 1800; x_wconf 83' lang='lat' dir='ltr'><strong>vicissitudines</strong></span> 
     </span>
     <span class='ocr_line' id='line_1_8' title="bbox 91 1821 2345 1889; baseline -0 -16"><span class='ocrx_word' id='word_1_36' title='bbox 91 1827 308 1888; x_wconf 87' lang='lat' dir='ltr'><strong>pariunt:</strong></span> <span class='ocrx_word' id='word_1_37' title='bbox 349 1826 526 1888; x_wconf 88' lang='lat' dir='ltr'><strong>quibus</strong></span> <span class='ocrx_word' id='word_1_38' title='bbox 564 1826 819 1888; x_wconf 81' lang='lat' dir='ltr'><strong>perceptiS‚</strong></span> <span class='ocrx_word' id='word_1_39' title='bbox 860 1823 983 1873; x_wconf 89' lang='lat' dir='ltr'><strong>coeli</strong></span> <span class='ocrx_word' id='word_1_40' title='bbox 1020 1821 1211 1886; x_wconf 83' lang='lat' dir='ltr'><strong>faciem,</strong></span> <span class='ocrx_word' id='word_1_41' title='bbox 1251 1824 1345 1873; x_wconf 91' lang='lat' dir='ltr'><strong>hoc</strong></span> <span class='ocrx_word' id='word_1_42' title='bbox 1384 1830 1456 1873; x_wconf 84' lang='lat' dir='ltr'><strong>est</strong></span> <span class='ocrx_word' id='word_1_43' title='bbox 1495 1825 1804 1889; x_wconf 77' lang='lat' dir='ltr'><strong>apparentiae</strong></span> <span class='ocrx_word' id='word_1_44' title='bbox 1844 1822 2079 1873; x_wconf 88' lang='lat' dir='ltr'><strong>coelestes</strong></span> <span class='ocrx_word' id='word_1_45' title='bbox 2122 1823 2171 1871; x_wconf 76' lang='lat' dir='ltr'><strong>in</strong></span> <span class='ocrx_word' id='word_1_46' title='bbox 2210 1824 2345 1872; x_wconf 87' lang='lat' dir='ltr'><strong>futu-</strong></span> 
     </span>
     <span class='ocr_line' id='line_1_9' title="bbox 89 1898 2037 1962; baseline -0.001 -16"><span class='ocrx_word' id='word_1_47' title='bbox 89 1914 191 1947; x_wconf 87' lang='lat' dir='ltr'><strong>rum</strong></span> <span class='ocrx_word' id='word_1_48' title='bbox 228 1898 518 1962; x_wconf 84' lang='lat' dir='ltr'><strong>praedicere,</strong></span> <span class='ocrx_word' id='word_1_49' title='bbox 559 1899 1027 1961; x_wconf 74' lang='lat' dir='ltr'><strong>praeter-irarumque</strong></span> <span class='ocrx_word' id='word_1_50' title='bbox 1068 1904 1199 1946; x_wconf 86' lang='lat' dir='ltr'><strong>certa</strong></span> <span class='ocrx_word' id='word_1_51' title='bbox 1237 1902 1456 1961; x_wconf 88' lang='lat' dir='ltr'><strong>tempora</strong></span> <span class='ocrx_word' id='word_1_52' title='bbox 1493 1901 1741 1960; x_wconf 85' lang='lat' dir='ltr'><strong>assignare</strong></span> <span class='ocrx_word' id='word_1_53' title='bbox 1779 1898 2037 1961; x_wconf 88' lang='lat' dir='ltr'><strong>possimus.</strong></span> 
     </span>
    </p>

    <p class='ocr_par' dir='ltr' id='par_1_6' title="bbox 89 1970 2347 2180">
     <span class='ocr_line' id='line_1_10' title="bbox 243 1970 2347 2036; baseline -0.001 -17"><span class='ocrx_word' id='word_1_54' title='bbox 243 1971 379 2020; x_wconf 81' lang='lat' dir='ltr'><strong>Unde</strong></span> <span class='ocrx_word' id='word_1_55' title='bbox 416 1971 550 2019; x_wconf 79' lang='lat' dir='ltr'><strong>dicta</strong></span> <span class='ocrx_word' id='word_1_56' title='bbox 587 1977 657 2019; x_wconf 77' lang='lat' dir='ltr'><strong>est</strong></span> <span class='ocrx_word' id='word_1_57' title='bbox 695 1971 1059 2020; x_wconf 79' lang='lat' dir='ltr'><strong>Astronomia?</strong></span> <span class='ocrx_word' id='word_1_58' title='bbox 1107 1971 1185 2020; x_wconf 92' lang='lat' dir='ltr'><strong>Ab</strong></span> <span class='ocrx_word' id='word_1_59' title='bbox 1225 1978 1481 2036; x_wconf 86' lang='lat' dir='ltr'><strong>astrorum,</strong></span> <span class='ocrx_word' id='word_1_60' title='bbox 1521 1970 1571 2019; x_wconf 90' lang='lat' dir='ltr'><strong>id</strong></span> <span class='ocrx_word' id='word_1_61' title='bbox 1611 1977 1685 2020; x_wconf 88' lang='lat' dir='ltr'><strong>est</strong></span> <span class='ocrx_word' id='word_1_62' title='bbox 1721 1975 1959 2031; x_wconf 85' lang='lat' dir='ltr'><strong>motuum,</strong></span> <span class='ocrx_word' id='word_1_63' title='bbox 1998 1970 2176 2033; x_wconf 87' lang='lat' dir='ltr'><strong>quibus</strong></span> <span class='ocrx_word' id='word_1_64' title='bbox 2214 1974 2347 2018; x_wconf 87' lang='lat' dir='ltr'><strong>astra</strong></span> 
     </span>
     <span class='ocr_line' id='line_1_11' title="bbox 90 2041 2345 2109; baseline 0 -17"><span class='ocrx_word' id='word_1_65' title='bbox 90 2052 359 2105; x_wconf 87' lang='lat' dir='ltr'><strong>moventur,</strong></span> <span class='ocrx_word' id='word_1_66' title='bbox 385 2044 508 2107; x_wconf 77' lang='lat' dir='ltr'><strong>,lege</strong></span> <span class='ocrx_word' id='word_1_67' title='bbox 546 2059 631 2093; x_wconf 91' lang='lat' dir='ltr'><strong>seu</strong></span> <span class='ocrx_word' id='word_1_68' title='bbox 671 2045 919 2106; x_wconf 86' lang='lat' dir='ltr'><strong>regimine,</strong></span> <span class='ocrx_word' id='word_1_69' title='bbox 961 2051 1015 2092; x_wconf 90' lang='lat' dir='ltr'><strong>ut</strong></span> <span class='ocrx_word' id='word_1_70' title='bbox 1055 2041 1357 2094; x_wconf 88' lang='lat' dir='ltr'><strong>Oeconomia</strong></span> <span class='ocrx_word' id='word_1_71' title='bbox 1395 2060 1424 2093; x_wconf 89' lang='lat' dir='ltr'><strong>a</strong></span> <span class='ocrx_word' id='word_1_72' title='bbox 1462 2044 1675 2109; x_wconf 86' lang='lat' dir='ltr'><strong>regenda</strong></span> <span class='ocrx_word' id='word_1_73' title='bbox 1712 2058 1762 2093; x_wconf 91' lang='lat' dir='ltr'><strong>re</strong></span> <span class='ocrx_word' id='word_1_74' title='bbox 1803 2042 2091 2104; x_wconf 84' lang='lat' dir='ltr'><strong>domestica,</strong></span> <span class='ocrx_word' id='word_1_75' title='bbox 2147 2042 2345 2093; x_wconf 86' lang='lat' dir='ltr'><strong>Paedo-</strong></span> 
     </span>
     <span class='ocr_line' id='line_1_12' title="bbox 89 2117 801 2180; baseline -0.001 -15"><span class='ocrx_word' id='word_1_76' title='bbox 89 2131 259 2166; x_wconf 90' lang='lat' dir='ltr'><strong>nomus</strong></span> <span class='ocrx_word' id='word_1_77' title='bbox 297 2133 327 2166; x_wconf 89' lang='lat' dir='ltr'><strong>a</strong></span> <span class='ocrx_word' id='word_1_78' title='bbox 365 2117 588 2180; x_wconf 87' lang='lat' dir='ltr'><strong>regendis</strong></span> <span class='ocrx_word' id='word_1_79' title='bbox 626 2119 801 2180; x_wconf 89' lang='lat' dir='ltr'><strong>pueris.</strong></span> 
     </span>
    </p>

    <p class='ocr_par' dir='ltr' id='par_1_7' title="bbox 238 2186 2345 2258">
     <span class='ocr_line' id='line_1_13' title="bbox 238 2186 2345 2258; baseline -0 -19"><span class='ocrx_word' id='word_1_80' title='bbox 238 2190 379 2254; x_wconf 80' lang='lat' dir='ltr'><strong>Quae</strong></span> <span class='ocrx_word' id='word_1_81' title='bbox 403 2197 472 2239; x_wconf 79' lang='lat' dir='ltr'><strong>est</strong></span> <span class='ocrx_word' id='word_1_82' title='bbox 495 2192 726 2254; x_wconf 78' lang='lat' dir='ltr'><strong>coynatio</strong></span> <span class='ocrx_word' id='word_1_83' title='bbox 750 2191 905 2249; x_wconf 70' lang='lat' dir='ltr'><strong>hujus</strong></span> <span class='ocrx_word' id='word_1_84' title='bbox 928 2191 1161 2238; x_wconf 74' lang='lat' dir='ltr'><strong>scientiae</strong></span> <span class='ocrx_word' id='word_1_85' title='bbox 1185 2205 1299 2239; x_wconf 82' lang='lat' dir='ltr'><strong>cum</strong></span> <span class='ocrx_word' id='word_1_86' title='bbox 1328 2190 1532 2240; x_wconf 73' lang='lat' dir='ltr'><strong>ceteris?</strong></span> <span class='ocrx_word' id='word_1_87' title='bbox 1576 2186 1631 2258; x_wconf 85' lang='lat'><strong>1)</strong></span> <span class='ocrx_word' id='word_1_88' title='bbox 1672 2190 1761 2238; x_wconf 85' lang='lat' dir='ltr'><strong>Est</strong></span> <span class='ocrx_word' id='word_1_89' title='bbox 1798 2204 1908 2254; x_wconf 90' lang='lat' dir='ltr'><strong>pars</strong></span> <span class='ocrx_word' id='word_1_90' title='bbox 1946 2188 2188 2253; x_wconf 78' lang='lat' dir='ltr'><strong>plrysiceS‚</strong></span> <span class='ocrx_word' id='word_1_91' title='bbox 2230 2191 2345 2252; x_wconf 88' lang='lat' dir='ltr'><strong>quia</strong></span> 
     </span>
    </p>
   </div>
   <div class='ocr_carea' id='block_1_6' title="bbox 1 2263 2346 2327">
    <p class='ocr_par' dir='ltr' id='par_1_8' title="bbox 1 2263 2346 2327">
     <span class='ocr_line' id='line_1_14' title="bbox 1 2263 2346 2327; baseline 0 -18"><span class='ocrx_word' id='word_1_92' title='bbox 1 2306 3 2315; x_wconf 22' lang='grc' dir='ltr'><em>Α</em></span> <span class='ocrx_word' id='word_1_93' title='bbox 90 2263 285 2326; x_wconf 86' lang='lat' dir='ltr'><strong>inquirit</strong></span> <span class='ocrx_word' id='word_1_94' title='bbox 321 2278 494 2312; x_wconf 85' lang='lat' dir='ltr'><strong>causas</strong></span> <span class='ocrx_word' id='word_1_95' title='bbox 539 2278 699 2313; x_wconf 89' lang='lat' dir='ltr'><strong>rerum</strong></span> <span class='ocrx_word' id='word_1_96' title='bbox 723 2269 772 2312; x_wconf 91' lang='lat' dir='ltr'><strong>et</strong></span> <span class='ocrx_word' id='word_1_97' title='bbox 798 2269 1060 2312; x_wconf 90' lang='lat' dir='ltr'><strong>eventuum</strong></span> <span class='ocrx_word' id='word_1_98' title='bbox 1098 2263 1394 2312; x_wconf 87' lang='lat' dir='ltr'><strong>naturalium</strong></span> <span class='ocrx_word' id='word_1_99' title='bbox 1433 2271 1482 2313; x_wconf 90' lang='lat' dir='ltr'><strong>et</strong></span> <span class='ocrx_word' id='word_1_100' title='bbox 1519 2265 1636 2327; x_wconf 87' lang='lat' dir='ltr'><strong>quia</strong></span> <span class='ocrx_word' id='word_1_101' title='bbox 1661 2265 1786 2312; x_wconf 91' lang='lat' dir='ltr'><strong>inter</strong></span> <span class='ocrx_word' id='word_1_102' title='bbox 1825 2263 1929 2326; x_wconf 89' lang='lat' dir='ltr'><strong>ejus</strong></span> <span class='ocrx_word' id='word_1_103' title='bbox 1970 2263 2194 2326; x_wconf 85' lang='lat' dir='ltr'><strong>subjecta</strong></span> <span class='ocrx_word' id='word_1_104' title='bbox 2231 2269 2346 2311; x_wconf 87' lang='lat' dir='ltr'><strong>sunt</strong></span> 
     </span>
    </p>
   </div>
   <div class='ocr_carea' id='block_1_7' title="bbox 89 2336 2346 3570">
    <p class='ocr_par' dir='ltr' id='par_1_9' title="bbox 89 2336 2345 2473">
     <span class='ocr_line' id='line_1_15' title="bbox 91 2336 2345 2400; baseline 0 -17"><span class='ocrx_word' id='word_1_105' title='bbox 91 2341 249 2384; x_wconf 88' lang='lat' dir='ltr'><strong>motus</strong></span> <span class='ocrx_word' id='word_1_106' title='bbox 288 2351 542 2400; x_wconf 88' lang='lat' dir='ltr'><strong>corporum</strong></span> <span class='ocrx_word' id='word_1_107' title='bbox 581 2336 878 2395; x_wconf 85' lang='lat' dir='ltr'><strong>coelestium,</strong></span> <span class='ocrx_word' id='word_1_108' title='bbox 919 2342 969 2385; x_wconf 89' lang='lat' dir='ltr'><strong>et</strong></span> <span class='ocrx_word' id='word_1_109' title='bbox 1005 2336 1121 2399; x_wconf 89' lang='lat' dir='ltr'><strong>quia</strong></span> <span class='ocrx_word' id='word_1_110' title='bbox 1160 2351 1284 2386; x_wconf 90' lang='lat' dir='ltr'><strong>unus</strong></span> <span class='ocrx_word' id='word_1_111' title='bbox 1323 2337 1431 2386; x_wconf 89' lang='lat' dir='ltr'><strong>finis</strong></span> <span class='ocrx_word' id='word_1_112' title='bbox 1470 2337 1577 2400; x_wconf 90' lang='lat' dir='ltr'><strong>ejus</strong></span> <span class='ocrx_word' id='word_1_113' title='bbox 1617 2343 1704 2397; x_wconf 89' lang='lat' dir='ltr'><strong>est,</strong></span> <span class='ocrx_word' id='word_1_114' title='bbox 1745 2337 2175 2386; x_wconf 85' lang='lat' dir='ltr'><strong>conformationem</strong></span> <span class='ocrx_word' id='word_1_115' title='bbox 2205 2336 2345 2385; x_wconf 90' lang='lat' dir='ltr'><strong>aedi-</strong></span> 
     </span>
     <span class='ocr_line' id='line_1_16' title="bbox 89 2409 1229 2473; baseline 0.003 -17"><span class='ocrx_word' id='word_1_116' title='bbox 89 2409 183 2457; x_wconf 85' lang='lat' dir='ltr'><strong>ficii</strong></span> <span class='ocrx_word' id='word_1_117' title='bbox 221 2409 455 2458; x_wconf 88' lang='lat' dir='ltr'><strong>mundani</strong></span> <span class='ocrx_word' id='word_1_118' title='bbox 491 2411 798 2473; x_wconf 88' lang='lat' dir='ltr'><strong>partiumque</strong></span> <span class='ocrx_word' id='word_1_119' title='bbox 836 2409 942 2471; x_wconf 90' lang='lat' dir='ltr'><strong>ejus</strong></span> <span class='ocrx_word' id='word_1_120' title='bbox 980 2409 1229 2472; x_wconf 86' lang='lat' dir='ltr'><strong>indagare.</strong></span> 
     </span>
    </p>

    <p class='ocr_par' dir='ltr' id='par_1_10' title="bbox 90 2481 2344 2692">
     <span class='ocr_line' id='line_1_17' title="bbox 239 2481 2343 2548; baseline -0 -18"><span class='ocrx_word' id='word_1_121' title='bbox 239 2481 289 2546; x_wconf 80' lang='lat'><strong>2)</strong></span> <span class='ocrx_word' id='word_1_122' title='bbox 331 2482 669 2548; x_wconf 86' lang='lat' dir='ltr'><strong>Geographiae</strong></span> <span class='ocrx_word' id='word_1_123' title='bbox 709 2490 757 2531; x_wconf 90' lang='lat' dir='ltr'><strong>et</strong></span> <span class='ocrx_word' id='word_1_124' title='bbox 795 2482 1188 2546; x_wconf 87' lang='lat' dir='ltr'><strong>hydrographiae</strong></span> <span class='ocrx_word' id='word_1_125' title='bbox 1226 2497 1311 2532; x_wconf 90' lang='lat' dir='ltr'><strong>seu</strong></span> <span class='ocrx_word' id='word_1_126' title='bbox 1350 2484 1419 2532; x_wconf 89' lang='lat' dir='ltr'><strong>rei</strong></span> <span class='ocrx_word' id='word_1_127' title='bbox 1458 2483 1682 2533; x_wconf 86' lang='lat' dir='ltr'><strong>nauticae</strong></span> <span class='ocrx_word' id='word_1_128' title='bbox 1719 2483 1882 2532; x_wconf 89' lang='lat' dir='ltr'><strong>anima</strong></span> <span class='ocrx_word' id='word_1_129' title='bbox 1922 2488 1996 2531; x_wconf 90' lang='lat' dir='ltr'><strong>est</strong></span> <span class='ocrx_word' id='word_1_130' title='bbox 2032 2483 2343 2532; x_wconf 82' lang='lat' dir='ltr'><strong>astronomia.</strong></span> 
     </span>
     <span class='ocr_line' id='line_1_18' title="bbox 90 2554 2344 2620; baseline 0 -17"><span class='ocrx_word' id='word_1_131' title='bbox 90 2554 226 2616; x_wconf 82' lang='lat' dir='ltr'><strong>Quae</strong></span> <span class='ocrx_word' id='word_1_132' title='bbox 265 2558 392 2604; x_wconf 87' lang='lat' dir='ltr'><strong>enim</strong></span> <span class='ocrx_word' id='word_1_133' title='bbox 430 2556 633 2605; x_wconf 84' lang='lat' dir='ltr'><strong>diversis</strong></span> <span class='ocrx_word' id='word_1_134' title='bbox 673 2563 906 2605; x_wconf 86' lang='lat' dir='ltr'><strong>terrarum</strong></span> <span class='ocrx_word' id='word_1_135' title='bbox 956 2557 1224 2619; x_wconf 88' lang='lat' dir='ltr'><strong>oceanique</strong></span> <span class='ocrx_word' id='word_1_136' title='bbox 1267 2555 1390 2605; x_wconf 88' lang='lat' dir='ltr'><strong>locis</strong></span> <span class='ocrx_word' id='word_1_137' title='bbox 1443 2562 1491 2605; x_wconf 89' lang='lat' dir='ltr'><strong>et</strong></span> <span class='ocrx_word' id='word_1_138' title='bbox 1542 2555 1701 2620; x_wconf 86' lang='lat' dir='ltr'><strong>plagis</strong></span> <span class='ocrx_word' id='word_1_139' title='bbox 1749 2555 1943 2606; x_wconf 83' lang='lat' dir='ltr'><strong>diversa</strong></span> <span class='ocrx_word' id='word_1_140' title='bbox 1982 2555 2186 2604; x_wconf 88' lang='lat' dir='ltr'><strong>coelitus</strong></span> <span class='ocrx_word' id='word_1_141' title='bbox 2226 2571 2344 2605; x_wconf 89' lang='lat' dir='ltr'><strong>eve-</strong></span> 
     </span>
     <span class='ocr_line' id='line_1_19' title="bbox 91 2629 2033 2692; baseline 0.003 -17"><span class='ocrx_word' id='word_1_142' title='bbox 91 2629 241 2683; x_wconf 89' lang='lat' dir='ltr'><strong>niunt,</strong></span> <span class='ocrx_word' id='word_1_143' title='bbox 282 2643 339 2677; x_wconf 85' lang='lat' dir='ltr'><strong>ex</strong></span> <span class='ocrx_word' id='word_1_144' title='bbox 377 2629 485 2677; x_wconf 82' lang='lat' dir='ltr'><strong>sola</strong></span> <span class='ocrx_word' id='word_1_145' title='bbox 521 2631 818 2678; x_wconf 85' lang='lat' dir='ltr'><strong>astronomia</strong></span> <span class='ocrx_word' id='word_1_146' title='bbox 856 2629 1199 2692; x_wconf 88' lang='lat' dir='ltr'><strong>dijudicantur.</strong></span> <span class='ocrx_word' id='word_1_147' title='bbox 2032 2678 2033 2681; x_wconf 76' lang='grc'>,</span> 
     </span>
    </p>

    <p class='ocr_par' dir='ltr' id='par_1_11' title="bbox 94 2701 2344 2839">
     <span class='ocr_line' id='line_1_20' title="bbox 234 2701 2344 2765; baseline 0 -16"><span class='ocrx_word' id='word_1_148' title='bbox 234 2701 288 2765; x_wconf 87' lang='grc'><strong>3)</strong></span> <span class='ocrx_word' id='word_1_149' title='bbox 339 2702 717 2751; x_wconf 87' lang='lat' dir='ltr'><strong>Subordinatam</strong></span> <span class='ocrx_word' id='word_1_150' title='bbox 769 2702 919 2751; x_wconf 87' lang='lat' dir='ltr'><strong>habet</strong></span> <span class='ocrx_word' id='word_1_151' title='bbox 970 2702 1358 2765; x_wconf 86' lang='lat' dir='ltr'><strong>chronologiam,</strong></span> <span class='ocrx_word' id='word_1_152' title='bbox 1418 2703 1533 2765; x_wconf 89' lang='lat' dir='ltr'><strong>quia</strong></span> <span class='ocrx_word' id='word_1_153' title='bbox 1578 2707 1738 2751; x_wconf 88' lang='lat' dir='ltr'><strong>motus</strong></span> <span class='ocrx_word' id='word_1_154' title='bbox 1792 2701 2028 2751; x_wconf 88' lang='lat' dir='ltr'><strong>coelestes</strong></span> <span class='ocrx_word' id='word_1_155' title='bbox 2080 2701 2344 2764; x_wconf 87' lang='lat' dir='ltr'><strong>disponunt</strong></span> 
     </span>
     <span class='ocr_line' id='line_1_21' title="bbox 94 2774 1458 2839; baseline 0.002 -18"><span class='ocrx_word' id='word_1_156' title='bbox 94 2779 310 2836; x_wconf 86' lang='lat' dir='ltr'><strong>tempora</strong></span> <span class='ocrx_word' id='word_1_157' title='bbox 347 2789 599 2837; x_wconf 89' lang='lat' dir='ltr'><strong>annosque</strong></span> <span class='ocrx_word' id='word_1_158' title='bbox 636 2774 863 2838; x_wconf 86' lang='lat' dir='ltr'><strong>politicos</strong></span> <span class='ocrx_word' id='word_1_159' title='bbox 901 2781 948 2824; x_wconf 91' lang='lat' dir='ltr'><strong>et</strong></span> <span class='ocrx_word' id='word_1_160' title='bbox 984 2776 1179 2839; x_wconf 89' lang='lat' dir='ltr'><strong>signant</strong></span> <span class='ocrx_word' id='word_1_161' title='bbox 1216 2776 1458 2825; x_wconf 83' lang='lat' dir='ltr'><strong>historias,</strong></span> 
     </span>
    </p>

    <p class='ocr_par' dir='ltr' id='par_1_12' title="bbox 93 2844 2346 2986">
     <span class='ocr_line' id='line_1_22' title="bbox 236 2844 2346 2914; baseline 0.002 -20"><span class='ocrx_word' id='word_1_162' title='bbox 236 2844 296 2914; x_wconf 83' lang='lat'><strong>4)</strong></span> <span class='ocrx_word' id='word_1_163' title='bbox 336 2847 712 2896; x_wconf 88' lang='lat' dir='ltr'><strong>Subordinatam</strong></span> <span class='ocrx_word' id='word_1_164' title='bbox 765 2848 915 2897; x_wconf 87' lang='lat' dir='ltr'><strong>habet</strong></span> <span class='ocrx_word' id='word_1_165' title='bbox 961 2848 1374 2912; x_wconf 88' lang='lat' dir='ltr'><strong>meteorologiam.</strong></span> <span class='ocrx_word' id='word_1_166' title='bbox 1453 2847 1599 2897; x_wconf 86' lang='lat' dir='ltr'><strong>Astra</strong></span> <span class='ocrx_word' id='word_1_167' title='bbox 1643 2849 1769 2896; x_wconf 89' lang='lat' dir='ltr'><strong>enim</strong></span> <span class='ocrx_word' id='word_1_168' title='bbox 1821 2852 2018 2897; x_wconf 88' lang='lat' dir='ltr'><strong>movent</strong></span> <span class='ocrx_word' id='word_1_169' title='bbox 2057 2853 2106 2898; x_wconf 89' lang='lat' dir='ltr'><strong>et</strong></span> <span class='ocrx_word' id='word_1_170' title='bbox 2142 2849 2346 2898; x_wconf 87' lang='lat' dir='ltr'><strong>incitant</strong></span> 
     </span>
     <span class='ocr_line' id='line_1_23' title="bbox 93 2920 1593 2986; baseline 0.004 -21"><span class='ocrx_word' id='word_1_171' title='bbox 93 2924 312 2969; x_wconf 86' lang='lat' dir='ltr'><strong>naturam</strong></span> <span class='ocrx_word' id='word_1_172' title='bbox 352 2921 663 2970; x_wconf 87' lang='lat' dir='ltr'><strong>sublunarem</strong></span> <span class='ocrx_word' id='word_1_173' title='bbox 701 2927 749 2970; x_wconf 87' lang='lat' dir='ltr'><strong>et</strong></span> <span class='ocrx_word' id='word_1_174' title='bbox 785 2921 1006 2972; x_wconf 86' lang='lat' dir='ltr'><strong>homines</strong></span> <span class='ocrx_word' id='word_1_175' title='bbox 1043 2924 1176 2986; x_wconf 89' lang='lat' dir='ltr'><strong>ipsos</strong></span> <span class='ocrx_word' id='word_1_176' title='bbox 1215 2920 1593 2985; x_wconf 79' lang='lat' dir='ltr'><strong>quodammodO.</strong></span> 
     </span>
    </p>

    <p class='ocr_par' dir='ltr' id='par_1_13' title="bbox 89 2990 2345 3204">
     <span class='ocr_line' id='line_1_24' title="bbox 239 2990 2344 3060; baseline 0.001 -18"><span class='ocrx_word' id='word_1_177' title='bbox 239 2990 297 3060; x_wconf 80' lang='lat'><strong>5)</strong></span> <span class='ocrx_word' id='word_1_178' title='bbox 346 2994 695 3058; x_wconf 88' lang='lat' dir='ltr'><strong>Complectitur</strong></span> <span class='ocrx_word' id='word_1_179' title='bbox 732 3009 959 3057; x_wconf 85' lang='lat' dir='ltr'><strong>magnam</strong></span> <span class='ocrx_word' id='word_1_180' title='bbox 997 3001 1183 3058; x_wconf 86' lang='lat' dir='ltr'><strong>partem</strong></span> <span class='ocrx_word' id='word_1_181' title='bbox 1224 2995 1432 3059; x_wconf 89' lang='lat' dir='ltr'><strong>optices‚</strong></span> <span class='ocrx_word' id='word_1_182' title='bbox 1484 2996 1599 3057; x_wconf 88' lang='lat' dir='ltr'><strong>quia</strong></span> <span class='ocrx_word' id='word_1_183' title='bbox 1638 3007 1891 3043; x_wconf 84' lang='lat' dir='ltr'><strong>commune</strong></span> <span class='ocrx_word' id='word_1_184' title='bbox 1931 3008 2040 3043; x_wconf 88' lang='lat' dir='ltr'><strong>cum</strong></span> <span class='ocrx_word' id='word_1_185' title='bbox 2078 2996 2187 3058; x_wconf 88' lang='lat' dir='ltr'><strong>ipsa</strong></span> <span class='ocrx_word' id='word_1_186' title='bbox 2225 2995 2344 3045; x_wconf 87' lang='lat' dir='ltr'><strong>sub-</strong></span> 
     </span>
     <span class='ocr_line' id='line_1_25' title="bbox 89 3064 2345 3131; baseline 0.002 -19"><span class='ocrx_word' id='word_1_187' title='bbox 89 3064 267 3125; x_wconf 88' lang='lat' dir='ltr'><strong>jectum</strong></span> <span class='ocrx_word' id='word_1_188' title='bbox 313 3066 489 3127; x_wconf 88' lang='lat' dir='ltr'><strong>habet,</strong></span> <span class='ocrx_word' id='word_1_189' title='bbox 537 3067 695 3116; x_wconf 87' lang='lat' dir='ltr'><strong>lucem</strong></span> <span class='ocrx_word' id='word_1_190' title='bbox 745 3081 997 3130; x_wconf 87' lang='lat' dir='ltr'><strong>corporum</strong></span> <span class='ocrx_word' id='word_1_191' title='bbox 1037 3067 1343 3128; x_wconf 89' lang='lat' dir='ltr'><strong>coelestium,</strong></span> <span class='ocrx_word' id='word_1_192' title='bbox 1398 3074 1447 3117; x_wconf 88' lang='lat' dir='ltr'><strong>et</strong></span> <span class='ocrx_word' id='word_1_193' title='bbox 1485 3068 1601 3129; x_wconf 90' lang='lat' dir='ltr'><strong>quia</strong></span> <span class='ocrx_word' id='word_1_194' title='bbox 1637 3066 1816 3116; x_wconf 87' lang='lat' dir='ltr'><strong>multas</strong></span> <span class='ocrx_word' id='word_1_195' title='bbox 1853 3068 1989 3117; x_wconf 89' lang='lat' dir='ltr'><strong>visus</strong></span> <span class='ocrx_word' id='word_1_196' title='bbox 2029 3066 2345 3131; x_wconf 85' lang='lat' dir='ltr'><strong>deceptiones</strong></span> 
     </span>
     <span class='ocr_line' id='line_1_26' title="bbox 94 3138 1225 3204; baseline 0.005 -21"><span class='ocrx_word' id='word_1_197' title='bbox 94 3138 219 3187; x_wconf 85' lang='lat' dir='ltr'><strong>circa</strong></span> <span class='ocrx_word' id='word_1_198' title='bbox 254 3139 420 3188; x_wconf 89' lang='lat' dir='ltr'><strong>mundi</strong></span> <span class='ocrx_word' id='word_1_199' title='bbox 460 3147 775 3202; x_wconf 90' lang='lat' dir='ltr'><strong>motuumque</strong></span> <span class='ocrx_word' id='word_1_200' title='bbox 813 3141 990 3189; x_wconf 81' lang='lat' dir='ltr'><strong>formas</strong></span> <span class='ocrx_word' id='word_1_201' title='bbox 1030 3139 1225 3204; x_wconf 86' lang='lat' dir='ltr'><strong>detegit.</strong></span> 
     </span>
    </p>

    <p class='ocr_par' dir='ltr' id='par_1_14' title="bbox 96 3209 2344 3498">
     <span class='ocr_line' id='line_1_27' title="bbox 236 3209 2344 3278; baseline 0.002 -19"><span class='ocrx_word' id='word_1_202' title='bbox 236 3209 286 3276; x_wconf 89' lang='grc'><strong>6)</strong></span> <span class='ocrx_word' id='word_1_203' title='bbox 324 3212 501 3262; x_wconf 87' lang='lat' dir='ltr'><strong>Subest</strong></span> <span class='ocrx_word' id='word_1_204' title='bbox 527 3220 687 3261; x_wconf 89' lang='lat' dir='ltr'><strong>tamen</strong></span> <span class='ocrx_word' id='word_1_205' title='bbox 715 3214 882 3275; x_wconf 86' lang='lat' dir='ltr'><strong>generi</strong></span> <span class='ocrx_word' id='word_1_206' title='bbox 920 3212 1371 3263; x_wconf 86' lang='lat' dir='ltr'><strong>mathematicarum</strong></span> <span class='ocrx_word' id='word_1_207' title='bbox 1398 3210 1775 3277; x_wconf 87' lang='lat' dir='ltr'><strong>disciplinarum,</strong></span> <span class='ocrx_word' id='word_1_208' title='bbox 1816 3218 1864 3263; x_wconf 89' lang='lat' dir='ltr'><strong>et</strong></span> <span class='ocrx_word' id='word_1_209' title='bbox 1889 3215 2159 3278; x_wconf 85' lang='lat' dir='ltr'><strong>geometria</strong></span> <span class='ocrx_word' id='word_1_210' title='bbox 2196 3221 2344 3278; x_wconf 89' lang='lat' dir='ltr'><strong>atque</strong></span> 
     </span>
     <span class='ocr_line' id='line_1_28' title="bbox 97 3282 2344 3352; baseline 0.003 -22"><span class='ocrx_word' id='word_1_211' title='bbox 97 3282 397 3334; x_wconf 83' lang='lat' dir='ltr'><strong>arithmetica</strong></span> <span class='ocrx_word' id='word_1_212' title='bbox 433 3301 519 3350; x_wconf 89' lang='lat' dir='ltr'><strong>pro</strong></span> <span class='ocrx_word' id='word_1_213' title='bbox 548 3286 738 3335; x_wconf 89' lang='lat' dir='ltr'><strong>duabus</strong></span> <span class='ocrx_word' id='word_1_214' title='bbox 776 3285 870 3334; x_wconf 88' lang='lat' dir='ltr'><strong>alis</strong></span> <span class='ocrx_word' id='word_1_215' title='bbox 907 3287 1073 3347; x_wconf 87' lang='lat' dir='ltr'><strong>utitur,</strong></span> <span class='ocrx_word' id='word_1_216' title='bbox 1113 3287 1411 3349; x_wconf 84' lang='lat' dir='ltr'><strong>quantitates</strong></span> <span class='ocrx_word' id='word_1_217' title='bbox 1451 3286 1702 3350; x_wconf 74' lang='lat' dir='ltr'><strong>etfiguras</strong></span> <span class='ocrx_word' id='word_1_218' title='bbox 1743 3288 2053 3338; x_wconf 88' lang='lat' dir='ltr'><strong>considerans</strong></span> <span class='ocrx_word' id='word_1_219' title='bbox 2089 3301 2344 3352; x_wconf 90' lang='lat' dir='ltr'><strong>corporum</strong></span> 
     </span>
     <span class='ocr_line' id='line_1_29' title="bbox 96 3357 2344 3424; baseline 0.004 -22"><span class='ocrx_word' id='word_1_220' title='bbox 96 3362 407 3421; x_wconf 87' lang='lat' dir='ltr'><strong>motuumque</strong></span> <span class='ocrx_word' id='word_1_221' title='bbox 435 3359 802 3418; x_wconf 85' lang='lat' dir='ltr'><strong>mundanorum,</strong></span> <span class='ocrx_word' id='word_1_222' title='bbox 844 3365 892 3406; x_wconf 89' lang='lat' dir='ltr'><strong>et</strong></span> <span class='ocrx_word' id='word_1_223' title='bbox 929 3364 1148 3421; x_wconf 88' lang='lat' dir='ltr'><strong>tempora</strong></span> <span class='ocrx_word' id='word_1_224' title='bbox 1174 3357 1497 3421; x_wconf 89' lang='lat' dir='ltr'><strong>dinumerans,</strong></span> <span class='ocrx_word' id='word_1_225' title='bbox 1537 3375 1716 3424; x_wconf 87' lang='lat' dir='ltr'><strong>perque</strong></span> <span class='ocrx_word' id='word_1_226' title='bbox 1756 3360 1877 3410; x_wconf 90' lang='lat' dir='ltr'><strong>haec</strong></span> <span class='ocrx_word' id='word_1_227' title='bbox 1909 3360 2344 3411; x_wconf 83' lang='lat' dir='ltr'><strong>demonstrationes</strong></span> 
     </span>
     <span class='ocr_line' id='line_1_30' title="bbox 98 3430 2114 3498; baseline 0.004 -23"><span class='ocrx_word' id='word_1_228' title='bbox 98 3441 209 3478; x_wconf 85' lang='lat' dir='ltr'><strong>suas</strong></span> <span class='ocrx_word' id='word_1_229' title='bbox 248 3431 507 3494; x_wconf 86' lang='lat' dir='ltr'><strong>expediens</strong></span> <span class='ocrx_word' id='word_1_230' title='bbox 546 3439 594 3482; x_wconf 88' lang='lat' dir='ltr'><strong>et</strong></span> <span class='ocrx_word' id='word_1_231' title='bbox 631 3440 783 3481; x_wconf 87' lang='lat' dir='ltr'><strong>totam</strong></span> <span class='ocrx_word' id='word_1_232' title='bbox 823 3432 1206 3495; x_wconf 84' lang='lat' dir='ltr'><strong>speculationem</strong></span> <span class='ocrx_word' id='word_1_233' title='bbox 1244 3430 1307 3480; x_wconf 87' lang='lat' dir='ltr'><strong>ad</strong></span> <span class='ocrx_word' id='word_1_234' title='bbox 1345 3446 1485 3481; x_wconf 91' lang='lat' dir='ltr'><strong>usum</strong></span> <span class='ocrx_word' id='word_1_235' title='bbox 1522 3447 1609 3483; x_wconf 87' lang='lat' dir='ltr'><strong>seu</strong></span> <span class='ocrx_word' id='word_1_236' title='bbox 1646 3435 1818 3498; x_wconf 88' lang='lat' dir='ltr'><strong>praxin</strong></span> <span class='ocrx_word' id='word_1_237' title='bbox 1858 3433 2114 3484; x_wconf 85' lang='lat' dir='ltr'><strong>deducens.</strong></span> 
     </span>
    </p>

    <p class='ocr_par' dir='ltr' id='par_1_15' title="bbox 241 3503 2345 3570">
     <span class='ocr_line' id='line_1_31' title="bbox 241 3503 2345 3570; baseline 0.002 -18"><span class='ocrx_word' id='word_1_238' title='bbox 241 3503 523 3567; x_wconf 77' lang='lat' dir='ltr'><strong>Quotupleae</strong></span> <span class='ocrx_word' id='word_1_239' title='bbox 560 3512 629 3554; x_wconf 73' lang='lat' dir='ltr'><strong>est</strong></span> <span class='ocrx_word' id='word_1_240' title='bbox 665 3508 822 3567; x_wconf 72' lang='lat' dir='ltr'><strong>iqitur</strong></span> <span class='ocrx_word' id='word_1_241' title='bbox 860 3507 1136 3554; x_wconf 72' lang='lat' dir='ltr'><strong>astronomi</strong></span> <span class='ocrx_word' id='word_1_242' title='bbox 1173 3519 1299 3553; x_wconf 76' lang='lat' dir='ltr'><strong>ewra</strong></span> <span class='ocrx_word' id='word_1_243' title='bbox 1337 3507 1663 3570; x_wconf 79' lang='lat' dir='ltr'><strong>munusque?</strong></span> <span class='ocrx_word' id='word_1_244' title='bbox 1718 3507 1891 3558; x_wconf 89' lang='lat' dir='ltr'><strong>Partes</strong></span> <span class='ocrx_word' id='word_1_245' title='bbox 1927 3509 2139 3557; x_wconf 90' lang='lat' dir='ltr'><strong>muneris</strong></span> <span class='ocrx_word' id='word_1_246' title='bbox 2185 3513 2345 3557; x_wconf 86' lang='lat' dir='ltr'><strong>astro-</strong></span> 
     </span>
    </p>
   </div>
   <div class='ocr_carea' id='block_1_8' title="bbox 8 3575 2345 3647">
    <p class='ocr_par' dir='ltr' id='par_1_16' title="bbox 8 3575 2345 3647">
     <span class='ocr_line' id='line_1_32' title="bbox 8 3575 2345 3647; baseline 0.005 -30"><span class='ocrx_word' id='word_1_247' title='bbox 8 3583 12 3627; x_wconf 68' lang='lat'><strong>&#39;2</strong></span> <span class='ocrx_word' id='word_1_248' title='bbox 98 3575 269 3623; x_wconf 90' lang='lat' dir='ltr'><strong>nomici</strong></span> <span class='ocrx_word' id='word_1_249' title='bbox 296 3579 597 3639; x_wconf 85' lang='lat' dir='ltr'><strong>potissimum</strong></span> <span class='ocrx_word' id='word_1_250' title='bbox 629 3580 843 3640; x_wconf 87' lang='lat' dir='ltr'><strong>quinque</strong></span> <span class='ocrx_word' id='word_1_251' title='bbox 870 3583 1007 3626; x_wconf 89' lang='lat' dir='ltr'><strong>sunt:</strong></span> <span class='ocrx_word' id='word_1_252' title='bbox 1047 3577 1277 3626; x_wconf 86' lang='lat' dir='ltr'><strong>historica</strong></span> <span class='ocrx_word' id='word_1_253' title='bbox 1314 3576 1372 3627; x_wconf 89' lang='lat' dir='ltr'><strong>de</strong></span> <span class='ocrx_word' id='word_1_254' title='bbox 1399 3579 1838 3647; x_wconf 83' lang='lat' dir='ltr'><strong>observationibus,</strong></span> <span class='ocrx_word' id='word_1_255' title='bbox 1878 3583 2039 3646; x_wconf 88' lang='lat' dir='ltr'><strong>optica</strong></span> <span class='ocrx_word' id='word_1_256' title='bbox 2079 3580 2138 3630; x_wconf 91' lang='lat' dir='ltr'><strong>de</strong></span> <span class='ocrx_word' id='word_1_257' title='bbox 2185 3581 2345 3645; x_wconf 87' lang='lat' dir='ltr'><strong>hypo-</strong></span> 
     </span>
    </p>
   </div>
   <div class='ocr_carea' id='block_1_9' title="bbox 97 3644 2342 3773">
    <p class='ocr_par' dir='ltr' id='par_1_17' title="bbox 97 3644 2342 3773">
     <span class='ocr_line' id='line_1_33' title="bbox 97 3644 2342 3715; baseline 0.004 -23"><span class='ocrx_word' id='word_1_258' title='bbox 97 3644 333 3709; x_wconf 83' lang='lat' dir='ltr'><strong>thesibus,</strong></span> <span class='ocrx_word' id='word_1_259' title='bbox 383 3650 589 3714; x_wconf 84' lang='lat' dir='ltr'><strong>physica</strong></span> <span class='ocrx_word' id='word_1_260' title='bbox 641 3651 700 3700; x_wconf 86' lang='lat' dir='ltr'><strong>de</strong></span> <span class='ocrx_word' id='word_1_261' title='bbox 754 3652 915 3699; x_wconf 86' lang='lat' dir='ltr'><strong>causis</strong></span> <span class='ocrx_word' id='word_1_262' title='bbox 966 3649 1335 3715; x_wconf 83' lang='lat' dir='ltr'><strong>hypothesium,</strong></span> <span class='ocrx_word' id='word_1_263' title='bbox 1388 3652 1693 3704; x_wconf 87' lang='lat' dir='ltr'><strong>arithmetica</strong></span> <span class='ocrx_word' id='word_1_264' title='bbox 1732 3653 1791 3703; x_wconf 91' lang='lat' dir='ltr'><strong>de</strong></span> <span class='ocrx_word' id='word_1_265' title='bbox 1829 3654 2010 3704; x_wconf 89' lang='lat' dir='ltr'><strong>tabulis</strong></span> <span class='ocrx_word' id='word_1_266' title='bbox 2051 3660 2099 3703; x_wconf 91' lang='lat' dir='ltr'><strong>et</strong></span> <span class='ocrx_word' id='word_1_267' title='bbox 2138 3654 2342 3714; x_wconf 88' lang='lat' dir='ltr'><strong>calculo,</strong></span> 
     </span>
     <span class='ocr_line' id='line_1_34' title="bbox 98 3719 854 3773; baseline 0.005 -7"><span class='ocrx_word' id='word_1_268' title='bbox 98 3719 374 3770; x_wconf 87' lang='lat' dir='ltr'><strong>mechanica</strong></span> <span class='ocrx_word' id='word_1_269' title='bbox 411 3723 470 3772; x_wconf 87' lang='lat' dir='ltr'><strong>de</strong></span> <span class='ocrx_word' id='word_1_270' title='bbox 508 3725 854 3773; x_wconf 87' lang='lat' dir='ltr'><strong>instrumentis.</strong></span> 
     </span>
    </p>
   </div>
   <div class='ocr_carea' id='block_1_10' title="bbox 99 3794 2345 3943">
    <p class='ocr_par' dir='ltr' id='par_1_18' title="bbox 99 3794 2345 3943">
     <span class='ocr_line' id='line_1_35' title="bbox 246 3794 2345 3863; baseline 0.003 -19"><span class='ocrx_word' id='word_1_271' title='bbox 246 3794 502 3856; x_wconf 81' lang='lat' dir='ltr'><strong>Quomodo</strong></span> <span class='ocrx_word' id='word_1_272' title='bbox 539 3799 670 3845; x_wconf 77' lang='lat' dir='ltr'><strong>inter</strong></span> <span class='ocrx_word' id='word_1_273' title='bbox 706 3812 755 3845; x_wconf 77' lang='lat' dir='ltr'><strong>sc</strong></span> <span class='ocrx_word' id='word_1_274' title='bbox 791 3797 1068 3860; x_wconf 75' lang='lat' dir='ltr'><strong>differunt?</strong></span> <span class='ocrx_word' id='word_1_275' title='bbox 1121 3796 1223 3845; x_wconf 87' lang='lat' dir='ltr'><strong>Etsi</strong></span> <span class='ocrx_word' id='word_1_276' title='bbox 1261 3796 1395 3847; x_wconf 85' lang='lat' dir='ltr'><strong>nulla</strong></span> <span class='ocrx_word' id='word_1_277' title='bbox 1433 3813 1596 3848; x_wconf 89' lang='lat' dir='ltr'><strong>earum</strong></span> <span class='ocrx_word' id='word_1_278' title='bbox 1636 3804 1796 3863; x_wconf 88' lang='lat' dir='ltr'><strong>potest</strong></span> <span class='ocrx_word' id='word_1_279' title='bbox 1837 3815 1998 3850; x_wconf 87' lang='lat' dir='ltr'><strong>carere</strong></span> <span class='ocrx_word' id='word_1_280' title='bbox 2037 3800 2345 3850; x_wconf 84' lang='lat' dir='ltr'><strong>demonstra-</strong></span> 
     </span>
     <span class='ocr_line' id='line_1_36' title="bbox 99 3863 2343 3943; baseline 0.007 -32"><span class='ocrx_word' id='word_1_281' title='bbox 99 3863 309 3915; x_wconf 84' lang='lat' dir='ltr'><strong>tionibus</strong></span> <span class='ocrx_word' id='word_1_282' title='bbox 346 3870 674 3932; x_wconf 81' lang='lat' dir='ltr'><strong>geometricis,</strong></span> <span class='ocrx_word' id='word_1_283' title='bbox 725 3884 851 3934; x_wconf 85' lang='lat' dir='ltr'><strong>quae</strong></span> <span class='ocrx_word' id='word_1_284' title='bbox 905 3868 965 3919; x_wconf 88' lang='lat' dir='ltr'><strong>ad</strong></span> <span class='ocrx_word' id='word_1_285' title='bbox 1019 3868 1252 3919; x_wconf 86' lang='lat' dir='ltr'><strong>theoriam</strong></span> <span class='ocrx_word' id='word_1_286' title='bbox 1290 3870 1488 3934; x_wconf 81' lang='lat' dir='ltr'><strong>faciunt,</strong></span> <span class='ocrx_word' id='word_1_287' title='bbox 1528 3873 1865 3942; x_wconf 83' lang='lat' dir='ltr'><strong>numerisque,</strong></span> <span class='ocrx_word' id='word_1_288' title='bbox 1922 3875 2005 3938; x_wconf 92' lang='lat' dir='ltr'><strong>qui</strong></span> <span class='ocrx_word' id='word_1_289' title='bbox 2056 3873 2119 3925; x_wconf 89' lang='lat' dir='ltr'><strong>ad</strong></span> <span class='ocrx_word' id='word_1_290' title='bbox 2156 3875 2343 3943; x_wconf 81' lang='lat' dir='ltr'><strong>pra‘xin.</strong></span> 
     </span>
    </p>
   </div>
  </div>
 </body>
</html>
