<?xml version="1.0" encoding="UTF-8"?>
<!DOCTYPE html PUBLIC "-//W3C//DTD XHTML 1.0 Transitional//EN"
    "http://www.w3.org/TR/xhtml1/DTD/xhtml1-transitional.dtd">
<html xmlns="http://www.w3.org/1999/xhtml" xml:lang="en" lang="en">
 <head>
  <title>
</title>
<meta http-equiv="Content-Type" content="text/html;charset=utf-8" />
  <meta name='ocr-system' content='tesseract 3.04.00' />
  <meta name='ocr-capabilities' content='ocr_page ocr_carea ocr_par ocr_line ocrx_word'/>
</head>
<body>
  <div class='ocr_page' id='page_1' title='image "./operaomniaedidit06kepluoft_0520.png"; bbox 0 0 2554 4140; ppageno 0'>
   <div class='ocr_carea' id='block_1_1' title="bbox 231 117 1634 177">
    <p class='ocr_par' dir='ltr' id='par_1_1' title="bbox 231 117 1634 177">
     <span class='ocr_line' id='line_1_1' title="bbox 231 117 1634 177; baseline 0 -11"><span class='ocrx_word' id='word_1_1' title='bbox 231 117 332 167; x_wconf 82' lang='lat'>506</span> <span class='ocrx_word' id='word_1_2' title='bbox 1053 119 1288 177; x_wconf 87' lang='lat' dir='ltr'>Epitomes</span> <span class='ocrx_word' id='word_1_3' title='bbox 1317 121 1634 166; x_wconf 81' lang='lat' dir='ltr'>Astronomiae</span> 
     </span>
    </p>
   </div>
   <div class='ocr_carea' id='block_1_2' title="bbox 140 263 2554 3744">
    <p class='ocr_par' dir='ltr' id='par_1_2' title="bbox 222 263 2467 692">
     <span class='ocr_line' id='line_1_2' title="bbox 224 263 2465 331; baseline 0.001 -21"><span class='ocrx_word' id='word_1_4' title='bbox 224 263 452 312; x_wconf 88' lang='lat' dir='ltr'>trionales</span> <span class='ocrx_word' id='word_1_5' title='bbox 491 263 686 325; x_wconf 90' lang='lat' dir='ltr'>quidem</span> <span class='ocrx_word' id='word_1_6' title='bbox 723 265 988 327; x_wconf 87' lang='lat' dir='ltr'>parallelae</span> <span class='ocrx_word' id='word_1_7' title='bbox 1037 266 1277 316; x_wconf 89' lang='lat' dir='ltr'>defectum</span> <span class='ocrx_word' id='word_1_8' title='bbox 1328 269 1379 315; x_wconf 89' lang='lat' dir='ltr'>in</span> <span class='ocrx_word' id='word_1_9' title='bbox 1418 268 1531 316; x_wconf 88' lang='lat' dir='ltr'>Sole</span> <span class='ocrx_word' id='word_1_10' title='bbox 1570 274 1778 331; x_wconf 89' lang='lat' dir='ltr'>arguunt</span> <span class='ocrx_word' id='word_1_11' title='bbox 1816 268 2101 330; x_wconf 84' lang='lat' dir='ltr'>australem,</span> <span class='ocrx_word' id='word_1_12' title='bbox 2153 282 2179 316; x_wconf 92' lang='lat' dir='ltr'>e</span> <span class='ocrx_word' id='word_1_13' title='bbox 2226 267 2465 315; x_wconf 87' lang='lat' dir='ltr'>contrario</span> 
     </span>
     <span class='ocr_line' id='line_1_3' title="bbox 224 335 2466 405; baseline 0 -22"><span class='ocrx_word' id='word_1_14' title='bbox 224 335 459 383; x_wconf 84' lang='lat' dir='ltr'><strong>australes</strong></span> <span class='ocrx_word' id='word_1_15' title='bbox 497 337 937 398; x_wconf 80' lang='lat' dir='ltr'>septentrionalem.</span> <span class='ocrx_word' id='word_1_16' title='bbox 1014 340 1300 388; x_wconf 83' lang='lat' dir='ltr'>Evidentius</span> <span class='ocrx_word' id='word_1_17' title='bbox 1340 343 1410 388; x_wconf 90' lang='lat' dir='ltr'>sic</span> <span class='ocrx_word' id='word_1_18' title='bbox 1438 342 1551 389; x_wconf 86' lang='lat' dir='ltr'>erit:</span> <span class='ocrx_word' id='word_1_19' title='bbox 1593 348 1744 402; x_wconf 90' lang='lat' dir='ltr'>quota</span> <span class='ocrx_word' id='word_1_20' title='bbox 1782 348 1855 391; x_wconf 89' lang='lat' dir='ltr'>est</span> <span class='ocrx_word' id='word_1_21' title='bbox 1881 344 2086 405; x_wconf 85' lang='lat' dir='ltr'>quaevis</span> <span class='ocrx_word' id='word_1_22' title='bbox 2122 339 2466 404; x_wconf 88' lang='lat' dir='ltr'>parallelarum</span> 
     </span>
     <span class='ocr_line' id='line_1_4' title="bbox 224 408 2466 478; baseline 0 -23"><span class='ocrx_word' id='word_1_23' title='bbox 224 423 254 455; x_wconf 91' lang='lat' dir='ltr'>a</span> <span class='ocrx_word' id='word_1_24' title='bbox 288 410 368 456; x_wconf 90' lang='lat' dir='ltr'>via</span> <span class='ocrx_word' id='word_1_25' title='bbox 402 408 599 457; x_wconf 85' lang='lat' dir='ltr'>umbrae</span> <span class='ocrx_word' id='word_1_26' title='bbox 635 409 879 472; x_wconf 85' lang='lat' dir='ltr'>plenariae</span> <span class='ocrx_word' id='word_1_27' title='bbox 908 410 1004 472; x_wconf 86' lang='lat' dir='ltr'>RS,</span> <span class='ocrx_word' id='word_1_28' title='bbox 1045 414 1168 461; x_wconf 89' lang='lat' dir='ltr'>inter</span> <span class='ocrx_word' id='word_1_29' title='bbox 1203 412 1466 475; x_wconf 87' lang='lat' dir='ltr'>parallelas</span> <span class='ocrx_word' id='word_1_30' title='bbox 1494 413 1669 474; x_wconf 90' lang='lat' dir='ltr'>media,</span> <span class='ocrx_word' id='word_1_31' title='bbox 1709 415 1757 460; x_wconf 90' lang='lat' dir='ltr'>in</span> <span class='ocrx_word' id='word_1_32' title='bbox 1793 415 1990 478; x_wconf 87' lang='lat' dir='ltr'>plagam</span> <span class='ocrx_word' id='word_1_33' title='bbox 2015 415 2308 472; x_wconf 87' lang='lat' dir='ltr'>alterutram,</span> <span class='ocrx_word' id='word_1_34' title='bbox 2349 413 2466 458; x_wconf 90' lang='lat' dir='ltr'>toti-</span> 
     </span>
     <span class='ocr_line' id='line_1_5' title="bbox 224 479 2467 551; baseline 0.001 -25"><span class='ocrx_word' id='word_1_35' title='bbox 224 479 333 527; x_wconf 88' lang='lat' dir='ltr'>dem</span> <span class='ocrx_word' id='word_1_36' title='bbox 373 494 430 528; x_wconf 88' lang='lat' dir='ltr'>ex</span> <span class='ocrx_word' id='word_1_37' title='bbox 467 480 552 529; x_wconf 90' lang='lat' dir='ltr'>illa</span> <span class='ocrx_word' id='word_1_38' title='bbox 588 484 800 546; x_wconf 88' lang='lat' dir='ltr'>corporis</span> <span class='ocrx_word' id='word_1_39' title='bbox 838 483 1010 545; x_wconf 83' lang='lat' dir='ltr'>solaris</span> <span class='ocrx_word' id='word_1_40' title='bbox 1048 486 1197 548; x_wconf 86' lang='lat' dir='ltr'>plaga</span> <span class='ocrx_word' id='word_1_41' title='bbox 1245 485 1426 534; x_wconf 82' lang='lat' dir='ltr'>residui</span> <span class='ocrx_word' id='word_1_42' title='bbox 1476 491 1589 533; x_wconf 91' lang='lat' dir='ltr'>sunt</span> <span class='ocrx_word' id='word_1_43' title='bbox 1634 485 1783 534; x_wconf 88' lang='lat' dir='ltr'>lucidi</span> <span class='ocrx_word' id='word_1_44' title='bbox 1821 487 1972 551; x_wconf 81' lang='lat' dir='ltr'>digiti,</span> <span class='ocrx_word' id='word_1_45' title='bbox 2049 486 2112 536; x_wconf 89' lang='lat' dir='ltr'>Ut</span> <span class='ocrx_word' id='word_1_46' title='bbox 2150 487 2266 547; x_wconf 91' lang='lat' dir='ltr'>quia</span> <span class='ocrx_word' id='word_1_47' title='bbox 2302 483 2356 530; x_wconf 93' lang='lat' dir='ltr'><strong>M</strong></span> <span class='ocrx_word' id='word_1_48' title='bbox 2394 489 2467 530; x_wconf 91' lang='lat' dir='ltr'>est</span> 
     </span>
     <span class='ocr_line' id='line_1_6' title="bbox 223 554 2467 623; baseline 0.001 -24"><span class='ocrx_word' id='word_1_49' title='bbox 223 554 391 613; x_wconf 84' lang='lat' dir='ltr'>quinta</span> <span class='ocrx_word' id='word_1_50' title='bbox 427 558 538 616; x_wconf 92' lang='lat' dir='ltr'>post</span> <span class='ocrx_word' id='word_1_51' title='bbox 573 554 653 603; x_wconf 87' lang='lat' dir='ltr'>RS</span> <span class='ocrx_word' id='word_1_52' title='bbox 692 570 859 605; x_wconf 90' lang='lat' dir='ltr'>versus</span> <span class='ocrx_word' id='word_1_53' title='bbox 898 562 1138 619; x_wconf 86' lang='lat' dir='ltr'>austrum,</span> <span class='ocrx_word' id='word_1_54' title='bbox 1194 572 1308 620; x_wconf 88' lang='lat' dir='ltr'>ergo</span> <span class='ocrx_word' id='word_1_55' title='bbox 1359 558 1574 621; x_wconf 91' lang='lat' dir='ltr'>quinque</span> <span class='ocrx_word' id='word_1_56' title='bbox 1625 558 1763 621; x_wconf 85' lang='lat' dir='ltr'>digiti</span> <span class='ocrx_word' id='word_1_57' title='bbox 1801 561 1852 607; x_wconf 91' lang='lat' dir='ltr'>in</span> <span class='ocrx_word' id='word_1_58' title='bbox 1889 559 2005 609; x_wconf 88' lang='lat' dir='ltr'>Sole</span> <span class='ocrx_word' id='word_1_59' title='bbox 2053 559 2235 608; x_wconf 87' lang='lat' dir='ltr'>residui</span> <span class='ocrx_word' id='word_1_60' title='bbox 2272 560 2467 623; x_wconf 85' lang='lat' dir='ltr'>manent</span> 
     </span>
     <span class='ocr_line' id='line_1_7' title="bbox 222 625 1413 692; baseline 0.007 -20"><span class='ocrx_word' id='word_1_61' title='bbox 222 625 284 672; x_wconf 90' lang='lat' dir='ltr'>ab</span> <span class='ocrx_word' id='word_1_62' title='bbox 322 631 485 673; x_wconf 87' lang='lat' dir='ltr'>austro</span> <span class='ocrx_word' id='word_1_63' title='bbox 524 627 573 673; x_wconf 93' lang='lat' dir='ltr'>in</span> <span class='ocrx_word' id='word_1_64' title='bbox 612 630 835 677; x_wconf 86' lang='lat' dir='ltr'>omnibus</span> <span class='ocrx_word' id='word_1_65' title='bbox 872 629 992 677; x_wconf 90' lang='lat' dir='ltr'>locis</span> <span class='ocrx_word' id='word_1_66' title='bbox 1030 647 1062 678; x_wconf 91' lang='lat' dir='ltr'>a</span> <span class='ocrx_word' id='word_1_67' title='bbox 1098 630 1154 678; x_wconf 92' lang='lat' dir='ltr'>M</span> <span class='ocrx_word' id='word_1_68' title='bbox 1189 632 1413 692; x_wconf 75' lang='lat' dir='ltr'>signatis,</span> 
     </span>
    </p>

    <p class='ocr_par' dir='ltr' id='par_1_3' title="bbox 215 697 2471 1566">
     <span class='ocr_line' id='line_1_8' title="bbox 366 697 2470 765; baseline 0 -21"><span class='ocrx_word' id='word_1_69' title='bbox 366 697 536 760; x_wconf 81' lang='lat' dir='ltr'>Defini</span> <span class='ocrx_word' id='word_1_70' title='bbox 594 703 832 751; x_wconf 79' lang='lat' dir='ltr'>terminos</span> <span class='ocrx_word' id='word_1_71' title='bbox 894 704 1151 764; x_wconf 81' lang='lat' dir='ltr'>eclipsium</span> <span class='ocrx_word' id='word_1_72' title='bbox 1205 702 1334 751; x_wconf 78' lang='lat' dir='ltr'>Solis</span> <span class='ocrx_word' id='word_1_73' title='bbox 1391 718 1477 751; x_wconf 81' lang='lat' dir='ltr'>seu</span> <span class='ocrx_word' id='word_1_74' title='bbox 1535 705 1705 765; x_wconf 80' lang='lat' dir='ltr'>potius</span> <span class='ocrx_word' id='word_1_75' title='bbox 1759 703 1995 764; x_wconf 77' lang='lat' dir='ltr'>Telluris,</span> <span class='ocrx_word' id='word_1_76' title='bbox 2060 709 2168 751; x_wconf 84' lang='lat' dir='ltr'>tam</span> <span class='ocrx_word' id='word_1_77' title='bbox 2220 700 2470 758; x_wconf 82' lang='lat' dir='ltr'>totalium,</span> 
     </span>
     <span class='ocr_line' id='line_1_9' title="bbox 222 772 2468 838; baseline -0.001 -18"><span class='ocrx_word' id='word_1_78' title='bbox 222 784 376 833; x_wconf 82' lang='lat' dir='ltr'>quam</span> <span class='ocrx_word' id='word_1_79' title='bbox 411 773 731 832; x_wconf 80' lang='lat' dir='ltr'>partialium.</span> <span class='ocrx_word' id='word_1_80' title='bbox 808 774 915 823; x_wconf 87' lang='lat' dir='ltr'>Sint</span> <span class='ocrx_word' id='word_1_81' title='bbox 951 775 1210 823; x_wconf 90' lang='lat' dir='ltr'>luminaria</span> <span class='ocrx_word' id='word_1_82' title='bbox 1248 790 1485 838; x_wconf 87' lang='lat' dir='ltr'>apogaea.</span> <span class='ocrx_word' id='word_1_83' title='bbox 1562 775 1685 824; x_wconf 86' lang='lat' dir='ltr'>Cum</span> <span class='ocrx_word' id='word_1_84' title='bbox 1723 789 1837 837; x_wconf 88' lang='lat' dir='ltr'>ergo</span> <span class='ocrx_word' id='word_1_85' title='bbox 1877 775 2224 823; x_wconf 87' lang='lat' dir='ltr'>semidiametri</span> <span class='ocrx_word' id='word_1_86' title='bbox 2261 772 2379 820; x_wconf 89' lang='lat' dir='ltr'>disci</span> <span class='ocrx_word' id='word_1_87' title='bbox 2418 777 2468 819; x_wconf 88' lang='lat' dir='ltr'>et</span> 
     </span>
     <span class='ocr_line' id='line_1_10' title="bbox 219 844 2466 909; baseline 0 -20"><span class='ocrx_word' id='word_1_88' title='bbox 219 844 512 907; x_wconf 87' lang='lat' dir='ltr'>penumbrae</span> <span class='ocrx_word' id='word_1_89' title='bbox 561 853 770 908; x_wconf 87' lang='lat' dir='ltr'>aequent</span> <span class='ocrx_word' id='word_1_90' title='bbox 818 847 1089 909; x_wconf 87' lang='lat' dir='ltr'>parallaxin</span> <span class='ocrx_word' id='word_1_91' title='bbox 1140 848 1310 896; x_wconf 90' lang='lat' dir='ltr'>Lunae</span> <span class='ocrx_word' id='word_1_92' title='bbox 1368 865 1396 897; x_wconf 89' lang='lat' dir='ltr'>a</span> <span class='ocrx_word' id='word_1_93' title='bbox 1444 848 1558 897; x_wconf 91' lang='lat' dir='ltr'>Sole</span> <span class='ocrx_word' id='word_1_94' title='bbox 1621 853 1670 896; x_wconf 93' lang='lat' dir='ltr'>et</span> <span class='ocrx_word' id='word_1_95' title='bbox 1717 848 2104 896; x_wconf 85' lang='lat' dir='ltr'>semidiametros</span> <span class='ocrx_word' id='word_1_96' title='bbox 2155 847 2466 894; x_wconf 88' lang='lat' dir='ltr'>luminarium</span> 
     </span>
     <span class='ocr_line' id='line_1_11' title="bbox 215 915 2463 983; baseline 0 -20"><span class='ocrx_word' id='word_1_97' title='bbox 215 915 412 978; x_wconf 87' lang='lat' dir='ltr'>juncta:</span> <span class='ocrx_word' id='word_1_98' title='bbox 467 918 555 965; x_wconf 90' lang='lat' dir='ltr'>erit</span> <span class='ocrx_word' id='word_1_99' title='bbox 592 933 779 967; x_wconf 89' lang='lat' dir='ltr'>summa</span> <span class='ocrx_word' id='word_1_100' title='bbox 828 919 1293 969; x_wconf 89' lang='lat' dir='ltr'>semidiametrorum</span> <span class='ocrx_word' id='word_1_101' title='bbox 1333 921 1454 969; x_wconf 90' lang='lat' dir='ltr'>disci</span> <span class='ocrx_word' id='word_1_102' title='bbox 1493 928 1542 969; x_wconf 91' lang='lat' dir='ltr'>et</span> <span class='ocrx_word' id='word_1_103' title='bbox 1577 922 1872 983; x_wconf 80' lang='lat' dir='ltr'>&#39;penumbrae</span> <span class='ocrx_word' id='word_1_104' title='bbox 1914 922 1999 968; x_wconf 81' lang='lat'>87‘</span> <span class='ocrx_word' id='word_1_105' title='bbox 2040 920 2162 969; x_wconf 63' lang='lat'>23⁶.</span> <span class='ocrx_word' id='word_1_106' title='bbox 2235 917 2303 967; x_wconf 92' lang='lat' dir='ltr'>Ut</span> <span class='ocrx_word' id='word_1_107' title='bbox 2349 931 2463 965; x_wconf 84' lang='lat' dir='ltr'>vcro</span> 
     </span>
     <span class='ocr_line' id='line_1_12' title="bbox 220 980 2469 1060; baseline -0.001 -23"><span class='ocrx_word' id='word_1_108' title='bbox 220 988 480 1051; x_wconf 85' lang='lat' dir='ltr'>parallaxis</span> <span class='ocrx_word' id='word_1_109' title='bbox 517 986 586 1056; x_wconf 56' lang='lat' dir='ltr'>Q</span> <span class='ocrx_word' id='word_1_110' title='bbox 629 993 714 1039; x_wconf 79' lang='lat'>58¹</span> <span class='ocrx_word' id='word_1_111' title='bbox 753 994 857 1056; x_wconf 69' lang='lat'>22‘(</span> <span class='ocrx_word' id='word_1_112' title='bbox 895 991 958 1039; x_wconf 89' lang='lat' dir='ltr'>ad</span> <span class='ocrx_word' id='word_1_113' title='bbox 995 980 1267 1055; x_wconf 83' lang='lat' dir='ltr'>parallaxin</span> <span class='ocrx_word' id='word_1_114' title='bbox 1302 990 1372 1060; x_wconf 54' lang='lat' dir='ltr'>Q</span> <span class='ocrx_word' id='word_1_115' title='bbox 1411 1009 1441 1042; x_wconf 87' lang='lat' dir='ltr'>a</span> <span class='ocrx_word' id='word_1_116' title='bbox 1482 993 1544 1055; x_wconf 73' lang='grc' dir='ltr'>Θ</span> <span class='ocrx_word' id='word_1_117' title='bbox 1590 994 1675 1041; x_wconf 84' lang='grc'>57’</span> <span class='ocrx_word' id='word_1_118' title='bbox 1714 995 1832 1053; x_wconf 83' lang='grc'><strong>23”,</strong></span> <span class='ocrx_word' id='word_1_119' title='bbox 1881 994 1952 1042; x_wconf 88' lang='lat' dir='ltr'>sic</span> <span class='ocrx_word' id='word_1_120' title='bbox 1988 994 2080 1041; x_wconf 89' lang='lat' dir='ltr'>iste</span> <span class='ocrx_word' id='word_1_121' title='bbox 2118 999 2259 1040; x_wconf 86' lang='lat' dir='ltr'>arcus</span> <span class='ocrx_word' id='word_1_122' title='bbox 2295 990 2469 1038; x_wconf 84' lang='lat' dir='ltr'>latitu-</span> 
     </span>
     <span class='ocr_line' id='line_1_13' title="bbox 222 1060 2469 1115; baseline -0 -6"><span class='ocrx_word' id='word_1_123' title='bbox 222 1060 432 1110; x_wconf 89' lang='lat' dir='ltr'>dinarius</span> <span class='ocrx_word' id='word_1_124' title='bbox 472 1063 594 1111; x_wconf 91' lang='lat' dir='ltr'>inter</span> <span class='ocrx_word' id='word_1_125' title='bbox 631 1069 792 1112; x_wconf 85' lang='lat' dir='ltr'>centra</span> <span class='ocrx_word' id='word_1_126' title='bbox 832 1065 950 1112; x_wconf 90' lang='lat' dir='ltr'>disci</span> <span class='ocrx_word' id='word_1_127' title='bbox 988 1071 1036 1114; x_wconf 91' lang='lat' dir='ltr'>et</span> <span class='ocrx_word' id='word_1_128' title='bbox 1072 1067 1272 1115; x_wconf 87' lang='lat' dir='ltr'>umbrae</span> <span class='ocrx_word' id='word_1_129' title='bbox 1304 1067 1474 1115; x_wconf 90' lang='lat' dir='ltr'>Lunae</span> <span class='ocrx_word' id='word_1_130' title='bbox 1516 1067 1601 1114; x_wconf 73' lang='lat'>871</span> <span class='ocrx_word' id='word_1_131' title='bbox 1642 1066 1746 1114; x_wconf 63' lang='lat'>23⁶</span> <span class='ocrx_word' id='word_1_132' title='bbox 1784 1065 1847 1114; x_wconf 90' lang='lat' dir='ltr'>ad</span> <span class='ocrx_word' id='word_1_133' title='bbox 1884 1079 2049 1114; x_wconf 89' lang='lat' dir='ltr'>arcum</span> <span class='ocrx_word' id='word_1_134' title='bbox 2086 1063 2469 1112; x_wconf 86' lang='lat' dir='ltr'>latitudiuarium</span> 
     </span>
     <span class='ocr_line' id='line_1_14' title="bbox 222 1133 2468 1204; baseline -0.001 -21"><span class='ocrx_word' id='word_1_135' title='bbox 222 1135 371 1183; x_wconf 87' lang='lat' dir='ltr'>centri</span> <span class='ocrx_word' id='word_1_136' title='bbox 410 1133 577 1194; x_wconf 87' lang='lat' dir='ltr'>Lunae</span> <span class='ocrx_word' id='word_1_137' title='bbox 631 1138 715 1184; x_wconf 83' lang='lat'>86‘</span> <span class='ocrx_word' id='word_1_138' title='bbox 756 1138 837 1185; x_wconf 74' lang='grc' dir='ltr'>δ”.</span> <span class='ocrx_word' id='word_1_139' title='bbox 911 1137 1044 1186; x_wconf 85' lang='lat' dir='ltr'>Huic</span> <span class='ocrx_word' id='word_1_140' title='bbox 1087 1138 1333 1187; x_wconf 89' lang='lat' dir='ltr'>latitudini</span> <span class='ocrx_word' id='word_1_141' title='bbox 1383 1139 1515 1203; x_wconf 87' lang='lat' dir='ltr'>(nam</span> <span class='ocrx_word' id='word_1_142' title='bbox 1553 1138 1823 1189; x_wconf 85' lang='lat' dir='ltr'>insensibili</span> <span class='ocrx_word' id='word_1_143' title='bbox 1863 1134 2045 1204; x_wconf 83' lang='lat' dir='ltr'>differt)</span> <span class='ocrx_word' id='word_1_144' title='bbox 2092 1134 2355 1199; x_wconf 84' lang='lat' dir='ltr'>respondet</span> <span class='ocrx_word' id='word_1_145' title='bbox 2391 1135 2468 1182; x_wconf 92' lang='lat' dir='ltr'>di-</span> 
     </span>
     <span class='ocr_line' id='line_1_15' title="bbox 221 1207 2469 1274; baseline -0 -18"><span class='ocrx_word' id='word_1_146' title='bbox 221 1209 400 1256; x_wconf 86' lang='lat' dir='ltr'>stantia</span> <span class='ocrx_word' id='word_1_147' title='bbox 438 1223 468 1255; x_wconf 92' lang='lat' dir='ltr'>a</span> <span class='ocrx_word' id='word_1_148' title='bbox 504 1207 632 1257; x_wconf 90' lang='lat' dir='ltr'>nodo</span> <span class='ocrx_word' id='word_1_149' title='bbox 676 1207 767 1257; x_wconf 88' lang='lat'>15⁰</span> <span class='ocrx_word' id='word_1_150' title='bbox 804 1211 891 1258; x_wconf 78' lang='lat'>43‘</span> <span class='ocrx_word' id='word_1_151' title='bbox 933 1226 1026 1272; x_wconf 88' lang='lat' dir='ltr'>pro</span> <span class='ocrx_word' id='word_1_152' title='bbox 1079 1213 1283 1260; x_wconf 90' lang='lat' dir='ltr'>termino</span> <span class='ocrx_word' id='word_1_153' title='bbox 1334 1212 1629 1274; x_wconf 89' lang='lat' dir='ltr'>partialium.</span> <span class='ocrx_word' id='word_1_154' title='bbox 1705 1212 1761 1260; x_wconf 91' lang='lat' dir='ltr'>In</span> <span class='ocrx_word' id='word_1_155' title='bbox 1808 1213 2038 1274; x_wconf 87' lang='lat' dir='ltr'>perigaeo</span> <span class='ocrx_word' id='word_1_156' title='bbox 2093 1209 2225 1257; x_wconf 87' lang='lat' dir='ltr'>Solis</span> <span class='ocrx_word' id='word_1_157' title='bbox 2265 1210 2292 1256; x_wconf 88' lang='lat'><strong>6</strong></span> <span class='ocrx_word' id='word_1_158' title='bbox 2332 1221 2469 1255; x_wconf 88' lang='lat' dir='ltr'>scru-</span> 
     </span>
     <span class='ocr_line' id='line_1_16' title="bbox 221 1279 2467 1349; baseline -0.001 -21"><span class='ocrx_word' id='word_1_159' title='bbox 221 1280 339 1349; x_wconf 65' lang='lat' dir='ltr'>pula</span> <span class='ocrx_word' id='word_1_160' title='bbox 375 1279 618 1331; x_wconf 88' lang='lat' dir='ltr'>accedent.</span> <span class='ocrx_word' id='word_1_161' title='bbox 676 1282 738 1330; x_wconf 90' lang='lat' dir='ltr'>Et</span> <span class='ocrx_word' id='word_1_162' title='bbox 775 1298 881 1332; x_wconf 92' lang='lat' dir='ltr'>cum</span> <span class='ocrx_word' id='word_1_163' title='bbox 921 1283 1277 1333; x_wconf 89' lang='lat' dir='ltr'>semidiameter</span> <span class='ocrx_word' id='word_1_164' title='bbox 1303 1284 1423 1333; x_wconf 89' lang='lat' dir='ltr'>disci</span> <span class='ocrx_word' id='word_1_165' title='bbox 1459 1286 1638 1341; x_wconf 84' lang='lat' dir='ltr'>sithoc</span> <span class='ocrx_word' id='word_1_166' title='bbox 1676 1285 1727 1332; x_wconf 90' lang='lat' dir='ltr'>in</span> <span class='ocrx_word' id='word_1_167' title='bbox 1764 1287 1861 1332; x_wconf 91' lang='lat' dir='ltr'>situ</span> <span class='ocrx_word' id='word_1_168' title='bbox 1884 1284 2194 1332; x_wconf 88' lang='lat' dir='ltr'>luminarium</span> <span class='ocrx_word' id='word_1_169' title='bbox 2235 1280 2320 1329; x_wconf 82' lang='lat'>56‘</span> <span class='ocrx_word' id='word_1_170' title='bbox 2348 1280 2467 1342; x_wconf 80' lang='lat'>54¹¹,</span> 
     </span>
     <span class='ocr_line' id='line_1_17' title="bbox 224 1353 2471 1418; baseline -0.001 -15"><span class='ocrx_word' id='word_1_171' title='bbox 224 1355 302 1403; x_wconf 90' lang='lat' dir='ltr'>cui</span> <span class='ocrx_word' id='word_1_172' title='bbox 347 1353 607 1415; x_wconf 83' lang='lat' dir='ltr'>respondet</span> <span class='ocrx_word' id='word_1_173' title='bbox 659 1369 799 1404; x_wconf 89' lang='lat' dir='ltr'>arcus</span> <span class='ocrx_word' id='word_1_174' title='bbox 845 1355 1207 1405; x_wconf 85' lang='lat' dir='ltr'>latitudinarius</span> <span class='ocrx_word' id='word_1_175' title='bbox 1243 1357 1415 1406; x_wconf 87' lang='lat' dir='ltr'>Lunae</span> <span class='ocrx_word' id='word_1_176' title='bbox 1457 1358 1543 1405; x_wconf 83' lang='lat'>56‘</span> <span class='ocrx_word' id='word_1_177' title='bbox 1582 1358 1665 1417; x_wconf 82' lang='lat'>0“‚</span> <span class='ocrx_word' id='word_1_178' title='bbox 1718 1357 1767 1406; x_wconf 84' lang='lat' dir='ltr'>et&#39;</span> <span class='ocrx_word' id='word_1_179' title='bbox 1814 1358 1929 1406; x_wconf 91' lang='lat' dir='ltr'>huic</span> <span class='ocrx_word' id='word_1_180' title='bbox 1977 1358 2125 1418; x_wconf 86' lang='lat' dir='ltr'>igitur</span> <span class='ocrx_word' id='word_1_181' title='bbox 2173 1354 2402 1402; x_wconf 80' lang='lat' dir='ltr'>distantia</span> <span class='ocrx_word' id='word_1_182' title='bbox 2440 1368 2471 1401; x_wconf 92' lang='lat' dir='ltr'>a</span> 
     </span>
     <span class='ocr_line' id='line_1_18' title="bbox 222 1425 2468 1492; baseline -0.001 -18"><span class='ocrx_word' id='word_1_183' title='bbox 222 1425 350 1474; x_wconf 91' lang='lat' dir='ltr'>nodo</span> <span class='ocrx_word' id='word_1_184' title='bbox 388 1426 648 1487; x_wconf 89' lang='lat' dir='ltr'>respondet</span> <span class='ocrx_word' id='word_1_185' title='bbox 690 1425 780 1476; x_wconf 92' lang='lat'>10⁰</span> <span class='ocrx_word' id='word_1_186' title='bbox 819 1429 871 1476; x_wconf 91' lang='lat' dir='ltr'>O‘</span> <span class='ocrx_word' id='word_1_187' title='bbox 919 1444 1006 1491; x_wconf 93' lang='lat' dir='ltr'>pro</span> <span class='ocrx_word' id='word_1_188' title='bbox 1055 1432 1258 1478; x_wconf 87' lang='lat' dir='ltr'>termino</span> <span class='ocrx_word' id='word_1_189' title='bbox 1296 1431 1520 1479; x_wconf 86' lang='lat' dir='ltr'>totalium</span> <span class='ocrx_word' id='word_1_190' title='bbox 1558 1429 1686 1479; x_wconf 90' lang='lat' dir='ltr'>Solis</span> <span class='ocrx_word' id='word_1_191' title='bbox 1736 1429 2107 1492; x_wconf 83' lang='lat' dir='ltr'>eclipsationum</span> <span class='ocrx_word' id='word_1_192' title='bbox 2145 1442 2231 1491; x_wconf 89' lang='lat' dir='ltr'>per</span> <span class='ocrx_word' id='word_1_193' title='bbox 2268 1427 2468 1474; x_wconf 90' lang='lat' dir='ltr'>univer-</span> 
     </span>
     <span class='ocr_line' id='line_1_19' title="bbox 223 1498 1902 1566; baseline 0.002 -18"><span class='ocrx_word' id='word_1_194' title='bbox 223 1515 325 1548; x_wconf 87' lang='lat' dir='ltr'>sam</span> <span class='ocrx_word' id='word_1_195' title='bbox 364 1498 575 1547; x_wconf 85' lang='lat' dir='ltr'>Terram.</span> <span class='ocrx_word' id='word_1_196' title='bbox 650 1499 707 1548; x_wconf 90' lang='lat' dir='ltr'>In</span> <span class='ocrx_word' id='word_1_197' title='bbox 745 1502 973 1563; x_wconf 88' lang='lat' dir='ltr'>perigaeo</span> <span class='ocrx_word' id='word_1_198' title='bbox 1013 1501 1142 1551; x_wconf 89' lang='lat' dir='ltr'>Solis</span> <span class='ocrx_word' id='word_1_199' title='bbox 1180 1518 1304 1566; x_wconf 91' lang='lat' dir='ltr'>pene</span> <span class='ocrx_word' id='word_1_200' title='bbox 1342 1502 1462 1550; x_wconf 89' lang='lat' dir='ltr'>nihil</span> <span class='ocrx_word' id='word_1_201' title='bbox 1502 1508 1578 1552; x_wconf 89' lang='lat' dir='ltr'>est</span> <span class='ocrx_word' id='word_1_202' title='bbox 1615 1502 1902 1551; x_wconf 87' lang='lat' dir='ltr'>differentia.</span> 
     </span>
    </p>

    <p class='ocr_par' dir='ltr' id='par_1_4' title="bbox 140 1538 2535 1785">
     <span class='ocr_line' id='line_1_20' title="bbox 366 1538 2467 1639; baseline -0.001 -20"><span class='ocrx_word' id='word_1_203' title='bbox 366 1570 439 1619; x_wconf 86' lang='lat' dir='ltr'>Sit</span> <span class='ocrx_word' id='word_1_204' title='bbox 476 1587 591 1621; x_wconf 89' lang='lat' dir='ltr'>vero</span> <span class='ocrx_word' id='word_1_205' title='bbox 631 1572 769 1622; x_wconf 90' lang='lat' dir='ltr'>Luna</span> <span class='ocrx_word' id='word_1_206' title='bbox 805 1576 1047 1636; x_wconf 88' lang='lat' dir='ltr'>perigaea,</span> <span class='ocrx_word' id='word_1_207' title='bbox 1087 1575 1173 1624; x_wconf 86' lang='lat' dir='ltr'>Sol</span> <span class='ocrx_word' id='word_1_208' title='bbox 1210 1590 1484 1639; x_wconf 77' lang='lat' dir='ltr'>apogaeuS,</span> <span class='ocrx_word' id='word_1_209' title='bbox 1534 1577 1624 1624; x_wconf 90' lang='lat' dir='ltr'>erit</span> <span class='ocrx_word' id='word_1_210' title='bbox 1659 1577 1816 1638; x_wconf 89' lang='lat' dir='ltr'>prima</span> <span class='ocrx_word' id='word_1_211' title='bbox 1859 1590 2049 1624; x_wconf 90' lang='lat' dir='ltr'>summa</span> <span class='ocrx_word' id='word_1_212' title='bbox 2089 1575 2174 1623; x_wconf 66' lang='lat'>941</span> <span class='ocrx_word' id='word_1_213' title='bbox 2216 1573 2300 1631; x_wconf 87' lang='lat'>4“,</span> <span class='ocrx_word' id='word_1_214' title='bbox 2342 1538 2467 1633; x_wconf 87' lang='lat' dir='ltr'>quae</span> 
     </span>
     <span class='ocr_line' id='line_1_21' title="bbox 140 1637 2468 1712; baseline 0 -21"><span class='ocrx_word' id='word_1_215' title='bbox 140 1637 149 1651; x_wconf 85' lang='lat'><em>&#39;</em></span> <span class='ocrx_word' id='word_1_216' title='bbox 222 1646 271 1691; x_wconf 91' lang='lat' dir='ltr'>in</span> <span class='ocrx_word' id='word_1_217' title='bbox 310 1644 424 1692; x_wconf 91' lang='lat' dir='ltr'>orbe</span> <span class='ocrx_word' id='word_1_218' title='bbox 463 1643 631 1694; x_wconf 86' lang='lat' dir='ltr'>Lunae</span> <span class='ocrx_word' id='word_1_219' title='bbox 668 1645 751 1694; x_wconf 90' lang='lat' dir='ltr'>fiet</span> <span class='ocrx_word' id='word_1_220' title='bbox 790 1648 876 1695; x_wconf 82' lang='lat'>92¹</span> <span class='ocrx_word' id='word_1_221' title='bbox 916 1649 1036 1708; x_wconf 81' lang='lat'>37“,</span> <span class='ocrx_word' id='word_1_222' title='bbox 1077 1663 1222 1710; x_wconf 87' lang='lat' dir='ltr'>quam</span> <span class='ocrx_word' id='word_1_223' title='bbox 1260 1653 1592 1712; x_wconf 86' lang='lat' dir='ltr'>repraesentat</span> <span class='ocrx_word' id='word_1_224' title='bbox 1630 1648 1862 1698; x_wconf 88' lang='lat' dir='ltr'>distantia</span> <span class='ocrx_word' id='word_1_225' title='bbox 1900 1664 1930 1698; x_wconf 90' lang='lat' dir='ltr'>a</span> <span class='ocrx_word' id='word_1_226' title='bbox 1966 1646 2096 1697; x_wconf 85' lang='lat' dir='ltr'>nodo</span> <span class='ocrx_word' id='word_1_227' title='bbox 2129 1643 2219 1694; x_wconf 88' lang='lat'>16⁰</span> <span class='ocrx_word' id='word_1_228' title='bbox 2260 1646 2344 1693; x_wconf 80' lang='lat'>57‘</span> <span class='ocrx_word' id='word_1_229' title='bbox 2382 1657 2468 1706; x_wconf 89' lang='lat' dir='ltr'>pro</span> 
     </span>
     <span class='ocr_line' id='line_1_22' title="bbox 225 1718 2535 1785; baseline 0.004 -19"><span class='ocrx_word' id='word_1_230' title='bbox 225 1719 432 1767; x_wconf 85' lang='lat' dir='ltr'>termino</span> <span class='ocrx_word' id='word_1_231' title='bbox 471 1718 777 1780; x_wconf 87' lang='lat' dir='ltr'>partialium,</span> <span class='ocrx_word' id='word_1_232' title='bbox 817 1720 863 1766; x_wconf 90' lang='lat' dir='ltr'>in</span> <span class='ocrx_word' id='word_1_233' title='bbox 901 1722 1129 1783; x_wconf 84' lang='lat' dir='ltr'>perigaeo</span> <span class='ocrx_word' id='word_1_234' title='bbox 1166 1721 1297 1770; x_wconf 88' lang='lat' dir='ltr'>Solis</span> <span class='ocrx_word' id='word_1_235' title='bbox 1340 1719 1430 1770; x_wconf 85' lang='lat'>17⁰</span> <span class='ocrx_word' id='word_1_236' title='bbox 1468 1723 1533 1770; x_wconf 85' lang='lat'>3‘.</span> <span class='ocrx_word' id='word_1_237' title='bbox 2530 1774 2535 1785; x_wconf 63' lang='grc'>,</span> 
     </span>
    </p>

    <p class='ocr_par' dir='ltr' id='par_1_5' title="bbox 219 1788 2524 2002">
     <span class='ocr_line' id='line_1_23' title="bbox 365 1788 2524 1856; baseline -0.001 -18"><span class='ocrx_word' id='word_1_238' title='bbox 365 1791 426 1838; x_wconf 88' lang='lat' dir='ltr'>Et</span> <span class='ocrx_word' id='word_1_239' title='bbox 466 1805 574 1839; x_wconf 91' lang='lat' dir='ltr'>cum</span> <span class='ocrx_word' id='word_1_240' title='bbox 611 1791 704 1840; x_wconf 92' lang='lat' dir='ltr'>hoc</span> <span class='ocrx_word' id='word_1_241' title='bbox 742 1793 839 1840; x_wconf 91' lang='lat' dir='ltr'>situ</span> <span class='ocrx_word' id='word_1_242' title='bbox 864 1793 1221 1843; x_wconf 86' lang='lat' dir='ltr'>semidiameter</span> <span class='ocrx_word' id='word_1_243' title='bbox 1239 1794 1360 1844; x_wconf 88' lang='lat' dir='ltr'>disci</span> <span class='ocrx_word' id='word_1_244' title='bbox 1397 1795 1464 1843; x_wconf 88' lang='lat' dir='ltr'>sit</span> <span class='ocrx_word' id='word_1_245' title='bbox 1499 1794 1748 1854; x_wconf 82' lang='lat'><strong>62‘12“‚</strong></span> <span class='ocrx_word' id='word_1_246' title='bbox 1791 1807 1868 1841; x_wconf 78' lang='lat' dir='ltr'>cui</span> <span class='ocrx_word' id='word_1_247' title='bbox 1886 1791 2149 1856; x_wconf 87' lang='lat' dir='ltr'>respondet</span> <span class='ocrx_word' id='word_1_248' title='bbox 2187 1804 2328 1839; x_wconf 88' lang='lat' dir='ltr'>arcus</span> <span class='ocrx_word' id='word_1_249' title='bbox 2353 1788 2469 1836; x_wconf 84' lang='lat' dir='ltr'>lati·</span> <span class='ocrx_word' id='word_1_250' title='bbox 2520 1800 2524 1803; x_wconf 89' lang='lat'>·</span> 
     </span>
     <span class='ocr_line' id='line_1_24' title="bbox 221 1859 2468 1930; baseline -0.001 -18"><span class='ocrx_word' id='word_1_251' title='bbox 221 1862 488 1912; x_wconf 87' lang='lat' dir='ltr'>tudinarius</span> <span class='ocrx_word' id='word_1_252' title='bbox 524 1864 693 1914; x_wconf 90' lang='lat' dir='ltr'>Lunae</span> <span class='ocrx_word' id='word_1_253' title='bbox 735 1866 821 1912; x_wconf 81' lang='lat'>61‘</span> <span class='ocrx_word' id='word_1_254' title='bbox 865 1867 980 1926; x_wconf 67' lang='lat'>141²,</span> <span class='ocrx_word' id='word_1_255' title='bbox 1018 1872 1066 1915; x_wconf 91' lang='lat' dir='ltr'>et</span> <span class='ocrx_word' id='word_1_256' title='bbox 1104 1867 1218 1915; x_wconf 91' lang='lat' dir='ltr'>huic</span> <span class='ocrx_word' id='word_1_257' title='bbox 1265 1869 1412 1930; x_wconf 83' lang='lat' dir='ltr'>igitur</span> <span class='ocrx_word' id='word_1_258' title='bbox 1460 1865 1720 1929; x_wconf 90' lang='lat' dir='ltr'>respondet</span> <span class='ocrx_word' id='word_1_259' title='bbox 1767 1865 2000 1915; x_wconf 85' lang='lat' dir='ltr'>distantia</span> <span class='ocrx_word' id='word_1_260' title='bbox 2030 1881 2079 1917; x_wconf 20' lang='lat' dir='ltr'>-ra</span> <span class='ocrx_word' id='word_1_261' title='bbox 2115 1862 2244 1912; x_wconf 87' lang='lat' dir='ltr'>nodo</span> <span class='ocrx_word' id='word_1_262' title='bbox 2289 1859 2381 1910; x_wconf 89' lang='lat'>11⁰</span> <span class='ocrx_word' id='word_1_263' title='bbox 2421 1863 2468 1908; x_wconf 74' lang='lat'>7‘</span> 
     </span>
     <span class='ocr_line' id='line_1_25' title="bbox 219 1935 2366 2002; baseline 0 -20"><span class='ocrx_word' id='word_1_264' title='bbox 219 1950 305 1999; x_wconf 90' lang='lat' dir='ltr'>pro</span> <span class='ocrx_word' id='word_1_265' title='bbox 345 1938 548 1986; x_wconf 88' lang='lat' dir='ltr'>termino</span> <span class='ocrx_word' id='word_1_266' title='bbox 585 1937 808 1987; x_wconf 90' lang='lat' dir='ltr'>totalium</span> <span class='ocrx_word' id='word_1_267' title='bbox 846 1938 976 1987; x_wconf 92' lang='lat' dir='ltr'>Solis</span> <span class='ocrx_word' id='word_1_268' title='bbox 1014 1939 1282 2002; x_wconf 88' lang='lat' dir='ltr'>eclipsium.</span> <span class='ocrx_word' id='word_1_269' title='bbox 1356 1940 1458 1989; x_wconf 89' lang='lat' dir='ltr'>Nec</span> <span class='ocrx_word' id='word_1_270' title='bbox 1495 1939 1648 1988; x_wconf 92' lang='lat' dir='ltr'>multo</span> <span class='ocrx_word' id='word_1_271' title='bbox 1687 1938 1829 1988; x_wconf 90' lang='lat' dir='ltr'>aliter</span> <span class='ocrx_word' id='word_1_272' title='bbox 1866 1941 1916 1987; x_wconf 81' lang='lat' dir='ltr'>in</span> <span class='ocrx_word' id='word_1_273' title='bbox 1954 1939 2183 2002; x_wconf 89' lang='lat' dir='ltr'>perigaeo</span> <span class='ocrx_word' id='word_1_274' title='bbox 2222 1935 2366 1984; x_wconf 88' lang='lat' dir='ltr'>Solis.</span> 
     </span>
    </p>

    <p class='ocr_par' dir='ltr' id='par_1_6' title="bbox 221 2009 2476 2583">
     <span class='ocr_line' id='line_1_26' title="bbox 369 2009 2471 2073; baseline -0.001 -16"><span class='ocrx_word' id='word_1_275' title='bbox 369 2009 501 2070; x_wconf 76' lang='lat' dir='ltr'>Quid</span> <span class='ocrx_word' id='word_1_276' title='bbox 544 2025 604 2059; x_wconf 75' lang='lat' dir='ltr'>ex</span> <span class='ocrx_word' id='word_1_277' title='bbox 641 2014 1023 2073; x_wconf 81' lang='lat' dir='ltr'>comparatione</span> <span class='ocrx_word' id='word_1_278' title='bbox 1073 2017 1413 2062; x_wconf 80' lang='lat' dir='ltr'>terminorum</span> <span class='ocrx_word' id='word_1_279' title='bbox 1459 2013 1707 2061; x_wconf 79' lang='lat' dir='ltr'>solarium</span> <span class='ocrx_word' id='word_1_280' title='bbox 1759 2027 1874 2060; x_wconf 84' lang='lat' dir='ltr'>cum</span> <span class='ocrx_word' id='word_1_281' title='bbox 1925 2013 2155 2060; x_wconf 79' lang='lat' dir='ltr'>terminis</span> <span class='ocrx_word' id='word_1_282' title='bbox 2202 2010 2471 2058; x_wconf 81' lang='lat' dir='ltr'>lunarium</span> 
     </span>
     <span class='ocr_line' id='line_1_27' title="bbox 222 2079 2468 2147; baseline -0.002 -16"><span class='ocrx_word' id='word_1_283' title='bbox 222 2084 480 2144; x_wconf 83' lang='lat' dir='ltr'>eclipsium</span> <span class='ocrx_word' id='word_1_284' title='bbox 508 2086 738 2146; x_wconf 74' lang='lat' dir='ltr'>sequitur</span> <span class='ocrx_word' id='word_1_285' title='bbox 775 2087 911 2132; x_wconf 75' lang='lat' dir='ltr'>circa</span> <span class='ocrx_word' id='word_1_286' title='bbox 946 2099 1222 2133; x_wconf 78' lang='lat' dir='ltr'>numerum</span> <span class='ocrx_word' id='word_1_287' title='bbox 1259 2090 1600 2147; x_wconf 78' lang='lat' dir='ltr'>utrarumque</span> <span class='ocrx_word' id='word_1_288' title='bbox 1624 2085 1921 2146; x_wconf 80' lang='lat' dir='ltr'>eclipsium?</span> <span class='ocrx_word' id='word_1_289' title='bbox 1957 2084 2014 2132; x_wconf 92' lang='lat' dir='ltr'>In</span> <span class='ocrx_word' id='word_1_290' title='bbox 2039 2083 2202 2132; x_wconf 84' lang='lat' dir='ltr'>Terris</span> <span class='ocrx_word' id='word_1_291' title='bbox 2237 2079 2468 2144; x_wconf 88' lang='lat' dir='ltr'>partiales</span> 
     </span>
     <span class='ocr_line' id='line_1_28' title="bbox 225 2153 2468 2221; baseline -0.002 -17"><span class='ocrx_word' id='word_1_292' title='bbox 225 2155 418 2218; x_wconf 87' lang='lat' dir='ltr'>quidem</span> <span class='ocrx_word' id='word_1_293' title='bbox 444 2155 571 2204; x_wconf 87' lang='lat' dir='ltr'>Solis</span> <span class='ocrx_word' id='word_1_294' title='bbox 611 2157 818 2219; x_wconf 86' lang='lat' dir='ltr'>eclipses</span> <span class='ocrx_word' id='word_1_295' title='bbox 854 2157 1031 2220; x_wconf 77' lang='lat' dir='ltr'>plureS,</span> <span class='ocrx_word' id='word_1_296' title='bbox 1073 2158 1253 2215; x_wconf 85' lang='lat' dir='ltr'>totales</span> <span class='ocrx_word' id='word_1_297' title='bbox 1290 2172 1407 2207; x_wconf 91' lang='lat' dir='ltr'>vero</span> <span class='ocrx_word' id='word_1_298' title='bbox 1444 2160 1699 2221; x_wconf 87' lang='lat' dir='ltr'>pauciores</span> <span class='ocrx_word' id='word_1_299' title='bbox 1726 2157 1849 2206; x_wconf 89' lang='lat' dir='ltr'>fiunt</span> <span class='ocrx_word' id='word_1_300' title='bbox 1887 2172 2032 2220; x_wconf 88' lang='lat' dir='ltr'>quam</span> <span class='ocrx_word' id='word_1_301' title='bbox 2074 2155 2268 2204; x_wconf 87' lang='lat' dir='ltr'>lunares</span> <span class='ocrx_word' id='word_1_302' title='bbox 2307 2153 2468 2203; x_wconf 88' lang='lat' dir='ltr'>omni-</span> 
     </span>
     <span class='ocr_line' id='line_1_29' title="bbox 221 2226 2472 2294; baseline -0.002 -17"><span class='ocrx_word' id='word_1_303' title='bbox 221 2229 386 2278; x_wconf 86' lang='lat' dir='ltr'>fariae.</span> <span class='ocrx_word' id='word_1_304' title='bbox 463 2228 530 2276; x_wconf 87' lang='lat' dir='ltr'>At</span> <span class='ocrx_word' id='word_1_305' title='bbox 567 2230 610 2276; x_wconf 90' lang='lat' dir='ltr'>si</span> <span class='ocrx_word' id='word_1_306' title='bbox 646 2228 823 2278; x_wconf 88' lang='lat' dir='ltr'>totales</span> <span class='ocrx_word' id='word_1_307' title='bbox 851 2229 1020 2278; x_wconf 88' lang='lat' dir='ltr'>Lunae</span> <span class='ocrx_word' id='word_1_308' title='bbox 1059 2244 1324 2294; x_wconf 88' lang='lat' dir='ltr'>compares,</span> <span class='ocrx_word' id='word_1_309' title='bbox 1365 2232 1562 2294; x_wconf 83' lang='lat' dir='ltr'>saepius</span> <span class='ocrx_word' id='word_1_310' title='bbox 1596 2230 1739 2278; x_wconf 90' lang='lat' dir='ltr'>Luna</span> <span class='ocrx_word' id='word_1_311' title='bbox 1775 2230 1939 2279; x_wconf 90' lang='lat' dir='ltr'>Solem</span> <span class='ocrx_word' id='word_1_312' title='bbox 1978 2235 2135 2278; x_wconf 90' lang='lat' dir='ltr'>totum</span> <span class='ocrx_word' id='word_1_313' title='bbox 2172 2228 2312 2290; x_wconf 91' lang='lat' dir='ltr'>eripit</span> <span class='ocrx_word' id='word_1_314' title='bbox 2348 2226 2472 2274; x_wconf 82' lang='lat' dir='ltr'>Ter-</span> 
     </span>
     <span class='ocr_line' id='line_1_30' title="bbox 222 2301 2473 2366; baseline -0.001 -17"><span class='ocrx_word' id='word_1_315' title='bbox 222 2303 303 2363; x_wconf 77' lang='lat' dir='ltr'>riS,</span> <span class='ocrx_word' id='word_1_316' title='bbox 345 2315 491 2363; x_wconf 89' lang='lat' dir='ltr'>quam</span> <span class='ocrx_word' id='word_1_317' title='bbox 529 2301 679 2350; x_wconf 85' lang='lat' dir='ltr'>Terra</span> <span class='ocrx_word' id='word_1_318' title='bbox 716 2308 872 2350; x_wconf 88' lang='lat' dir='ltr'>totum</span> <span class='ocrx_word' id='word_1_319' title='bbox 911 2304 1085 2366; x_wconf 89' lang='lat' dir='ltr'>eripiat</span> <span class='ocrx_word' id='word_1_320' title='bbox 1121 2303 1307 2352; x_wconf 88' lang='lat' dir='ltr'>Lunae.</span> <span class='ocrx_word' id='word_1_321' title='bbox 1375 2303 1568 2352; x_wconf 66' lang='lat' dir='ltr'>-Terrae&#39;</span> <span class='ocrx_word' id='word_1_322' title='bbox 1597 2318 1807 2365; x_wconf 88' lang='lat' dir='ltr'>namque</span> <span class='ocrx_word' id='word_1_323' title='bbox 1847 2318 2047 2366; x_wconf 78' lang='lat' dir='ltr'>corpuS‚</span> <span class='ocrx_word' id='word_1_324' title='bbox 2088 2301 2233 2349; x_wconf 90' lang='lat' dir='ltr'>latius</span> <span class='ocrx_word' id='word_1_325' title='bbox 2273 2312 2473 2362; x_wconf 89' lang='lat' dir='ltr'>corpore</span> 
     </span>
     <span class='ocr_line' id='line_1_31' title="bbox 222 2371 2473 2439; baseline -0.001 -17"><span class='ocrx_word' id='word_1_326' title='bbox 222 2375 416 2434; x_wconf 89' lang='lat' dir='ltr'>Lunae,</span> <span class='ocrx_word' id='word_1_327' title='bbox 455 2373 618 2438; x_wconf 89' lang='lat' dir='ltr'>plures</span> <span class='ocrx_word' id='word_1_328' title='bbox 656 2375 719 2423; x_wconf 91' lang='lat' dir='ltr'>ab</span> <span class='ocrx_word' id='word_1_329' title='bbox 759 2375 930 2424; x_wconf 89' lang='lat' dir='ltr'>umbra</span> <span class='ocrx_word' id='word_1_330' title='bbox 967 2375 1136 2425; x_wconf 87' lang='lat' dir='ltr'>Lunae</span> <span class='ocrx_word' id='word_1_331' title='bbox 1186 2377 1365 2439; x_wconf 88' lang='lat' dir='ltr'>excipit</span> <span class='ocrx_word' id='word_1_332' title='bbox 1403 2378 1528 2424; x_wconf 90' lang='lat' dir='ltr'>ictus</span> <span class='ocrx_word' id='word_1_333' title='bbox 1544 2394 1571 2436; x_wconf 62' lang='grc'>,”</span> <span class='ocrx_word' id='word_1_334' title='bbox 1609 2391 1755 2438; x_wconf 89' lang='lat' dir='ltr'>quam</span> <span class='ocrx_word' id='word_1_335' title='bbox 1793 2376 1934 2424; x_wconf 88' lang='lat' dir='ltr'>Luna</span> <span class='ocrx_word' id='word_1_336' title='bbox 1971 2376 2034 2424; x_wconf 87' lang='lat' dir='ltr'>ab</span> <span class='ocrx_word' id='word_1_337' title='bbox 2072 2374 2243 2422; x_wconf 90' lang='lat' dir='ltr'>umbra</span> <span class='ocrx_word' id='word_1_338' title='bbox 2280 2371 2473 2421; x_wconf 83' lang='lat' dir='ltr'>Terrae.</span> 
     </span>
     <span class='ocr_line' id='line_1_32' title="bbox 223 2445 2476 2511; baseline -0.001 -16"><span class='ocrx_word' id='word_1_339' title='bbox 223 2448 447 2509; x_wconf 91' lang='lat' dir='ltr'>Denique</span> <span class='ocrx_word' id='word_1_340' title='bbox 501 2446 726 2495; x_wconf 88' lang='lat' dir='ltr'>totalium</span> <span class='ocrx_word' id='word_1_341' title='bbox 776 2447 906 2497; x_wconf 90' lang='lat' dir='ltr'>Solis</span> <span class='ocrx_word' id='word_1_342' title='bbox 960 2463 1046 2511; x_wconf 89' lang='lat' dir='ltr'>per</span> <span class='ocrx_word' id='word_1_343' title='bbox 1094 2448 1295 2500; x_wconf 78' lang='lat' dir='ltr'>&#39;Petram</span> <span class='ocrx_word' id='word_1_344' title='bbox 1346 2451 1652 2510; x_wconf 87' lang='lat' dir='ltr'>universam,</span> <span class='ocrx_word' id='word_1_345' title='bbox 1706 2447 2090 2498; x_wconf 87' lang='lat' dir='ltr'>omnimodarum</span> <span class='ocrx_word' id='word_1_346' title='bbox 2139 2460 2256 2495; x_wconf 91' lang='lat' dir='ltr'>vero</span> <span class='ocrx_word' id='word_1_347' title='bbox 2306 2445 2476 2493; x_wconf 87' lang='lat' dir='ltr'>Lunae</span> 
     </span>
     <span class='ocr_line' id='line_1_33' title="bbox 223 2519 1144 2583; baseline 0.002 -16"><span class='ocrx_word' id='word_1_348' title='bbox 223 2523 449 2569; x_wconf 88' lang='lat' dir='ltr'>numerus</span> <span class='ocrx_word' id='word_1_349' title='bbox 485 2519 837 2583; x_wconf 89' lang='lat' dir='ltr'>propemodum</span> <span class='ocrx_word' id='word_1_350' title='bbox 874 2527 949 2570; x_wconf 89' lang='lat' dir='ltr'>est</span> <span class='ocrx_word' id='word_1_351' title='bbox 974 2520 1035 2569; x_wconf 86' lang='lat' dir='ltr'>id</span> <span class='ocrx_word' id='word_1_352' title='bbox 1054 2536 1144 2570; x_wconf 90' lang='lat' dir='ltr'>em.</span> 
     </span>
    </p>

    <p class='ocr_par' dir='ltr' id='par_1_7' title="bbox 223 2592 2554 3022">
     <span class='ocr_line' id='line_1_34' title="bbox 342 2592 2554 2660; baseline -0.002 -19"><span class='ocrx_word' id='word_1_353' title='bbox 342 2592 467 2641; x_wconf 65' lang='lat' dir='ltr'>&gt;Dic</span> <span class='ocrx_word' id='word_1_354' title='bbox 502 2594 706 2655; x_wconf 66' lang='lat' dir='ltr'>repulus</span> <span class='ocrx_word' id='word_1_355' title='bbox 743 2594 803 2642; x_wconf 82' lang='lat' dir='ltr'>de</span> <span class='ocrx_word' id='word_1_356' title='bbox 838 2609 1054 2644; x_wconf 78' lang='lat' dir='ltr'>numero</span> <span class='ocrx_word' id='word_1_357' title='bbox 1093 2596 1355 2656; x_wconf 80' lang='lat' dir='ltr'>eclipsium</span> <span class='ocrx_word' id='word_1_358' title='bbox 1391 2596 1449 2642; x_wconf 84' lang='lat' dir='ltr'>in</span> <span class='ocrx_word' id='word_1_359' title='bbox 1487 2608 1653 2655; x_wconf 77' lang='lat' dir='ltr'>anno,</span> <span class='ocrx_word' id='word_1_360' title='bbox 1703 2601 1810 2642; x_wconf 82' lang='lat' dir='ltr'>tam</span> <span class='ocrx_word' id='word_1_361' title='bbox 1849 2594 2000 2653; x_wconf 83' lang='lat' dir='ltr'>Solis,</span> <span class='ocrx_word' id='word_1_362' title='bbox 2048 2607 2144 2655; x_wconf 77' lang='lat' dir='ltr'>per</span> <span class='ocrx_word' id='word_1_363' title='bbox 2179 2593 2475 2640; x_wconf 74' lang='lat' dir='ltr'>universam</span> <span class='ocrx_word' id='word_1_364' title='bbox 2552 2651 2554 2660; x_wconf 37' lang='grc' dir='ltr'>Ι</span> 
     </span>
     <span class='ocr_line' id='line_1_35' title="bbox 232 2664 2554 2731; baseline -0.002 -18"><span class='ocrx_word' id='word_1_365' title='bbox 232 2665 458 2726; x_wconf 75' lang='lat' dir='ltr'>Terram,</span> <span class='ocrx_word' id='word_1_366' title='bbox 499 2681 654 2729; x_wconf 84' lang='lat' dir='ltr'>quam</span> <span class='ocrx_word' id='word_1_367' title='bbox 695 2666 894 2715; x_wconf 80' lang='lat' dir='ltr'>Lunae.</span> <span class='ocrx_word' id='word_1_368' title='bbox 968 2670 1009 2716; x_wconf 91' lang='lat'>1.</span> <span class='ocrx_word' id='word_1_369' title='bbox 1063 2667 1270 2729; x_wconf 88' lang='lat' dir='ltr'>Quando</span> <span class='ocrx_word' id='word_1_370' title='bbox 1311 2666 1631 2731; x_wconf 86' lang='lat' dir='ltr'>plenilunium</span> <span class='ocrx_word' id='word_1_371' title='bbox 1667 2673 1741 2716; x_wconf 86' lang='lat' dir='ltr'>est</span> <span class='ocrx_word' id='word_1_372' title='bbox 1786 2666 1987 2715; x_wconf 89' lang='lat' dir='ltr'>centrali</span> <span class='ocrx_word' id='word_1_373' title='bbox 2025 2679 2112 2714; x_wconf 89' lang='lat' dir='ltr'>seu</span> <span class='ocrx_word' id='word_1_374' title='bbox 2149 2664 2477 2726; x_wconf 77' lang='lat' dir='ltr'>nodo&#39;proxi-</span> <span class='ocrx_word' id='word_1_375' title='bbox 2553 2694 2554 2700; x_wconf 64' lang='lat'>,</span> 
     </span>
     <span class='ocr_line' id='line_1_36' title="bbox 223 2737 2476 2803; baseline -0.001 -16"><span class='ocrx_word' id='word_1_376' title='bbox 223 2753 370 2799; x_wconf 91' lang='lat' dir='ltr'>mum,</span> <span class='ocrx_word' id='word_1_377' title='bbox 409 2739 504 2788; x_wconf 88' lang='lat' dir='ltr'>hoc</span> <span class='ocrx_word' id='word_1_378' title='bbox 541 2745 614 2787; x_wconf 92' lang='lat' dir='ltr'>est</span> <span class='ocrx_word' id='word_1_379' title='bbox 652 2739 847 2802; x_wconf 89' lang='lat' dir='ltr'>quando</span> <span class='ocrx_word' id='word_1_380' title='bbox 887 2746 1102 2790; x_wconf 88' lang='lat' dir='ltr'>centrum</span> <span class='ocrx_word' id='word_1_381' title='bbox 1131 2741 1298 2789; x_wconf 88' lang='lat' dir='ltr'>Lunae</span> <span class='ocrx_word' id='word_1_382' title='bbox 1336 2755 1422 2803; x_wconf 91' lang='lat' dir='ltr'>per</span> <span class='ocrx_word' id='word_1_383' title='bbox 1447 2746 1664 2789; x_wconf 86' lang='lat' dir='ltr'>centrum</span> <span class='ocrx_word' id='word_1_384' title='bbox 1702 2741 1902 2788; x_wconf 87' lang='lat' dir='ltr'>umbrae</span> <span class='ocrx_word' id='word_1_385' title='bbox 1927 2739 2106 2787; x_wconf 83' lang='lat' dir='ltr'>Terrae</span> <span class='ocrx_word' id='word_1_386' title='bbox 2142 2737 2223 2786; x_wconf 92' lang='lat' dir='ltr'>vel</span> <span class='ocrx_word' id='word_1_387' title='bbox 2259 2737 2476 2799; x_wconf 88' lang='lat' dir='ltr'>proxime</span> 
     </span>
     <span class='ocr_line' id='line_1_37' title="bbox 224 2807 2477 2875; baseline -0.002 -14"><span class='ocrx_word' id='word_1_388' title='bbox 224 2813 417 2873; x_wconf 88' lang='lat' dir='ltr'>transit,</span> <span class='ocrx_word' id='word_1_389' title='bbox 464 2811 718 2861; x_wconf 90' lang='lat' dir='ltr'>novilunia</span> <span class='ocrx_word' id='word_1_390' title='bbox 754 2814 969 2875; x_wconf 84' lang='lat' dir='ltr'>proxime</span> <span class='ocrx_word' id='word_1_391' title='bbox 1007 2812 1647 2862; x_wconf 75' lang='lat' dir='ltr'>circumstantia’interdum</span> <span class='ocrx_word' id='word_1_392' title='bbox 1685 2819 1891 2875; x_wconf 88' lang='lat' dir='ltr'>utraque</span> <span class='ocrx_word' id='word_1_393' title='bbox 1929 2818 2042 2860; x_wconf 90' lang='lat' dir='ltr'>sunt</span> <span class='ocrx_word' id='word_1_394' title='bbox 2081 2810 2349 2869; x_wconf 87' lang='lat' dir='ltr'>defectiva,</span> <span class='ocrx_word' id='word_1_395' title='bbox 2389 2807 2477 2856; x_wconf 91' lang='lat' dir='ltr'>de-</span> 
     </span>
     <span class='ocr_line' id='line_1_38' title="bbox 224 2882 2477 2949; baseline -0.002 -17"><span class='ocrx_word' id='word_1_396' title='bbox 224 2885 353 2934; x_wconf 90' lang='lat' dir='ltr'>fectu</span> <span class='ocrx_word' id='word_1_397' title='bbox 390 2886 612 2944; x_wconf 91' lang='lat' dir='ltr'>minim0‚</span> <span class='ocrx_word' id='word_1_398' title='bbox 666 2887 911 2934; x_wconf 83' lang='lat' dir='ltr'>rarissime</span> <span class='ocrx_word' id='word_1_399' title='bbox 964 2900 1022 2935; x_wconf 89' lang='lat' dir='ltr'>ac</span> <span class='ocrx_word' id='word_1_400' title='bbox 1069 2887 1193 2935; x_wconf 85' lang='lat' dir='ltr'>forte</span> <span class='ocrx_word' id='word_1_401' title='bbox 1244 2900 1496 2948; x_wconf 91' lang='lat' dir='ltr'>nunquam</span> <span class='ocrx_word' id='word_1_402' title='bbox 1532 2892 1783 2949; x_wconf 84' lang='lat' dir='ltr'>neutrum3</span> <span class='ocrx_word' id='word_1_403' title='bbox 1830 2886 1871 2934; x_wconf 90' lang='lat' dir='ltr'>si</span> <span class='ocrx_word' id='word_1_404' title='bbox 1900 2884 2104 2934; x_wconf 81' lang='lat' dir='ltr'>scilicet</span> <span class='ocrx_word' id='word_1_405' title='bbox 2141 2882 2227 2932; x_wconf 89' lang='lat' dir='ltr'>Sol</span> <span class='ocrx_word' id='word_1_406' title='bbox 2276 2887 2388 2930; x_wconf 88' lang='lat' dir='ltr'>ante</span> <span class='ocrx_word' id='word_1_407' title='bbox 2428 2886 2477 2930; x_wconf 90' lang='lat' dir='ltr'>et</span> 
     </span>
     <span class='ocr_line' id='line_1_39' title="bbox 226 2958 2406 3022; baseline 0 -16"><span class='ocrx_word' id='word_1_408' title='bbox 226 2963 338 3020; x_wconf 88' lang='lat' dir='ltr'>post</span> <span class='ocrx_word' id='word_1_409' title='bbox 373 2959 653 3020; x_wconf 86' lang='lat' dir='ltr'>perigaeum</span> <span class='ocrx_word' id='word_1_410' title='bbox 692 2965 740 3007; x_wconf 86' lang='lat' dir='ltr'>et</span> <span class='ocrx_word' id='word_1_411' title='bbox 777 2958 919 3007; x_wconf 92' lang='lat' dir='ltr'>Luna</span> <span class='ocrx_word' id='word_1_412' title='bbox 955 2961 1002 3005; x_wconf 91' lang='lat' dir='ltr'>in</span> <span class='ocrx_word' id='word_1_413' title='bbox 1042 2959 1310 3021; x_wconf 89' lang='lat' dir='ltr'>plenilunio</span> <span class='ocrx_word' id='word_1_414' title='bbox 1351 2974 1589 3022; x_wconf 85' lang='lat' dir='ltr'>apogaea.</span> <span class='ocrx_word' id='word_1_415' title='bbox 2395 2966 2406 2972; x_wconf 82' lang='grc'><strong><em>’</em></strong></span> 
     </span>
    </p>

    <p class='ocr_par' dir='ltr' id='par_1_8' title="bbox 228 3025 2534 3240">
     <span class='ocr_line' id='line_1_40' title="bbox 371 3025 2534 3093; baseline -0.001 -16"><span class='ocrx_word' id='word_1_416' title='bbox 371 3033 417 3078; x_wconf 85' lang='grc'>2.</span> <span class='ocrx_word' id='word_1_417' title='bbox 475 3030 542 3079; x_wconf 88' lang='lat' dir='ltr'>At</span> <span class='ocrx_word' id='word_1_418' title='bbox 587 3031 783 3093; x_wconf 88' lang='lat' dir='ltr'>quando</span> <span class='ocrx_word' id='word_1_419' title='bbox 834 3031 1140 3080; x_wconf 89' lang='lat' dir='ltr'>novilunium</span> <span class='ocrx_word' id='word_1_420' title='bbox 1189 3039 1262 3080; x_wconf 87' lang='lat' dir='ltr'>est</span> <span class='ocrx_word' id='word_1_421' title='bbox 1312 3031 1524 3080; x_wconf 87' lang='lat' dir='ltr'>centrale</span> <span class='ocrx_word' id='word_1_422' title='bbox 1572 3031 1695 3092; x_wconf 86' lang='lat' dir='ltr'>fere,</span> <span class='ocrx_word' id='word_1_423' title='bbox 1752 3031 1848 3079; x_wconf 92' lang='lat' dir='ltr'>hoc</span> <span class='ocrx_word' id='word_1_424' title='bbox 1875 3034 1970 3089; x_wconf 55' lang='lat' dir='ltr'>‚est</span> <span class='ocrx_word' id='word_1_425' title='bbox 2015 3025 2210 3090; x_wconf 90' lang='lat' dir='ltr'>quando</span> <span class='ocrx_word' id='word_1_426' title='bbox 2263 3032 2477 3075; x_wconf 90' lang='lat' dir='ltr'>centrum</span> <span class='ocrx_word' id='word_1_427' title='bbox 2527 3035 2534 3042; x_wconf 80' lang='grc'><em>’</em></span> 
     </span>
     <span class='ocr_line' id='line_1_41' title="bbox 228 3099 2478 3167; baseline -0.002 -17"><span class='ocrx_word' id='word_1_428' title='bbox 228 3103 520 3164; x_wconf 89' lang='lat' dir='ltr'>penumbrae</span> <span class='ocrx_word' id='word_1_429' title='bbox 559 3103 729 3153; x_wconf 88' lang='lat' dir='ltr'>Lunae</span> <span class='ocrx_word' id='word_1_430' title='bbox 775 3119 862 3166; x_wconf 89' lang='lat' dir='ltr'>per</span> <span class='ocrx_word' id='word_1_431' title='bbox 909 3110 1125 3161; x_wconf 87' lang='lat' dir='ltr'>centrum</span> <span class='ocrx_word' id='word_1_432' title='bbox 1177 3103 1299 3154; x_wconf 90' lang='lat' dir='ltr'>disci</span> <span class='ocrx_word' id='word_1_433' title='bbox 1336 3104 1516 3153; x_wconf 87' lang='lat' dir='ltr'>Terrae</span> <span class='ocrx_word' id='word_1_434' title='bbox 1568 3104 1649 3153; x_wconf 90' lang='lat' dir='ltr'>vel</span> <span class='ocrx_word' id='word_1_435' title='bbox 1694 3105 1912 3167; x_wconf 85' lang='lat' dir='ltr'>proxime</span> <span class='ocrx_word' id='word_1_436' title='bbox 1959 3101 2159 3161; x_wconf 89' lang='lat' dir='ltr'>transit,</span> <span class='ocrx_word' id='word_1_437' title='bbox 2211 3099 2478 3161; x_wconf 88' lang='lat' dir='ltr'>plenilunia</span> 
     </span>
     <span class='ocr_line' id='line_1_42' title="bbox 230 3175 1594 3240; baseline 0.001 -18"><span class='ocrx_word' id='word_1_438' title='bbox 230 3175 591 3224; x_wconf 86' lang='lat' dir='ltr'>circumstantia</span> <span class='ocrx_word' id='word_1_439' title='bbox 631 3182 884 3230; x_wconf 85' lang='lat' dir='ltr'>transeunt</span> <span class='ocrx_word' id='word_1_440' title='bbox 923 3180 1026 3226; x_wconf 92' lang='lat' dir='ltr'>sine</span> <span class='ocrx_word' id='word_1_441' title='bbox 1065 3178 1236 3240; x_wconf 89' lang='lat' dir='ltr'>eclipsi</span> <span class='ocrx_word' id='word_1_442' title='bbox 1276 3182 1323 3226; x_wconf 91' lang='lat' dir='ltr'>et</span> <span class='ocrx_word' id='word_1_443' title='bbox 1364 3178 1594 3225; x_wconf 91' lang='lat' dir='ltr'>vicissim.</span> 
     </span>
    </p>

    <p class='ocr_par' dir='ltr' id='par_1_9' title="bbox 231 3245 2477 3458">
     <span class='ocr_line' id='line_1_43' title="bbox 377 3245 2477 3313; baseline -0.001 -19"><span class='ocrx_word' id='word_1_444' title='bbox 377 3248 423 3296; x_wconf 88' lang='lat'>3.</span> <span class='ocrx_word' id='word_1_445' title='bbox 476 3248 607 3297; x_wconf 86' lang='lat' dir='ltr'>Fieri</span> <span class='ocrx_word' id='word_1_446' title='bbox 651 3255 835 3313; x_wconf 88' lang='lat' dir='ltr'>potest,</span> <span class='ocrx_word' id='word_1_447' title='bbox 887 3255 941 3298; x_wconf 90' lang='lat' dir='ltr'>ut</span> <span class='ocrx_word' id='word_1_448' title='bbox 989 3250 1085 3298; x_wconf 90' lang='lat' dir='ltr'>duo</span> <span class='ocrx_word' id='word_1_449' title='bbox 1134 3249 1390 3299; x_wconf 90' lang='lat' dir='ltr'>novilunia</span> <span class='ocrx_word' id='word_1_450' title='bbox 1429 3249 1666 3298; x_wconf 91' lang='lat' dir='ltr'>centralia</span> <span class='ocrx_word' id='word_1_451' title='bbox 1714 3249 1794 3297; x_wconf 88' lang='lat' dir='ltr'>vel</span> <span class='ocrx_word' id='word_1_452' title='bbox 1833 3248 1974 3311; x_wconf 89' lang='lat' dir='ltr'>quasi</span> <span class='ocrx_word' id='word_1_453' title='bbox 2012 3246 2296 3308; x_wconf 84' lang='lat' dir='ltr'>contingant</span> <span class='ocrx_word' id='word_1_454' title='bbox 2332 3245 2477 3291; x_wconf 88' lang='lat' dir='ltr'>unius</span> 
     </span>
     <span class='ocr_line' id='line_1_44' title="bbox 231 3317 2477 3386; baseline -0.001 -19"><span class='ocrx_word' id='word_1_455' title='bbox 231 3320 472 3367; x_wconf 89' lang='lat' dir='ltr'>semestris</span> <span class='ocrx_word' id='word_1_456' title='bbox 509 3322 784 3383; x_wconf 84' lang='lat' dir='ltr'>interstitiO,</span> <span class='ocrx_word' id='word_1_457' title='bbox 825 3337 973 3371; x_wconf 90' lang='lat' dir='ltr'>unum</span> <span class='ocrx_word' id='word_1_458' title='bbox 1011 3329 1122 3372; x_wconf 89' lang='lat' dir='ltr'>ante</span> <span class='ocrx_word' id='word_1_459' title='bbox 1150 3323 1279 3372; x_wconf 86' lang='lat' dir='ltr'>Solis</span> <span class='ocrx_word' id='word_1_460' title='bbox 1317 3337 1607 3386; x_wconf 86' lang='lat' dir='ltr'>apogaeum,</span> <span class='ocrx_word' id='word_1_461' title='bbox 1648 3321 1852 3370; x_wconf 88' lang='lat' dir='ltr'>alterum</span> <span class='ocrx_word' id='word_1_462' title='bbox 1887 3324 2001 3382; x_wconf 91' lang='lat' dir='ltr'>post</span> <span class='ocrx_word' id='word_1_463' title='bbox 2037 3317 2183 3379; x_wconf 91' lang='lat' dir='ltr'>illud,</span> <span class='ocrx_word' id='word_1_464' title='bbox 2224 3331 2320 3380; x_wconf 91' lang='lat' dir='ltr'>quo</span> <span class='ocrx_word' id='word_1_465' title='bbox 2361 3331 2477 3366; x_wconf 84' lang='lat' dir='ltr'>casu</span> 
     </span>
     <span class='ocr_line' id='line_1_45' title="bbox 231 3393 1896 3458; baseline 0.001 -19"><span class='ocrx_word' id='word_1_466' title='bbox 231 3395 335 3439; x_wconf 91' lang='lat' dir='ltr'>toto</span> <span class='ocrx_word' id='word_1_467' title='bbox 374 3405 500 3438; x_wconf 88' lang='lat' dir='ltr'>anno</span> <span class='ocrx_word' id='word_1_468' title='bbox 539 3393 697 3442; x_wconf 89' lang='lat' dir='ltr'>lunari</span> <span class='ocrx_word' id='word_1_469' title='bbox 734 3394 922 3443; x_wconf 88' lang='lat' dir='ltr'>nullum</span> <span class='ocrx_word' id='word_1_470' title='bbox 961 3398 1210 3458; x_wconf 88' lang='lat' dir='ltr'>continget</span> <span class='ocrx_word' id='word_1_471' title='bbox 1246 3395 1568 3458; x_wconf 89' lang='lat' dir='ltr'>plenilunium</span> <span class='ocrx_word' id='word_1_472' title='bbox 1607 3394 1896 3457; x_wconf 88' lang='lat' dir='ltr'>eclipticum</span> 
     </span>
    </p>

    <p class='ocr_par' dir='ltr' id='par_1_10' title="bbox 234 3461 2528 3600">
     <span class='ocr_line' id='line_1_46' title="bbox 378 3461 2478 3560; baseline 0 -51"><span class='ocrx_word' id='word_1_473' title='bbox 378 3463 426 3511; x_wconf 88' lang='lat'>4.</span> <span class='ocrx_word' id='word_1_474' title='bbox 484 3461 639 3513; x_wconf 91' lang='lat' dir='ltr'>Omne</span> <span class='ocrx_word' id='word_1_475' title='bbox 686 3466 1006 3528; x_wconf 85' lang='lat' dir='ltr'>plenilunium</span> <span class='ocrx_word' id='word_1_476' title='bbox 1052 3468 1328 3560; x_wconf 86' lang='lat' dir='ltr'>eclipticum</span> <span class='ocrx_word' id='word_1_477' title='bbox 1380 3483 1478 3517; x_wconf 92' lang='lat' dir='ltr'>non</span> <span class='ocrx_word' id='word_1_478' title='bbox 1529 3469 1746 3537; x_wconf 88' lang='lat' dir='ltr'>proxime</span> <span class='ocrx_word' id='word_1_479' title='bbox 1795 3463 2006 3515; x_wconf 90' lang='lat' dir='ltr'>centrale</span> <span class='ocrx_word' id='word_1_480' title='bbox 2060 3464 2276 3511; x_wconf 89' lang='lat' dir='ltr'>vicinum</span> <span class='ocrx_word' id='word_1_481' title='bbox 2330 3461 2478 3514; x_wconf 85' lang='lat' dir='ltr'>habet</span> 
     </span>
     <span class='ocr_line' id='line_1_47' title="bbox 234 3534 2528 3600; baseline 0.002 -16"><span class='ocrx_word' id='word_1_482' title='bbox 234 3534 542 3586; x_wconf 87' lang='lat' dir='ltr'>novilunium</span> <span class='ocrx_word' id='word_1_483' title='bbox 581 3537 901 3600; x_wconf 88' lang='lat' dir='ltr'>eclipticum.</span> <span class='ocrx_word' id='word_1_484' title='bbox 2525 3584 2528 3591; x_wconf 90' lang='grc'><em>,</em></span> 
     </span>
    </p>

    <p class='ocr_par' dir='ltr' id='par_1_11' title="bbox 234 3607 2477 3744">
     <span class='ocr_line' id='line_1_48' title="bbox 380 3607 2477 3675; baseline -0.002 -19"><span class='ocrx_word' id='word_1_485' title='bbox 380 3608 429 3656; x_wconf 90' lang='grc'>5.</span> <span class='ocrx_word' id='word_1_486' title='bbox 482 3607 535 3656; x_wconf 88' lang='lat' dir='ltr'>Si</span> <span class='ocrx_word' id='word_1_487' title='bbox 571 3610 618 3654; x_wconf 90' lang='lat' dir='ltr'>in</span> <span class='ocrx_word' id='word_1_488' title='bbox 657 3625 753 3657; x_wconf 92' lang='lat' dir='ltr'>uno</span> <span class='ocrx_word' id='word_1_489' title='bbox 799 3614 998 3663; x_wconf 88' lang='lat' dir='ltr'>semisse</span> <span class='ocrx_word' id='word_1_490' title='bbox 1039 3615 1153 3662; x_wconf 86' lang='lat' dir='ltr'>anni</span> <span class='ocrx_word' id='word_1_491' title='bbox 1205 3615 1455 3675; x_wconf 88' lang='lat' dir='ltr'>contingat</span> <span class='ocrx_word' id='word_1_492' title='bbox 1493 3612 1685 3675; x_wconf 89' lang='lat' dir='ltr'>eclipsis</span> <span class='ocrx_word' id='word_1_493' title='bbox 1723 3609 1892 3657; x_wconf 90' lang='lat' dir='ltr'>Lunae</span> <span class='ocrx_word' id='word_1_494' title='bbox 1931 3607 2157 3657; x_wconf 90' lang='lat' dir='ltr'>centralis</span> <span class='ocrx_word' id='word_1_495' title='bbox 2207 3607 2287 3657; x_wconf 85' lang='lat' dir='ltr'>vel</span> <span class='ocrx_word' id='word_1_496' title='bbox 2323 3607 2477 3669; x_wconf 89' lang='lat' dir='ltr'>quasi,</span> 
     </span>
     <span class='ocr_line' id='line_1_49' title="bbox 234 3681 1994 3744; baseline 0 -15"><span class='ocrx_word' id='word_1_497' title='bbox 234 3695 330 3730; x_wconf 91' lang='lat' dir='ltr'>non</span> <span class='ocrx_word' id='word_1_498' title='bbox 367 3682 545 3744; x_wconf 88' lang='lat' dir='ltr'>poterit</span> <span class='ocrx_word' id='word_1_499' title='bbox 583 3685 832 3744; x_wconf 88' lang='lat' dir='ltr'>oppositus</span> <span class='ocrx_word' id='word_1_500' title='bbox 871 3688 985 3732; x_wconf 89' lang='lat' dir='ltr'>anni</span> <span class='ocrx_word' id='word_1_501' title='bbox 1021 3689 1236 3735; x_wconf 88' lang='lat' dir='ltr'>semissis</span> <span class='ocrx_word' id='word_1_502' title='bbox 1277 3700 1438 3735; x_wconf 89' lang='lat' dir='ltr'>carere</span> <span class='ocrx_word' id='word_1_503' title='bbox 1477 3700 1568 3733; x_wconf 91' lang='lat' dir='ltr'>sua</span> <span class='ocrx_word' id='word_1_504' title='bbox 1603 3684 1772 3731; x_wconf 90' lang='lat' dir='ltr'>Lunae</span> <span class='ocrx_word' id='word_1_505' title='bbox 1811 3681 1994 3744; x_wconf 90' lang='lat' dir='ltr'>eclipsi.</span> 
     </span>
    </p>
   </div>
   <div class='ocr_carea' id='block_1_3' title="bbox 236 3751 2477 3893">
    <p class='ocr_par' dir='ltr' id='par_1_12' title="bbox 236 3751 2477 3893">
     <span class='ocr_line' id='line_1_50' title="bbox 381 3751 2477 3821; baseline -0.001 -20"><span class='ocrx_word' id='word_1_506' title='bbox 381 3755 428 3803; x_wconf 89' lang='lat'>6.</span> <span class='ocrx_word' id='word_1_507' title='bbox 468 3753 703 3802; x_wconf 88' lang='lat' dir='ltr'>Omnibus</span> <span class='ocrx_word' id='word_1_508' title='bbox 740 3755 838 3803; x_wconf 89' lang='lat' dir='ltr'>fere</span> <span class='ocrx_word' id='word_1_509' title='bbox 876 3759 1187 3806; x_wconf 88' lang='lat' dir='ltr'>semestribus</span> <span class='ocrx_word' id='word_1_510' title='bbox 1226 3760 1511 3821; x_wconf 86' lang='lat' dir='ltr'>contingunt</span> <span class='ocrx_word' id='word_1_511' title='bbox 1549 3756 1753 3818; x_wconf 86' lang='lat' dir='ltr'>eclipses</span> <span class='ocrx_word' id='word_1_512' title='bbox 1781 3752 1924 3816; x_wconf 88' lang='lat' dir='ltr'>Solis,</span> <span class='ocrx_word' id='word_1_513' title='bbox 1964 3754 2160 3817; x_wconf 87' lang='lat' dir='ltr'>saepius</span> <span class='ocrx_word' id='word_1_514' title='bbox 2187 3752 2312 3802; x_wconf 90' lang='lat' dir='ltr'>duae</span> <span class='ocrx_word' id='word_1_515' title='bbox 2340 3751 2477 3801; x_wconf 89' lang='lat' dir='ltr'>dein-</span> 
     </span>
     <span class='ocr_line' id='line_1_51' title="bbox 236 3827 1368 3893; baseline 0.003 -17"><span class='ocrx_word' id='word_1_516' title='bbox 236 3839 364 3890; x_wconf 76' lang='lat' dir='ltr'>cepS,</span> <span class='ocrx_word' id='word_1_517' title='bbox 387 3827 642 3876; x_wconf 32' lang='lat' dir='ltr'>*rarissime</span> <span class='ocrx_word' id='word_1_518' title='bbox 681 3840 738 3875; x_wconf 90' lang='lat' dir='ltr'>ac</span> <span class='ocrx_word' id='word_1_519' title='bbox 774 3827 897 3876; x_wconf 89' lang='lat' dir='ltr'>forte</span> <span class='ocrx_word' id='word_1_520' title='bbox 933 3843 1181 3893; x_wconf 88' lang='lat' dir='ltr'>nunquam</span> <span class='ocrx_word' id='word_1_521' title='bbox 1217 3831 1368 3879; x_wconf 87' lang='lat' dir='ltr'>nulla.</span> 
     </span>
    </p>
   </div>
  </div>
 </body>
</html>
