2554 4140
1075 91 1338 152 Praecepta.
1460 138 1464 141 .
2090 91 2094 96 ’
2245 98 2345 147 70⁷
2369 104 2375 111 ‘

101 243 340 305 eclipseos
390 244 755 306 inquisitionem
803 240 1031 308 progredi
1078 245 1264 308 possis3
1321 242 1386 292 ad
1435 242 1559 289 initii
1597 255 1721 290 vero
1763 247 1811 291 et
1856 243 1964 291 finis
2013 243 2383 298 collectionem.

98 322 322 380 superest
359 315 546 379 aliquid
585 318 731 365 etiam
770 322 883 369 tunc
921 331 1115 381 operae.
1177 308 1490 380 Repetendus
1515 316 1642 362 enim
1670 317 1759 363 erit
1784 316 1999 364 calculus
2037 322 2084 365 et
2123 314 2186 382 ad
2211 321 2353 364 ante-

100 389 350 438 cedentem
402 396 451 438 et
512 387 575 437 ad
628 396 912 451 sequentem
966 390 1163 450 horam,
1211 390 1304 436 uisi
1351 389 1474 436 sorte
1521 390 1714 449 punctis
1769 388 2211 450 aequinoctialibus
2265 393 2352 438 aut

99 463 273 509 vicinis
310 461 849 524 gradibus'orientibus
890 463 1096 526 angulus
1143 463 1340 518 orientis
1377 476 1463 525 per
1495 460 1736 508 bihorium
1771 476 1941 524 parum
1965 468 2200 523 mutetur;
2239 467 2353 510 tunc

98 533 330 583 alterutra
366 533 551 582 saltem
593 536 880 596 repetitione
936 538 1032 600 erit
1072 540 1211 599 op'us.
1287 533 1356 582 At
1403 535 1445 582 si
1491 533 1635 581 fuerit
1670 533 1838 595 aliqua
1887 534 2244 595 longitudinum
2282 531 2377 599 Q

98 613 146 656 et
183 602 253 672 Q
293 606 501 655 visibilis
541 605 826 668 differentia,
867 595 1106 672 siquidem
1145 609 1293 657 Luna.⁴
1325 599 1660 666 antecesserit,
1705 606 1830 655 adde
1864 606 1931 654 ad
1969 614 2159 670 tempus
2197 622 2355 671 appa-

97 694 206 728 rens
244 679 388 728 horas
426 693 667 728 summurn
695 676 845 741 duas,
887 683 950 730 ad
987 683 1148 731 locum
1187 681 1360 730 verum‘
1391 682 1440 727 in
1480 672 1725 740 ecliptica
1741 694 1883 727 veros
1922 679 2143 728 horarios
2181 680 2353 728 Lunae

98 768 128 800 a
165 751 281 801 Sole
321 751 466 812 duos,
522 754 598 800 sin
637 753 778 802 Luna
815 757 1139 818 superaverit,
1189 745 1420 803 subtrahe
1457 751 1605 812 haec;
1662 751 1922 806 distantiae
1962 767 2077 801 vero
2114 743 2285 815 Lunae
2325 767 2354 801 a

97 825 227 874 nodo
266 826 413 887 priori
452 824 579 874 adde
617 826 698 875 vel
717 827 885 887 aufer,
924 843 1011 891 pro
1049 843 1098 877 re
1137 834 1277 888 nata,
1324 826 1542 875 horarios
1579 823 1751 873 Lunae
1789 839 1931 873 veros
1978 827 2192 887 integros
2232 825 2356 886 duos
2407 873 2410 875 .

98 898 503 961 latitudinemque
556 898 615 947 de
652 914 782 948 novo
839 914 1057 964 excerpe.
1134 900 1210 948 Ad
1251 906 1440 963 tempus
1491 899 1562 946 sic
1600 904 1837 947 mutatum
1876 903 2039 960 repete
2077 913 2376 960 processum.

99 971 421 1034 parallaxium
461 971 632 1020 Lunae
680 988 711 1021 a
747 970 818 1038 Q
866 987 1152 1035 rursumque
1205 963 1291 1035 per
1329 987 1412 1020 eas
1450 970 1822 1024 veravaunae
1865 971 2215 1034 longitudinem
2255 974 2357 1032 (re-

46 1041 52 1046 “
100 1051 269 1108 spectu
309 1044 506 1107 quidem
531 1044 677 1106 Solis,
717 1047 907 1095 interim
947 1045 1224 1094 immobilis
1247 1042 1507 1109 suppositi)
1545 1049 1593 1092 et
1630 1044 1936 1092 latitudinem
1961 1043 2108 1092 reduc
2146 1043 2210 1092 ad
2238 1045 2358 1092 visi-

96 1117 220 1172 biles
260 1123 309 1166 et
346 1116 662 1166 differentiam
702 1134 733 1166 a
770 1118 880 1167 loco
920 1119 1049 1168 Solis
1086 1120 1224 1167 initio
1263 1123 1544 1181 computato
1584 1117 1810 1178 exquire,
1856 1122 1911 1164 ut
1947 1119 2096 1180 prius

241 1189 390 1238 Sexto
424 1190 607 1251 junctis
637 1191 743 1253 jam
783 1191 973 1241 duabus
1008 1193 1320 1240 luminarium
1345 1191 1587 1238 distantiis
1613 1189 1905 1249 visibilibuS,
1945 1191 1987 1238 si
2019 1188 2164 1240 modo
2199 1188 2358 1238 altera

96 1264 160 1310 sit
199 1265 565 1323 antecessioniS,
600 1264 759 1313 altera
797 1266 1121 1329 superationis
1148 1265 1317 1313 Lunae
1357 1266 1517 1328 (secus
1546 1265 1672 1312 enim
1711 1264 1751 1310 si
1790 1267 1932 1324 esset,
1971 1261 2206 1311 utendum
2231 1269 2373 1310 esset'

98 1335 467 1399 subtractione),
508 1337 578 1384 sic
617 1340 818 1406 emergit
854 1343 1014 1386 motus
1041 1339 1209 1386 Lunae
1247 1353 1276 1385 a
1305 1337 1418 1386 Sole
1455 1335 1663 1384 visibilis
1704 1337 1850 1384 unius
1873 1335 1951 1385 vel
1979 1335 2182 1389 duarum
2209 1336 2358 1383 hora-

97 1423 216 1456 rum.
295 1408 489 1457 Additis
528 1410 655 1458 enim
693 1390 1032 1459 latitudinibus
1071 1410 1375 1471 visibilibus,
1428 1410 1469 1457 si
1509 1409 1809 1457 diversarum
1863 1409 2041 1457 fuerint
2076 1399 2352 1471 plagarum,
2398 1465 2424 1471 ..

97 1481 178 1530 vel
215 1471 464 1531 subtracta
501 1483 686 1533 minore
726 1499 755 1532 a
791 1485 974 1547 majore
1014 1483 1232 1546 ejusde'm
1267 1483 1480 1547 plagae,
1506 1482 1715 1531 habetur
1753 1488 1800 1531 et
1838 1481 2109 1537 latitudinis
2148 1476 2364 1530 visibilis

7 1588 34 1610 .,
95 1557 302 1603 mutatio
342 1555 404 1604 ad
446 1570 594 1604 unam
634 1557 712 1605 vel
753 1556 875 1606 duas
912 1557 1072 1606 horas.
1151 1555 1337 1618 Quodsi
1374 1555 1647 1604 latitudinis
1685 1556 1891 1604 mutatio
1930 1556 2075 1604 fuerit
2112 1546 2265 1615 nulla,
2306 1561 2361 1602 ut

97 1630 374 1691 contingere
413 1634 588 1690 potest,
631 1630 710 1678 vel
749 1632 954 1692 exigua,
993 1645 1079 1692 per
1117 1630 1361 1679 horarium
1403 1628 1645 1676 visibilem
1681 1625 1820 1694 &a
1855 1625 1925 1694 Q
1965 1634 2013 1677 et
2049 1629 2360 1690 praecessio-

7 1681 208 1749 2''nem
245 1701 488 1751 visibilem
525 1697 594 1768 Q
632 1702 775 1751 facile
813 1705 1069 1766 inquiritur
1106 1705 1338 1767 temporis
1375 1701 1702 1761 intervallum,
1746 1709 1928 1763 quanto
1956 1695 2198 1764 pesterius
2239 1714 2360 1750 con-

8 1779 32 1803 f·
96 1775 259 1835 tigerit
297 1775 572 1824 obscuratio
612 1779 841 1837 maxima,
882 1791 1028 1839 quam
1068 1782 1141 1825 est
1178 1776 1242 1837 id,
1283 1775 1344 1824 ad
1384 1774 1515 1838 quod
1554 1781 1626 1822 est
1652 1777 1852 1823 inventa
1886 1776 2162 1838 praecessio
2190 1774 2360 1823 Lunae

99 1847 325 1908 visibilis,
366 1854 414 1897 et
451 1863 538 1911 per
575 1846 881 1898 latitudinem
919 1849 1162 1898 visibilem
1202 1851 1427 1911 utrinque
1465 1847 1667 1896 eandem
1695 1854 2002 1910 computatur
2030 1843 2175 1896 etiam
2202 1861 2360 1911 quan-

97 1922 213 1968 titas
253 1921 608 1970 obscurationis
647 1925 911 1984 maximae,
965 1928 1052 1971 aut
1089 1924 1129 1969 si
1169 1922 1388 1971 nonnihil
1427 1920 1737 1984 inaequaleS,
1777 1936 1863 1984 per
1900 1920 2360 1991 latitudinem'ergo'

99 1993 449 2055 intermediam,
489 1995 915 2058 proportionaliter
953 1996 1158 2058 tempori
1197 1996 1545 2044 antecessionis
1586 1995 1663 2042 vel
1704 1990 1898 2043 auctam
1928 1994 2016 2043 vel
2058 1994 2358 2043 diminutam.

10 2108 13 2123 2
96 2066 325 2130 Denique
364 2074 412 2116 et
449 2067 586 2116 locus
625 2067 756 2118 Solis
794 2071 843 2117 in
883 2064 1108 2131 ecliptica
1147 2075 1346 2118 exactus
1397 2064 1795 2118 determinabitur
1838 2082 1922 2130 per
1959 2056 2207 2116 horarium
2254 2067 2360 2130 ejus

97 2141 147 2186 in
185 2146 377 2204 tempus
418 2140 616 2189 ductum
655 2148 703 2191 et
742 2145 1041 2205 quotientem
1081 2141 1189 2190 loco
1229 2127 1358 2190 Solis
1389 2142 1550 2205 primo
1592 2147 1871 2203 computato
1910 2140 2171 2226 adjectum.

242 2213 327 2262 Sin
378 2220 540 2263 autem
587 2213 761 2264 fuerit
780 2215 947 2279 aliqua
992 2214 1305 2264 latitudinum
1345 2214 1612 2263 visibilium
1658 2213 1988 2276 inaequalium
2038 2215 2242 2276 insignis
2281 2203 2361 2263 vel
2396 2206 2399 2209 ’
2442 2211 2448 2227 ³

98 2302 287 2337 summa
326 2287 407 2336 vel
445 2287 739 2349 differentia,
793 2303 852 2338 ne
891 2289 1037 2351 igitur
1087 2293 1203 2336 tunc
1242 2289 1528 2341 varietatem
1575 2287 1701 2336 hanc
1749 2289 1867 2336 satis
1894 2285 2176 2336 notabilem
2226 2291 2273 2335 et
2310 2286 2360 2334 in

102 2360 417 2409 diminuenda
453 2360 563 2410 lucc
602 2360 701 2410 diei
738 2362 787 2408 in
826 2351 1088 2424 eclipsibus
1114 2363 1305 2423 magnis
1343 2362 1575 2409 momenti
1603 2362 1699 2409 nori
1727 2363 1879 2424 parvi,
1919 2375 1979 2410 ne
2008 2360 2134 2409 hanc
2158 2361 2366 2422 inquam·

100 2441 403 2482 transeamus
443 2434 629 2482 obitert
682 2434 971 2496 inquirenda
1023 2436 1112 2483 erit
1148 2440 1248 2483 tam
1288 2433 1519 2482 distantia
1565 2433 1774 2483 duorum
1808 2436 2015 2499 situum,
2068 2448 2216 2496 quam
2255 2433 2360 2495 ejus

98 2522 211 2571 pars
249 2521 338 2555 seu
375 2505 612 2570 scrupula
640 2506 834 2555 residua
873 2521 1028 2572 usque
1067 2506 1130 2555 ad
1158 2508 1514 2556 obscurationis
1553 2509 1793 2556 maximae
1818 2506 1997 2567 locum,
2040 2513 2108 2555 et
2128 2506 2360 2555 distantia

32 2643 35 2646 y
99 2583 148 2628 in
187 2595 246 2629 ea
285 2586 571 2628 centrorum.
647 2579 858 2629 Rursum
910 2583 1055 2644 igitur
1094 2595 1203 2629 cum
1245 2580 1476 2628 distantia
1530 2577 1736 2628 duorum
1775 2565 1945 2628 Lunae
1985 2572 2189 2638 situum,
2248 2585 2362 2627 tan-

100 2667 247 2716 quam
288 2666 397 2701 cum
435 2654 580 2701 unius
619 2651 699 2702 vel
740 2653 942 2703 duarum
979 2652 1207 2702 horarum
1231 2658 1368 2702 motu
1395 2651 1579 2702 visibili
1606 2652 1775 2702 Lunae
1801 2655 1953 2716 ipsius
1985 2650 2106 2717 (non‘
2126 2648 2195 2717 Q
2223 2666 2254 2699 a
2278 2647 2362 2715 Q)
2407 2675 2413 2682 ·
2445 2645 2448 2648 ’

100 2734 149 2775 et
187 2740 296 2775 cum
336 2726 442 2788 ejus
482 2731 643 2791 parte,
690 2741 816 2789 quae
865 2728 1188 2777 antecessioni
1228 2727 1394 2775 Lunae
1433 2725 1719 2789 respondet,
1768 2725 2081 2788 indagabitur
2131 2725 2363 2789 temporis
2409 2745 2413 2748 ·

98 2798 408 2848 intervallum
447 2800 510 2847 ab
548 2798 634 2848 illo
673 2802 933 2863 momento,
984 2814 1081 2863 quo
1121 2800 1262 2862 Luna
1301 2798 1587 2849 antecedere
1633 2801 1843 2849 inve'nta‘
1872 2804 1971 2860 est,
2023 2797 2086 2847 ad
2125 2800 2363 2849 obscura-

98 2874 284 2923 tionem
321 2873 598 2922 maximam.
1662 2892 1667 2899 ·
2045 2863 2050 2868 ’

248 2944 506 3007 Quantitas
546 2959 661 2994 vero
702 2945 917 2995 defectus
958 2961 1041 3010 per
1066 2945 1450 2996 semidiametros
1488 2945 1798 2994 luminarium
1838 2950 1885 2994 et
1929 2944 2209 2993 distantiam
2237 2939 2400 2992 hanc'

102 3018 347 3067 visibilem
389 3024 660 3067 centrorum
700 3021 987 3071 invenietur.
1063 3019 1246 3082 Excipe
1286 3033 1393 3067 cum
1421 3016 1655 3067 diameter
1683 3018 1810 3067 Solis
1850 3023 2049 3080 superat
2076 3016 2365 3065 diametrum

104 3092 288 3152 Lunae,
331 3091 463 3154 quod
502 3090 569 3150 fit,
610 3090 694 3141 illo
733 3095 781 3139 in
806 3095 1052 3155 perigan,
1092 3092 1185 3141 hac
1223 3094 1269 3139 in
1288 3096 1527 3157 apogaeo‘
1548 3098 1796 3152 versante3
1838 3097 1951 3139 tunc
1984 3092 2127 3151 enim,
2167 3089 2364 3153 quando

103 3165 337 3214 distantia
383 3170 654 3213 centrorum
705 3170 780 3213 est
832 3167 987 3214 minor
1037 3165 1309 3216 differentia
1357 3165 1851 3226 semidiametrorum,
1910 3178 2098 3226 semper
2156 3162 2362 3212 circulus

81 3244 267 3287 ‘manet
312 3236 530 3298 lucidus,
588 3236 845 3287 latitudine
892 3239 941 3286 in
989 3238 1333 3289 medietatibus
1386 3243 1552 3301 tanta,
1612 3243 1797 3301 quanta
1848 3242 1919 3286 est
1970 3236 2056 3285 illa
2095 3235 2365 3287 differentia

40 3306 50 3381 Ἀ
103 3310 584 3371 semidiametrorum.

248 3384 474 3447 Denique
521 3398 607 3448 per
643 3383 769 3433 hanc
807 3387 1098 3442 centrorum¹
1128 3382 1407 3433 distantiam
1447 3382 1691 3433 visibilem
1739 3383 1787 3429 in
1828 3388 2073 3433 momento
2127 3382 2363 3440 obscura-

104 3458 250 3507 tionis
301 3459 543 3507 maximae
601 3463 648 3506 et
697 3472 783 3522 per
834 3470 1071 3505 summam
1123 3455 1591 3505 semidiametrorum
1645 3455 1773 3504 Solis
1823 3461 1870 3504 et
1915 3450 2086 3506 Lunae
2136 3455 2365 3521 scrupula

63 3589 65 3592 Ι
110 3530 338 3580 dimidiae
378 3530 647 3580 durationis
686 3535 1006 3594 quaeruntur,
1059 3527 1215 3592 eaq'ue
1262 3543 1355 3592 per⁴
1386 3529 1629 3577 horarium
1676 3529 1778 3591 jam
1815 3523 1884 3595 Q
1923 3543 1954 3577 a
1991 3527 2060 3596 Q
2102 3530 2362 3587 visibilem,

107 3618 194 3654 seu
231 3606 279 3651 in
318 3603 541 3670 ecliptica
577 3618 664 3653 seu
702 3605 750 3651 in
790 3604 873 3651 via
910 3601 1126 3665 obliqua,
1167 3608 1512 3651 convertuntur
1548 3603 1596 3649 in
1633 3605 1824 3665 tempus
1862 3606 2010 3665 atque
2050 3602 2099 3651 id
2145 3602 2362 3650 additum

109 3683 156 3727 et
195 3677 414 3726 ablatum
459 3693 490 3726 a
527 3682 772 3730 momento
823 3676 1175 3725 obscurationis
1215 3675 1477 3736 maximae,
1533 3673 1693 3738 prodit
1731 3676 1919 3725 initium
1964 3681 2013 3726 et
2050 3676 2192 3724 finem
2233 3672 2358 3722 deli-

109 3751 210 3814 quii
248 3755 647 3815 praeterpropter.

253 3824 424 3874 Potest
469 3830 632 3874 autem
682 3822 820 3873 locus
858 3822 1026 3871 Lunae
1064 3819 1270 3871 visibilis
1318 3820 1382 3870 ad
1419 3820 1541 3916 haec
1587 3822 1681 3872 tria
1697 3826 1984 3896 momenta,
2039 3821 2108 3869 sic
2148 3817 2361 3880 definita,

1879 3907 1995 3956 45*
