2554 4140
183 137 289 187 190
1003 130 1238 190 Epitomes
1270 130 1594 178 Astronomiae

180 287 397 332 sentatur
434 282 497 330 ab
530 293 622 329 axe
660 279 912 343 sphaerae,
952 295 983 330 a
1021 295 1120 344 quo
1158 292 1424 343 suspensus
1461 285 1536 329 est
1571 279 1805 343 globulus
1840 279 2058 343 medius,
2115 287 2164 330 et
2201 260 2450 331 extremi?

179 360 303 404 tates
343 355 448 417 ejus
486 356 535 401 in
572 353 754 402 mundo
793 359 1222 417 repraesentantur
1257 367 1345 415 per
1380 351 1523 415 polos
1559 352 1810 416 sphaerae.

293 430 347 474 In
378 429 607 475 schemate
637 429 693 475 28
723 428 845 474 linea
873 430 990 475 BAC
1021 430 1119 475 axis
1151 434 1234 485 est,
1266 432 1299 470 B
1331 434 1376 472 et
1408 428 1441 472 C
1473 427 1582 484 poli.

333 497 426 548 Ubi
458 504 578 547 sunt
607 498 718 560 poli
761 498 1007 548 Telluris?
1053 497 1191 546 Alter
1230 502 1304 546 est
1341 495 1519 545 abhinc
1555 502 1689 544 trans
1725 509 1859 545 mare
1896 496 2131 560 glaciale,
2185 498 2317 561 quod
2355 505 2430 548 est

177 578 289 635 post
325 572 551 633 Daniam,
592 569 913 635 Norwegiam,
953 571 1273 630 Moscoviam,
1312 569 1566 632 Lappiam,
1606 567 1878 617 Tartariam
1915 572 1964 618 in
2003 569 2112 618 loco
2150 571 2334 633 ignoto,
2374 578 2431 620 ut

179 645 239 696 de
277 657 375 708 quo
414 658 510 692 non
552 650 765 705 constat,
805 646 1008 707 aquisne
1046 642 1330 705 superfusus
1368 645 1461 703 sit,
1499 656 1562 690 an
1598 648 1773 690 terram
1812 645 2138 691 continentem
2176 644 2427 693 insulasve

177 717 374 767 habeat.
453 716 690 780 Reliquus
729 723 802 766 est
841 720 890 764 in
927 714 1198 765 meditullio
1235 720 1390 764 terrae
1417 713 1773 777 Megellanicae
1798 715 1952 764 multo
1990 717 2148 764 minus
2188 719 2429 779 cognitae,

177 797 231 839 ut
265 790 405 853 cujus
441 790 599 839 litora
622 790 835 838 nondum
874 790 1181 838 circumcirca
1219 794 1332 836 sunt
1370 787 1562 837 detecta
1596 793 1646 836 et
1681 786 1948 850 explorata,
1986 788 2165 837 nedum
2204 796 2259 838 ut
2295 792 2426 839 scia-

177 877 300 926 mus,
346 869 583 926 perpetua
621 865 877 912 introrsum
915 863 1166 912 continens
1202 863 1281 920 sit,
1321 875 1382 909 an
1421 861 1636 910 maribus
1673 859 1891 910 diremta.

319 935 513 986 Dixisti
549 937 679 986 libro
710 938 898 997 primo,
937 949 1087 984 axem
1122 940 1169 982 et
1203 934 1343 996 polos
1375 933 1560 982 Terrae
1591 940 1838 995 perpetuo
1873 933 2047 982 iisdem
2081 934 2264 984 Terrae
2295 950 2420 997 par·

175 1009 304 1058 tibus
339 1009 629 1058 inhaerere.-
667 1023 858 1070 quaero
893 1007 1030 1056 unde
1066 1008 1155 1057 hoc
1185 1006 1399 1069 probes?
1448 1005 1521 1055 Ex
1559 1005 1813 1056 altitudine
1850 1007 1953 1069 poli
1991 1007 2242 1069 sphaerae.
2297 1007 2424 1056 Nam

174 1083 216 1131 si
254 1081 356 1145 poli
394 1081 570 1131 Terrae
610 1086 904 1144 vagarentur
941 1082 991 1127 in
1034 1079 1287 1143 superficie
1324 1079 1563 1141 Telluris,
1615 1080 1821 1128 vertices
1855 1080 2074 1129 locorum
2112 1094 2208 1129 non
2246 1083 2429 1130 retine-

173 1162 279 1204 rent
318 1154 519 1204 eandem
558 1153 838 1202 circularem
864 1152 1143 1202 distantiam
1180 1168 1211 1202 a
1246 1151 1376 1216 polis
1413 1152 1677 1216 sphaerae,
1716 1154 1898 1215 quippe
1937 1154 2021 1216 qui
2059 1159 2173 1201 sunt
2220 1155 2426 1204 vertices

174 1227 398 1291 polorum
436 1227 641 1290 Terrae3
691 1233 739 1275 et
776 1228 848 1274 sic
884 1239 987 1277 non
1020 1240 1210 1289 semper
1258 1225 1454 1288 aequali
1491 1239 1606 1274 arcu
1645 1224 1917 1274 elevaretur
1954 1228 2003 1273 in
2041 1225 2208 1288 aliquo
2246 1226 2424 1277 Terrae

173 1301 283 1350 loco
324 1306 453 1349 certo
492 1299 635 1363 polus
672 1299 926 1364 sphaerae.
982 1298 1213 1349 Manente
1252 1301 1399 1362 igitur
1423 1297 1678 1346 altitudine
1715 1297 1818 1360 poli
1854 1298 2090 1362 sphaerae
2130 1299 2424 1360 invariabili,

173 1380 228 1422 ut
266 1373 450 1423 dicetur
487 1372 612 1422 libro
650 1372 755 1439 111,
802 1372 905 1436 poli
942 1374 1091 1422 etiam
1127 1371 1306 1422 Terrae
1344 1371 1517 1420 iisdem
1554 1369 1810 1420 Terrarum
1857 1369 1979 1421 locis
2016 1371 2302 1422 inhaereant
2335 1386 2426 1422 ne-

174 1460 309 1497 cesse
347 1452 436 1495 est.

327 1516 422 1567 Ubi
454 1523 576 1566 sunt
609 1518 715 1581 poli
750 1517 934 1567 mundi
968 1532 1055 1567 seu
1091 1515 1372 1581 sphaerae?
1425 1514 1699 1565 Transeunt
1737 1513 1797 1565 de
1836 1530 1934 1565 uno
1973 1514 2082 1566 loco
2122 1516 2327 1566 fixarum
2363 1514 2427 1568 ad

171 1590 321 1642 alium
370 1605 598 1641 successu
648 1590 948 1652 seculorum,
1002 1597 1051 1640 et
1102 1590 1245 1640 hodie
1283 1589 1431 1652 alter,
1484 1593 1569 1653 qui
1607 1590 1747 1638 nobis
1787 1591 1837 1637 in
1875 1588 2070 1654 Europa
2106 1605 2296 1655 semper
2332 1606 2424 1655 ap-

171 1673 324 1729 paret,
367 1671 442 1714 est
478 1665 696 1727 proxime
735 1670 1000 1713 extremam
1038 1663 1224 1714 caudae
1251 1658 1405 1712 Ursae
1443 1663 1656 1724 minoris,
1695 1661 1904 1712 alterum
1942 1663 1990 1710 in
2029 1661 2241 1727 Europa,
2282 1663 2421 1727 Asia,

170 1737 398 1789 America
448 1742 496 1786 et
533 1751 712 1800 magna
749 1743 890 1801 parte
929 1737 1123 1787 Africae
1160 1749 1409 1799 nunquam
1448 1737 1717 1800 cernimus3
1772 1742 1920 1799 atque
1959 1737 2000 1784 is
2037 1735 2187 1785 fertur
2226 1737 2275 1784 in
2314 1736 2424 1786 loco

175 1811 300 1862 coeli
340 1824 498 1860 vacuo
538 1825 568 1859 a
606 1810 761 1860 stellis
798 1810 906 1859 fixis
943 1808 1260 1859 notabilibus.

318 1882 576 1949 Quomodo
613 1883 900 1948 appellatur
934 1884 1082 1948 polus
1117 1882 1258 1933 nobis
1297 1881 1647 1946 aspectabilis?
1696 1880 1917 1931 Arcticus
1956 1880 2019 1931 ab
2061 1877 2186 1931 Ursa
2222 1883 2422 1945 minore,

168 1972 341 2022 graece
379 1957 557 2021 α’ρκτος
593 1955 745 2022 dicta,
788 1962 837 2005 et
872 1956 1279 2020 septentrionalia,
1319 1954 1456 2023 quod
1495 1954 1666 2003 stellae
1702 1951 1854 2004 Ursae
1882 1954 2069 2003 Latinis
2108 1962 2294 2020 septem
2334 1955 2426 2006 bo-

167 2046 256 2081 ves
292 2045 380 2080 seu
420 2031 600 2079 triones
639 2029 876 2079 dicantur.
955 2029 1268 2094 Aquilonaris
1309 2028 1456 2078 etiam
1492 2042 1522 2076 a
1561 2033 1706 2077 vento
1745 2027 2007 2092 aquilone,
2049 2029 2134 2091 qui
2172 2031 2326 2092 spirat
2364 2044 2422 2080 ex

167 2103 253 2153 illa
287 2103 463 2167 plaga3
503 2105 575 2151 sic
613 2101 826 2152 borealis
877 2118 907 2151 a
945 2110 1093 2152 vento
1131 2102 1296 2151 borea.

317 2174 577 2241 Quomodo
603 2175 789 2224 dicitur
811 2174 958 2238 polus
982 2173 1373 2238 inconspicuas?
1412 2173 1733 2235 Antarcticus,
1774 2175 1915 2237 quasi
1941 2175 2121 2223 arctico
2149 2172 2422 2237 oppositus,

166 2255 215 2299 et
238 2248 585 2309 meridionalis,
618 2246 756 2312 'quod
782 2248 922 2297 nobis
956 2249 1005 2296 in
1029 2247 1123 2297 hac
1141 2247 1401 2297 medietate
1438 2246 1572 2310 globi
1599 2246 1777 2295 Terrae
1818 2247 2126 2296 versantibus
2156 2245 2243 2296 Sol
2269 2250 2417 2297 meri-

167 2321 341 2371 dianus
381 2313 550 2384 vergat
576 2323 624 2369 in
663 2320 794 2369 illam
820 2320 1032 2386 plagam,
1075 2335 1241 2371 versus
1274 2334 1420 2384 quam
1446 2320 1590 2384 polus
1630 2321 1721 2369 iste
1759 2319 1850 2369 sub
1878 2318 2029 2370 Terra
2053 2319 2173 2370 latet
2198 2318 2421 2384 abditus;

169 2395 396 2445 australis
423 2397 583 2456 etiam,
625 2393 756 2457 quod
782 2401 955 2443 ventus
983 2395 1045 2443 ab
1083 2393 1168 2443 illa
1195 2393 1343 2458 plaga
1381 2392 1443 2442 ad
1470 2407 1560 2442 nos
1599 2394 1800 2442 veniens
1839 2399 2003 2442 auster
2041 2392 2326 2456 appelletur.

314 2466 419 2518 Gur
467 2481 585 2516 vero
633 2466 848 2529 sphaera
887 2468 1164 2517 materialis
1219 2469 1353 2515 circa
1389 2466 1524 2515 hunc
1559 2471 1710 2514 suum
1748 2480 1897 2515 arcem
1935 2474 1993 2515 et·
2010 2467 2156 2529 polos
2190 2472 2260 2515 est
2295 2481 2417 2517 con-
2508 2527 2511 2530 .

165 2540 407 2601 volubilis,
444 2538 620 2604 ylobus
655 2546 832 2590 contra
869 2540 1063 2589 medius
1098 2541 1176 2588 illi
1213 2540 1403 2604 affixus
1438 2545 1484 2588 et
1518 2540 1811 2599 immobilis,
1868 2553 1983 2588 cum
2020 2553 2182 2602 supra
2217 2539 2418 2602 dixeris,

161 2614 431 2676 sphaeram
464 2613 692 2677 fixarum
728 2619 881 2675 stare,
938 2613 1148 2662 Terram
1186 2628 1326 2672 vero,
1370 2614 1515 2673 cujus
1552 2612 1736 2675 effiyies
1773 2617 1842 2660 est
1876 2613 1961 2662 ille
1995 2613 2230 2675 ylobulus
2239 2649 2256 2674 ,
2299 2626 2420 2662 con-

163 2686 336 2737 volvi?
386 2686 490 2736 Etsi
549 2700 716 2735 verum
761 2685 855 2734 hoc
900 2700 1048 2751 supra
1092 2685 1274 2735 dictum
1314 2693 1401 2746 est,
1442 2687 1559 2749 qnia
1595 2692 1757 2734 tamen
1799 2687 1934 2734 visus
1985 2685 2147 2747 aliter,
2196 2687 2420 2733 nimirum

161 2759 460 2823 populariter
490 2758 696 2822 judicat,
733 2758 933 2808 Terram
971 2766 1116 2819 stare,
1157 2757 1347 2808 coelum
1383 2757 1535 2819 volvi,
1573 2757 1685 2806 ideo
1723 2758 1889 2806 hocin
1928 2759 2136 2822 sphaera
2160 2754 2418 2820 materiali,

163 2831 226 2881 ad
276 2847 422 2881 unum
474 2830 657 2882 Terrae
709 2832 872 2881 locum
927 2831 1318 2892 accommodata,
1382 2832 1454 2880 sic
1505 2832 1801 2894 exprimitur.
1891 2831 1981 2880 Est
2027 2833 2154 2880 enim
2211 2832 2420 2894 sphaera

164 2904 346 2969 effigies
382 2904 550 2954 mundi
588 2905 718 2971 talis,
757 2903 952 2968 qualem
990 2906 1086 2954 sibi
1124 2906 1258 2953 visus
1295 2911 1460 2953 noster
1495 2904 1805 2966 imaginatur,
1844 2911 1898 2952 ut
1935 2918 2082 2968 supra
2121 2904 2318 2953 dictum.

304 2981 373 3026 At
409 2978 657 3041 quomodo
694 2993 885 3040 eorum,
925 2993 1057 3041 quae
1093 2978 1296 3028 coelitus
1333 2979 1592 3038 eveniunt,
1632 2991 1781 3025 verae
1817 2991 2000 3026 causae
2037 2978 2176 3026 tradi
2206 2982 2420 3040 possunt
2486 3014 2500 3027 .

158 3064 253 3112 per
287 3053 682 3100 instrumentum
715 3051 955 3116 falsitatis
983 3049 1275 3113 particeps?
1310 3048 1444 3098 Nihil
1479 3063 1569 3098 nos
1606 3047 1809 3113 impedit
1845 3049 1967 3099 haec
2005 3051 2140 3099 visus
2173 3049 2415 3114 deceptio,
2503 3068 2505 3070 ·

163 3124 309 3171 etiam
346 3125 395 3170 in
433 3126 801 3174 instrumentum
838 3123 1006 3185 relata,
1048 3139 1146 3187 quo
1186 3125 1347 3172 minus
1385 3135 1526 3172 veras
1565 3134 1740 3171 causas
1789 3122 2085 3171 hauriamus.
2159 3122 2285 3172 Nam
2323 3125 2416 3171 cir-

162 3194 258 3243 culi
294 3195 512 3259 plerique
550 3199 600 3244 in
638 3198 777 3246 coelo
818 3204 866 3245 et
903 3199 952 3244 in
979 3196 1131 3246 Terra
1167 3195 1315 3245 iidem
1352 3202 1466 3245 sunt
1502 3201 1552 3244 et
1578 3196 1674 3244 sibi
1712 3197 1919 3244 invicem
1945 3195 2249 3245 subordinati
2288 3196 2418 3245 linea

166 3283 224 3317 ex
251 3274 416 3317 centro
443 3268 620 3318 Terrae
646 3271 694 3317 in
721 3269 912 3319 coelum
938 3269 1128 3319 educta.
1187 3267 1304 3318 Jam
1341 3275 1524 3318 certum
1560 3274 1648 3330 est,
1687 3274 1847 3331 partes
1885 3276 2068 3318 tractus
2094 3269 2217 3318 coeli
2242 3285 2272 3319 a
2297 3270 2416 3318 sub-

158 3341 303 3404 jectis
341 3341 561 3404 partibus
599 3348 780 3391 tractus
818 3341 1029 3404 Terrae,
1069 3356 1156 3408 per
1192 3357 1316 3406 quos
1353 3347 1536 3391 tractus
1573 3347 1824 3390 transeunt
1860 3341 1910 3390 hi
1949 3339 2138 3403 circuli,
2178 3354 2208 3391 a
2246 3356 2299 3391 se
2338 3345 2416 3390 in-

164 3415 319 3463 vicem
357 3416 570 3478 separari
607 3421 743 3463 motu
783 3414 970 3477 diurno,
1011 3421 1305 3480 peractoque
1344 3416 1546 3464 circuitu
1584 3413 1646 3464 ad
1684 3415 1890 3479 primum
1929 3428 2297 3478 corresponsum
2334 3429 2414 3465 re-

164 3485 282 3550 dire,
322 3488 428 3535 sive
468 3486 653 3536 coelum
694 3489 972 3550 quiescente
1009 3488 1183 3550 Terra,
1236 3491 1340 3538 sive
1378 3489 1500 3538 haec
1537 3489 1816 3551 quiescente
1853 3487 1938 3535 illo
1976 3496 2232 3537 moveatur
2269 3500 2415 3552 super

162 3574 252 3609 axe
289 3558 561 3608 mundano:
605 3573 806 3622 quorum
846 3566 1106 3624 utrumque
1142 3564 1191 3610 in
1231 3561 1440 3625 sphaera
1476 3559 1715 3610 materiali
1753 3563 2103 3625 repraesentari
2139 3568 2315 3624 potest.

310 3632 415 3682 Cur
464 3638 631 3681 autem
681 3646 742 3682 eae
787 3632 983 3681 duobus
1029 3634 1160 3682 idem
1207 3635 1609 3697 praestantibus,
1659 3647 1724 3682 sc.
1775 3648 1835 3682 ex
1883 3635 2002 3683 coeli
2039 3639 2087 3681 et
2121 3648 2182 3683 ea·
2227 3633 2411 3682 Terrae·

159 3711 292 3755 motu
306 3741 318 3765 ,
355 3720 462 3755 non
498 3704 554 3753 id
583 3708 758 3767 potius
793 3707 851 3752 in
885 3705 1101 3767 sphaera
1137 3708 1397 3756 materiali
1433 3707 1760 3770 exprimitur,
1812 3706 1949 3768 quod
1982 3721 2164 3755 verum
2201 3713 2295 3767 est,
2345 3720 2407 3754 sc.

159 3784 323 3829 motus
366 3777 588 3827 Terrae?
627 3775 675 3843 l)
711 3776 841 3839 Quia
877 3780 1145 3826 astronomi
1184 3780 1396 3829 officium
1421 3786 1511 3842 est,
1551 3793 1725 3828 causas
1751 3778 1925 3839 dicere,
1965 3793 2049 3828 cur
2086 3781 2221 3828 visus
2245 3785 2410 3828 noster

158 3850 252 3901 hoc
289 3857 339 3902 et
376 3849 498 3900 illud
534 3850 628 3900 sibi
665 3851 968 3913 imaginetur,
1006 3851 1145 3901 verbi
1181 3855 1341 3915 gratia
1377 3866 1462 3902 cur
1497 3851 1584 3902 Sol
1615 3852 1722 3915 jam
1758 3851 1868 3915 hoc,
1901 3852 2006 3914 jam
2043 3851 2129 3901 illo
2167 3852 2277 3901 loco
2315 3851 2408 3901 ho-
