2554 4140
239 142 342 190 370
1064 132 1300 195 Epitomes
1331 131 1647 178 Astronomiae

236 287 432 343 afferat,
486 296 612 343 quae
653 280 711 330 de
749 282 856 344 ipso
896 295 1011 330 vero
1050 281 1276 345 planetae
1316 279 1396 328 vel
1435 281 1622 328 orbium
1667 286 1803 330 motu
1841 283 2169 331 testimonium
2207 283 2487 346 praebeant,

237 357 366 421 quod
403 358 442 402 is
480 357 542 402 sit
566 353 972 416 regularissimUS,
1013 353 1386 416 aequalissimus
1426 360 1474 401 et
1499 355 1932 414 constantissimuS‚
1971 355 2155 417 figurae
2184 356 2331 404 etiam
2368 358 2488 404 sim-

233 430 551 494 plicissimae,
606 426 792 475 scilicet
829 427 1076 475 circularis
1116 426 1451 487 exactissime,
1501 440 1659 488 neque
1707 427 2004 477 audiendum
2051 442 2156 477 esse
2198 435 2487 477 censuerunt

234 504 386 562 illum,
428 501 511 563 qui
551 498 736 561 aliquid
763 499 1129 563 inaequalitatis
1168 513 1218 547 re
1257 512 1376 547 vera
1410 505 1614 561 poneret
1651 501 1700 547 in
1738 501 1858 563 ipsis
1898 514 2151 564 corporum
2188 500 2361 549 horum
2379 516 2489 551 rea-

232 575 362 624 libus
400 573 629 621 motibus.

381 641 577 696 Censen'
621 651 677 693 tu
702 645 1024 694 retinendum
1053 658 1149 691 esse
1187 643 1278 690 hoc
1303 643 1551 691 aoeioma?
1586 642 1843 694 Trifariam
1869 645 2157 709 respondeo,
2237 642 2284 711 l)
2320 644 2490 709 Regu-

232 720 357 768 lares
407 733 513 767 esse
550 724 712 766 motus
749 718 1081 781 planetarum,
1134 715 1183 762 id
1224 722 1298 763 cst
1336 715 1589 771 ordinatos
1636 716 1795 781 adque
1835 726 2015 768 certam
2053 725 2102 767 et
2140 718 2490 767 immutabilem

231 793 391 855 legem
429 791 711 852 descriptOS,
753 790 803 838 id
830 797 901 839 est
937 796 1071 838 extra
1097 789 1494 836 controversiam.
1568 788 1678 838 Hoc
1705 793 1830 839 enim
1868 793 1962 839 nisi
1988 798 2132 852 esset,
2170 789 2305 840 nulla
2331 797 2490 839 astro-

231 868 396 914 nomia
434 870 574 924 esset,
617 879 706 912 nec
743 862 958 926 praedici
998 867 1199 924 possent
1236 868 1398 909 motus
1437 863 1690 911 coelestes.
1769 862 1819 930 2)
1859 864 2089 927 Sequitur
2114 865 2277 928 igitur,
2315 870 2370 912 ut
2395 863 2489 912 ali-

235 953 332 1002 qua
369 939 433 987 sit
470 939 593 986 inter
630 937 858 999 periodos
898 937 1112 998 integras
1152 934 1482 983 conformitas.
1556 935 1681 984 Nam
1718 935 1799 985 lex
1837 937 1941 995 illa,
1981 937 2040 986 de
2080 952 2178 1000 qua
2217 936 2340 996 dixi,
2393 951 2490 986 una

236 1018 386 1074 atque
433 1017 670 1074 perpetua
718 1016 814 1069 est,
869 1010 1003 1058 vices
1056 1022 1143 1056 seu
1190 1009 1496 1056 emensiones
1548 1007 1772 1058 curriculi
1819 1008 2044 1058 coelestis
2095 1009 2486 1058 innumerabiles.

232 1083 421 1147 Quodsi
460 1083 685 1131 omnibus
726 1080 896 1130 eadem
933 1081 1014 1129 lex
1053 1079 1239 1143 regula,
1278 1087 1392 1128 sunt
1428 1081 1576 1143 igitur
1615 1095 1782 1130 omnes
1822 1084 1954 1132 vices
1993 1085 2116 1132 inter
2140 1097 2193 1132 se
2232 1082 2416 1131 similes
2443 1088 2491 1131 et

231 1158 437 1207 decursu
487 1157 716 1218 temporis
769 1154 1016 1216 aequales.
1097 1150 1147 1219 3)
1193 1153 1260 1202 At
1296 1152 1509 1202 nondum
1558 1169 1843 1204 concessum
1882 1162 1977 1217 est,
2032 1157 2179 1205 etiam
2228 1156 2278 1202 in
2316 1156 2488 1204 unius-

230 1231 466 1294 cujusque
506 1229 734 1276 circuitus
785 1228 1007 1290 partibus
1047 1226 1252 1275 diversis
1301 1232 1487 1275 motum
1526 1242 1575 1276 re
1616 1241 1732 1276 vera
1772 1243 1880 1277 esse
1918 1228 2189 1291 aequalem.
2266 1227 2494 1278 Testatur

228 1307 355 1353 enim
394 1302 705 1361 astronomia,
745 1303 785 1347 si
826 1300 889 1348 ab
929 1300 1016 1348 illa
1054 1299 1337 1348 confusione
1376 1300 1636 1362 planetarii
1675 1308 1836 1350 motus
1875 1304 2130 1365 apparenti
2155 1316 2493 1352 removeamus

222 1383 382 1426 mente
422 1389 589 1423 omnes
627 1377 762 1422 visus
801 1373 1050 1434 fallacias,
1104 1372 1314 1435 relinqui
1353 1371 1581 1438 planetae
1622 1375 1874 1422 circuitum
1911 1370 2082 1435 talem,
2135 1375 2184 1423 in
2235 1375 2374 1438 quus
2415 1374 2492 1422 di-

222 1452 376 1499 versis
414 1447 651 1511 partibus,
691 1461 742 1495 re
784 1460 900 1495 vera
925 1445 1233 1508 aequalibus,
1272 1445 1549 1507 inaequalis
1573 1448 1639 1494 sit
1674 1445 1909 1509 planetae
1935 1448 2171 1509 celeritas,
2211 1462 2309 1497 non
2334 1449 2494 1496 minus

223 1537 367 1585 quam
408 1524 457 1569 in
496 1519 688 1582 angulis
727 1519 790 1567 ad
829 1517 1010 1580 Solem,
1050 1533 1201 1568 causa
1238 1519 1472 1582 temporis
1511 1519 1816 1582 aequalibus,
1860 1526 1932 1570 est
1970 1535 2210 1584 apparens
2249 1523 2489 1584 inaequa-
2547 1518 2553 1523 ’

221 1595 353 1645 litas,
429 1594 491 1642 Et
529 1593 847 1642 Ptolemaeus
886 1594 1017 1655 ipse,
1073 1591 1281 1641 diversis
1333 1592 1507 1640 centris
1558 1606 1646 1655 pro
1695 1592 1864 1656 regula
1903 1602 2066 1643 motus
2118 1596 2494 1644 eccentricorum

223 1676 272 1717 et
312 1665 643 1732 epicyclorum
683 1666 990 1726 constitutis,
1040 1664 1157 1713 facit
1194 1664 1306 1712 illos
1345 1679 1461 1713 suos
1499 1665 1705 1715 circulos
1743 1680 1841 1715 uno
1879 1673 2096 1731 tempore
2147 1668 2332 1717 moveri
2371 1669 2494 1716 inci·
2532 1696 2550 1732 g

218 1743 383 1803 tatiuS,
424 1740 521 1789 alio
561 1740 828 1788 remissius.
904 1738 1133 1800 Denique
1173 1743 1380 1787 testatur
1419 1745 1468 1787 et
1505 1738 1563 1787 de
1603 1738 1696 1788 hoc
1735 1742 2048 1802 astronomia,
2089 1740 2363 1790 subtilitate
2404 1739 2491 1790 de·
2548 1740 2551 1746 ’

219 1816 346 1863 centi
384 1814 609 1874 tractata,
648 1811 956 1875 planetarum
995 1813 1171 1860 itinera
1207 1825 1296 1860 seu
1322 1812 1631 1861 circuitiones
1659 1813 1878 1877 singulas
1905 1828 2002 1864 non
2030 1813 2241 1863 ordinari
2271 1814 2490 1878 praecise
2532 1867 2542 1882 ,

219 1889 266 1935 in
306 1887 572 1951 perfectum
611 1885 860 1945 circulum,
901 1883 990 1933 sed
1026 1884 1131 1933 fieri
1171 1884 1429 1947 ellipticaS.

371 1960 567 2024 Quibus
603 1973 724 2008 vero
764 1959 1080 2020 arqumentis
1117 1963 1303 2006 veteres
1338 1971 1491 2006 suam
1526 1961 1828 2008 sententiam
1867 1960 1984 2014 huic
2021 1966 2142 2009 tuae
2178 1961 2493 2010 contrariam

215 2031 577 2084 stabilierunt?
630 2031 853 2093 Quatuor
892 2032 1224 2094 potissimum:
1272 2031 1322 2095 1)
1363 2047 1392 2080 a
1430 2039 1608 2080 natura
1645 2046 1902 2095 corporum
1930 2032 2200 2091 mobilium,
2241 2034 2297 2095 2)
2336 2047 2368 2082 a
2403 2046 2495 2082 na·

217 2114 327 2156 tura
367 2106 561 2155 virtutis
600 2105 831 2166 motriciS,
875 2104 926 2166 3)
967 2119 997 2153 a
1034 2110 1211 2153 natura
1247 2103 1344 2153 loci
1382 2105 1432 2152 in
1472 2118 1570 2167 quo
1597 2105 1662 2154 sit
1698 2107 1792 2155 iste
1819 2112 1996 2169 motus,
2040 2103 2091 2172 4)
2130 2121 2160 2155 a
2187 2104 2355 2155 circuli
2379 2119 2494 2169 per·
2541 2111 2544 2115 ’

222 2180 449 2230 sectione.

361 2265 461 2314 Dic
499 2269 862 2327 aryumentum
902 2278 1079 2313 eorum
1117 2278 1151 2312 a
1187 2269 1387 2312 natura
1425 2278 1717 2326 corporum.
1793 2265 1875 2315 Sic
1900 2271 2014 2315 sunt
2038 2265 2337 2316 ratiocinati:
2378 2278 2487 2314 cor·
2542 2318 2546 2326 ⁸

215 2353 337 2402 pora
373 2338 460 2387 illa
497 2351 596 2386 non
633 2352 739 2387 esse
780 2338 1053 2400 composita
1091 2351 1151 2386 ex
1190 2336 1459 2398 elementis,
1497 2336 1681 2386 nullam
1719 2340 1887 2401 itaque
1925 2353 2085 2402 neque
2123 2340 2488 2402 generationem
2530 2362 2540 2374 ν

216 2426 374 2475 neque
415 2412 788 2473 corruptionem,
828 2409 1018 2458 nullam
1042 2409 1383 2458 alterationem
1411 2411 1674 2473 quicquam
1712 2413 1760 2459 in
1786 2411 1874 2460 illa
1905 2411 2029 2475 Juris
2055 2410 2251 2461 habere.
2299 2409 2490 2460 Testari
2534 2449 2536 2454 ,

218 2486 276 2535 de
317 2486 412 2533 hoc
450 2483 724 2533 seculorum
765 2485 981 2532 omnium
1009 2483 1384 2546 experientiam:
1426 2498 1620 2547 semper
1648 2486 1775 2533 enim
1814 2484 1986 2535 eadem
2024 2486 2235 2549 spectari
2273 2497 2489 2549 corpora,
2532 2495 2533 2498 ’

214 2558 336 2606 nibil
373 2560 423 2605 in
451 2557 598 2616 mole,
636 2557 759 2604 nihil
798 2558 846 2603 in
871 2570 1090 2618 numer0,
1130 2555 1251 2604 nihil
1289 2558 1338 2603 in
1364 2557 1528 2620 specie
1556 2562 1796 2607 mutatum
1829 2557 2144 2622 deprehendi.
2219 2556 2337 2608 Jam
2377 2569 2488 2607 vcro

213 2638 376 2680 motus
408 2644 665 2694 corporum
704 2629 1129 2680 elementariorum
1155 2630 1218 2678 ob
1256 2628 1352 2678 hoc
1376 2631 1536 2693 ipsum
1574 2644 1682 2680 esse
1709 2633 1874 2682 varios
1914 2638 1962 2682 et
1986 2633 2337 2692 inconstantes,
2378 2630 2491 2694 quia

216 2705 457 2754 elementa
495 2705 631 2752 varie
671 2704 967 2752 misceantur
1004 2702 1067 2752 ad
1108 2717 1274 2751 eorum
1315 2704 1710 2753 constitutionem
1750 2711 1799 2753 et
1835 2705 1884 2752 in
1924 2706 2088 2754 mixtis
2124 2705 2250 2753 inter
2274 2718 2327 2753 se
2364 2715 2526 2767 puga,

215 2784 346 2827 nent.
422 2777 482 2825 In
521 2776 820 2826 coelestibus
858 2777 1022 2840 igitur,
1063 2777 1149 2825 ubi
1186 2775 1324 2824 nulla
1362 2775 1472 2824 talis
1511 2777 1706 2839 mixtio,
1757 2777 1892 2826 nulla
1928 2779 1978 2826 in
2016 2778 2182 2827 mixtIs
2220 2777 2511 2827 elemento·,

215 2865 321 2899 rum
358 2865 541 2914 pugna,
580 2849 770 2898 nullum
812 2851 959 2899 etiam
997 2849 1160 2898 locum
1200 2863 1307 2898 esse
1347 2849 1689 2912 turbulentiae,
1730 2850 1919 2900 nullum
1957 2848 2317 2914 inaequalitati.

365 2937 502 3001 Quid
537 2920 947 3002 respondendum
987 2951 1149 2986 censes
1186 2936 1256 2985 ad
1290 2937 1381 2987 hoc
1398 2937 1801 3000 aryumentum?
1838 2937 1891 2987 Si
1917 2936 1978 2987 de
2015 2936 2294 2987 inordinata
2319 2933 2489 2986 turbu*—

215 3009 367 3059 lentia
405 3017 625 3059 motuum
663 3011 879 3074 loquitur
917 3015 1283 3074 argumentum,
1334 3009 1450 3059 talis
1506 3010 1732 3074 equidem
1771 3012 1822 3061 in
1861 3011 2000 3061 coelo
2039 3009 2176 3061 nulla
2217 3016 2320 3074 est3
2362 3005 2503 3059 nulli·

218 3083 454 3132 tumultus
496 3084 749 3146 coelestes,
790 3083 962 3146 quales
999 3085 1048 3131 in
1088 3083 1365 3133 tonitrubus
2545 3085 2554 3106 '³

632 3180 975 3241 Puynantum
1014 3180 1148 3227 inter
1183 3193 1233 3226 se
1267 3177 1511 3242 flammae
1547 3185 1594 3227 et
1629 3179 1870 3228 stillantis
1907 3180 2092 3242 aquai.-

220 3275 337 3336 quia
376 3274 665 3335 compositio
720 3286 978 3336 corporum
1023 3270 1381 3322 mundanorum
1429 3271 1623 3335 generis
1661 3278 1739 3321 est
1787 3270 2124 3320 diversissimi.
2200 3269 2287 3319 Sin
2325 3274 2485 3319 autom

221 3347 352 3395 omni
393 3347 542 3394 etiam
577 3345 790 3407 regulari
826 3345 1169 3409 inaequalitati
1208 3347 1496 3408 opponitur,
1547 3345 1652 3407 jam
1687 3345 2134 3404 non.omnis,„non
2175 3349 2304 3394 certe
2339 3342 2485 3405 regu-

217 3417 334 3468 laris
372 3420 468 3466 ista
504 3424 723 3466 motuum
760 3420 971 3468 intensio
1008 3420 1331 3480 remissioque
1371 3423 1445 3467 est
1484 3433 1544 3467 ex
1581 3418 1928 3467 elementorum
1960 3430 2130 3480 pugna
2167 3422 2216 3465 et
2253 3417 2484 3486 mixtione

220 3493 271 3539 in
319 3491 602 3553 corporibus
655 3493 797 3539 motis
851 3506 941 3541 nec
993 3507 1054 3540 ex
1092 3505 1178 3553 eo,
1231 3491 1364 3554 quod
1402 3491 1489 3539 illa
1526 3497 1641 3539 sunt
1677 3490 1952 3539 mutabilia.
2029 3487 2197 3538 Oritur
2245 3489 2374 3538 enim
2409 3489 2484 3535 in-

225 3564 503 3627 aequalitas
541 3562 707 3624 aliqua
743 3570 963 3612 motuum
1005 3580 1064 3613 ex
1101 3565 1196 3613 hoc
1234 3566 1358 3627 ips0,
1401 3565 1519 3626 quia
1557 3578 1762 3627 corpora
1800 3569 1937 3622 sunt,
1978 3569 2078 3611 tam
2118 3577 2244 3625 quae
2282 3572 2484 3610 moven-

223 3643 316 3700 tur,
357 3651 504 3699 quam
543 3649 670 3696 quae
708 3641 894 3684 motum
932 3638 1156 3699 inferunt,
1197 3643 1244 3685 et
1283 3639 1400 3699 quia
1437 3652 1527 3685 sua
1565 3638 1771 3686 materia
1790 3641 2033 3697 constant,
2072 3650 2164 3684 sua
2198 3636 2480 3698 quantitate,

222 3725 313 3759 sua
348 3709 527 3773 figura,
582 3714 683 3755 tam
719 3708 851 3754 intus
889 3723 1036 3769 quam
1075 3717 1232 3771 extra,
1282 3717 1331 3759 et
1379 3708 1648 3758 secundum
1685 3707 1984 3771 quantitates
2034 3714 2082 3757 et
2118 3707 2298 3771 figuras
2316 3743 2323 3749 7-
2340 3707 2482 3756 etiam

222 3797 312 3832 sua
347 3782 568 3847 potentia
605 3779 814 3827 naturali
852 3787 964 3828 sunt
1000 3783 1247 3844 praedita,
1296 3797 1423 3844 quae
1461 3784 1621 3830 minus
1658 3786 1822 3844 potest
1858 3783 1908 3828 in
1944 3781 2129 3830 mobile
2166 3779 2478 3842 longinquum

222 3871 369 3918 quam
405 3857 456 3903 in
491 3854 846 3919 propinquum:
889 3852 972 3900 ubi
1008 3852 1268 3903 facultates
1303 3857 1429 3904 inter
1464 3869 1517 3906 se
1555 3855 1800 3906 moventis
1835 3861 1883 3905 et
1919 3855 2043 3904 moti
2081 3852 2354 3904 concedunt
2388 3855 2480 3915 poi
