2554 4140
214 145 319 195 234
1042 140 1275 197 Epitomes
1306 139 1620 186 Astronomiae

213 291 536 352 obliquarum
574 290 942 350 ascensionum,
994 292 1064 338 sic
1104 296 1268 338 reciae
1303 291 1610 337 ascensiones
1646 289 1716 337 ad
1747 289 1904 339 solam
1941 295 2128 337 ¹rectam
2162 288 2448 350 sphaeram,

209 363 280 411 ad
323 376 401 410 eos
446 375 527 419 sc„
577 363 666 422 qui
701 361 792 409 sub
840 369 1110 424 aequatore
1158 362 1416 421 habitant,
1463 362 1722 422 pertinet?
1783 363 1888 410 Imo
1938 368 2094 410 rectas
2142 356 2449 409 ascensiones

211 439 399 497 oportet
435 433 673 496 inqui-rere
711 434 759 479 in
799 436 928 482 omni
966 436 1206 497 positione
1245 433 1504 496 sphaerae,
1559 436 1765 497 primum
1799 435 1914 497 quia
1944 436 2011 481 *iis
2051 448 2173 496 opus
2213 433 2450 481 habemus

210 507 275 555 ad
310 507 734 568 investigationem
773 507 1092 569 obliquarum,
1132 519 1257 568 quae
1296 507 1400 554 sine
1426 508 1568 554 rectis
1606 519 1702 554 non
1730 509 2052 566 innotescunt,
2093 504 2268 554 deinde
2299 519 2450 568 prop-

210 585 281 627 ter
317 593 369 626 se
406 579 568 641 ipsas:
608 579 722 640 quia
755 586 987 641 quantum
1025 581 1073 624 in
1100 580 1244 626 unica
1280 578 1489 641 sphaera
1513 585 1646 627 recta
1683 593 1790 627 cum
1818 578 2035 642 quolibet
2061 579 2311 640 eclipticae
2338 592 2451 626 arcu

210 650 446 715 ascendit,
485 650 767 699 tantundem
807 654 952 700 etiam
992 665 1099 699 cum
1136 651 1221 698 illo
1259 650 1577 699 meridianum
1615 654 1786 700 transit
1811 655 1860 699 in
1899 653 2027 699 omni
2052 651 2274 714 sphaera.
2329 650 2449 698 Cum

211 725 339 773 enim
379 724 602 786 ecliptica
639 725 961 786 inaequaliter
999 725 1144 771 etiam
1182 722 1499 772 meridianum
1538 729 1750 773 transeat
1777 723 2066 787 aequalibus
2105 724 2179 771 sui
2215 723 2449 786 partibus,

207 811 406 846 necesse
445 802 519 845 est
555 798 701 845 etiam
727 796 815 844 hos
854 797 1083 844 transitus
1108 795 1390 858 inaequales
1429 797 1683 845 metiamur
1706 796 1949 860 aequabili
1991 796 2240 844 volutione
2265 809 2451 857 aequa·-

214 871 332 919 toris
369 883 456 932 per
492 868 783 918 meridianos
821 868 1035 916 locorum
1074 869 1325 918 coelestes.

354 942 622 1006 Quomodo
658 944 924 1003 quaeritur
950 944 1168 990 ascensio
1203 948 1339 990 reeta
1361 943 1606 1005 cujusque
1642 957 1792 990 arcus
1829 942 2083 1003 eclipticas
2119 942 2310 990 calculo
2334 956 2452 1003 yeo-
2520 963 2523 965 ¹

210 1015 455 1064 metrico?
519 1013 702 1062 Eodem
752 1014 931 1061 utimur
979 1013 1224 1077 triangulo
1265 1014 1393 1063 ABG
1432 1020 1634 1074 (flg.38),
1689 1029 1784 1078 quo
1827 1015 1984 1077 prius,
2042 1027 2151 1063 cum
2191 1013 2451 1062 declinatio

211 1093 540 1150 quaereretur,
593 1087 709 1149 quia
754 1086 961 1134 circulus
1011 1087 1390 1136 declinationum
1443 1087 1526 1135 BC
1581 1093 1910 1150 repraesentat
1957 1088 2103 1135 etiam
2154 1086 2462 1135 horizontem·

207 1167 404 1220 rectum,
446 1165 500 1207 ut
538 1172 740 1222 quorum
778 1165 980 1221 uterque
1018 1173 1104 1222 per
1140 1160 1282 1223 polos
1320 1159 1555 1223 sphaerae
1595 1159 1798 1208 ducitur.
1873 1160 1929 1207 In
1970 1159 2063 1208 hoc
2114 1161 2259 1223 igitur
2297 1161 2454 1206 trian-
2535 1158 2538 1159 ⁷

210 1233 326 1295 gulo
366 1233 540 1280 dantur
574 1233 692 1279 tria:
734 1231 943 1294 angulus
969 1231 1006 1279 C
1036 1235 1159 1281 inter
1198 1232 1281 1281 Ac
1320 1238 1632 1295 aequatorem
1679 1238 1726 1280 et
1764 1233 1847 1280 BC
1886 1231 2116 1280 circulum
2166 1231 2454 1281 declinatio·

207 1319 340 1366 num,
380 1311 552 1364 rectus,
593 1303 801 1366 angulus
826 1304 955 1352 BAC
982 1306 1107 1354 inter
1144 1311 1455 1368 aequatos-em
1493 1311 1542 1354 et
1580 1305 1872 1370 eclipticam,
1916 1311 1963 1353 et
1989 1304 2077 1352 AB
2117 1318 2257 1352 arcus
2296 1305 2452 1366 eclip-

211 1381 337 1427 ticae
374 1378 666 1440 propositus,
705 1377 834 1425 latus
873 1391 940 1428 sc.
978 1383 1111 1427 recto
1152 1380 1453 1442 oppositum,
1493 1378 1625 1441 quod
1659 1379 1828 1441 incipit
1866 1394 1897 1426 a
1933 1379 2146 1427 sectione
2181 1376 2366 1426 vernali
2406 1382 2454 1426 et

210 1451 493 1500 terminatur
543 1451 592 1496 in
642 1455 874 1512 punctum
913 1465 1192 1513 expressum
1242 1453 1452 1499 numeris
1502 1449 1740 1513 graduum
1779 1456 1828 1499 et
1864 1451 2141 1499 nominibus
2186 1451 2448 1513 signorum.

207 1522 452 1572 Interdum
486 1535 556 1574 ex
589 1522 855 1571 abundanti
896 1521 1037 1571 datur
1076 1531 1124 1572 et
1161 1531 1399 1587 quartum,
1442 1523 1628 1572 scilicet
1665 1523 1773 1584 BC,
1814 1522 2075 1572 declinatio
2114 1522 2245 1571 illius
2284 1525 2451 1586 puncti

208 1592 487 1660 eclipticas:
526 1610 624 1643 non
661 1597 839 1658 poterit
877 1597 1023 1658 igitur
1060 1611 1149 1645 nos
1189 1598 1350 1659 fugere
1377 1596 1477 1656 AC,
1517 1610 1657 1645 arcus
1683 1598 1977 1659 aequatoris,
2019 1597 2304 1645 terminatus
2329 1598 2454 1644 inter
2526 1633 2541 1653 ,

207 1676 445 1732 punctum
482 1669 837 1731 aequinoctiale
878 1670 1091 1717 vicinum
1129 1670 1170 1717 A
1212 1676 1261 1718 et
1298 1669 1528 1718 circulum
1567 1668 1910 1718 declinationis
1934 1668 2032 1730 BC,
2055 1670 2156 1731 'qui
2194 1678 2334 1717 arcus
2369 1669 2452 1717 AC
2536 1660 2541 1689 ‘¹

212 1747 286 1792 est
324 1755 465 1791 arcus
503 1740 755 1804 eclipticae
796 1742 881 1789 AB
922 1743 1143 1791 ascensio
1182 1747 1331 1791 recta.

303 1817 568 1863 'Processus
597 1830 679 1875 per
708 1816 922 1874 angulum
953 1818 1165 1863 sectionis
1198 1831 1279 1863 seu
1309 1817 1657 1863 declinationem
1687 1818 1926 1862 maximam
1958 1822 2028 1863 est
2056 1817 2182 1863 talis:

987 1886 1221 1927 Declinatio
1261 1889 1444 1928 maxima
1474 1909 1531 1917 —
1560 1887 1635 1927 DE
1666 1908 1720 1916 —
1751 1888 1819 1928 23.
1856 1889 1923 1927 31.
1958 1887 2026 1927 30.

1128 1946 1231 1995 Ejus
1267 1947 1611 1998 complementum
1642 1946 1718 1986 GD
1751 1948 1822 1987 66.
1852 1947 1922 1987 28.
1955 1946 2022 1986 30.
2048 1946 2167 1985 sinus
2284 1947 2429 1986 91688

266 2003 330 2045 Sit
357 2003 517 2055 positus
551 2002 631 2043 13⁰
658 2013 729 2054 tet,
759 2003 868 2043 unde
885 2003 939 2043 ad
971 2004 1021 2045 0⁰
1053 2005 1105 2050 V
1138 2006 1363 2044 sectionem
1400 2005 1584 2044 vicinam
1621 2009 1718 2044 sunt
1751 2003 1845 2057 47⁰,
2056 2008 2227 2054 tangens
2260 2005 2427 2046 107237

349 2058 652 2112 Multiplicetur
669 2062 846 2112 abJectis¹
872 2063 897 2102 5
930 2060 1090 2102 ultimis
1119 2063 1261 2114 prodit
1291 2063 1450 2117 98323,
1484 2067 1655 2112 tangens
1687 2075 1804 2103 arcus
1834 2061 1914 2103 44ο
1944 2061 2015 2103 31’
2046 2062 2115 2103 δ”.

354 2125 516 2181 Itaque
547 2125 664 2169 sicut
701 2125 788 2170 hac
819 2126 915 2170 vice
947 2127 1025 2171 47⁰
1055 2125 1192 2172 ablati
1235 2139 1262 2171 a
1292 2125 1382 2170 fine
1422 2124 1656 2182 eclipticas
1689 2123 1758 2169 vel
1790 2124 1870 2170 30⁰
1903 2131 1951 2174 )(
1988 2122 2250 2181 relinquunt
2283 2126 2358 2172 13⁰
2387 2140 2458 2183 π,

207 2189 271 2235 sic
301 2189 435 2234 etiam
463 2190 545 2233 44⁰
573 2191 644 2236 31¹
675 2191 745 2243 6“‚
783 2190 920 2236 ablati
952 2205 978 2236 a
1007 2190 1098 2237 fine
1137 2192 1396 2249 aequatoris
1428 2203 1509 2237 seu
1540 2197 1680 2249 temp.
1710 2191 1818 2247 360,
1863 2189 2123 2247 relinquunt
2152 2191 2459 2238 ascensionem
2525 2211 2539 2227 ν

206 2257 375 2299 rectam
408 2257 487 2301 13⁰
514 2270 592 2301 zzz:
626 2261 762 2314 temp.
796 2257 893 2301 315.
923 2255 993 2302 28.
1025 2257 1092 2301 54.
2524 2269 2536 2281 ⁸

358 2325 619 2389 Quomodo
665 2329 880 2375 vicissim
931 2326 1048 2376 dato
1106 2341 1232 2376 arcu
1285 2328 1576 2388 aequatoris
1626 2328 1960 2388 investiqatur
2009 2340 2159 2375 arcus
2209 2328 2459 2390 eclipticas
2523 2381 2526 2383 Α

207 2412 323 2447 cum
359 2399 446 2448 illo
483 2400 808 2448 coascendens
844 2402 907 2458 in,
935 2399 1151 2462 sphaera
1188 2405 1324 2448 recta
1358 2413 1445 2447 seu
1482 2398 1674 2446 coelum
1710 2398 1939 2447 medians
1976 2400 2032 2447 in
2069 2402 2212 2448 omni
2245 2401 2460 2465 sphaera
2527 2415 2530 2422 ’

211 2485 318 2521 non
354 2472 647 2536 parallelo?
698 2476 787 2519 Per
816 2487 1076 2531 processum
1109 2475 1394 2531 contrarium,
1427 2475 1503 2531 qui
1535 2473 1599 2519 sic
1634 2474 1798 2520 habet:

931 2544 1062 2582 Arcus
1094 2542 1163 2582 Ac
1196 2548 1358 2596 aequat.
1391 2546 1447 2584 sit
1475 2543 1555 2586 44⁰
1586 2544 1657 2585 31‘
1688 2546 1757 2586 δ”.
1819 2546 2011 2595 Tangene
2042 2545 2226 2586 983320.

492 2601 704 2642 Continua
736 2603 760 2642 5
793 2602 971 2653 cyphris.
1034 2601 1157 2641 Sinus
1190 2601 1266 2641 GD
1298 2603 1446 2655 compl.
1478 2603 1767 2643 declinationis
1799 2605 2011 2645 maximae
2071 2604 2212 2644 91683
2244 2601 2428 2655 (divide).

322 2660 524 2709 Quotiens
559 2662 727 2702 107236
760 2665 823 2700 est
854 2665 1029 2709 tangens
1061 2661 1133 2699 AB
1164 2659 1245 2701 47⁰
1274 2673 1395 2701 arcus
1427 2662 1649 2714 eclipticas
1681 2663 2007 2704 coascendentis.

293 2763 712 2827 Insigniores
767 2770 830 2812 et
880 2768 1214 2812 memoratu
1261 2759 1496 2813 faciles
1550 2770 1870 2813 rectanum
1925 2764 2372 2813 ascensionum

1194 2842 1476 2907 regulae.

351 2964 391 3009 1.
453 2960 711 3023 Compara
751 2963 1057 3010 ascensiones
1105 2966 1264 3008 rectas
1301 2975 1417 3008 cum
1456 2959 1866 3008 descensionibus.
1943 2960 2178 3008 Ascensio
2216 2966 2348 3009 recta
2386 2966 2460 3009 eet

211 3030 434 3096 aequalis
474 3035 777 3083 descensioni
815 3033 1033 3096 ejusdem
1059 3027 1252 3095 puncti:
1295 3034 1412 3095 quia
1437 3032 1701 3080 horizontis
1740 3039 1943 3094 uterque
1970 3033 2302 3081 semicirculus
2327 3038 2460 3081 secat

211 3105 524 3168 aequatoren'i
575 3106 755 3169 angulo
806 3112 940 3155 recto
990 3111 1250 3168 manetque
1303 3105 1434 3153 idem
1482 3119 1622 3153 arcus
1673 3104 1926 3167 eclipticae
1980 3105 2206 3167 idemque
2251 3106 2459 3168 angulus

211 3175 336 3228 inter
375 3185 687 3241 aequatorem
725 3184 774 3227 et
811 3179 1108 3241 eclipticam:
1149 3179 1302 3227 tribus
1340 3179 1490 3240 igitur
1526 3177 1834 3226 manentibus
1871 3179 1918 3224 in
1958 3177 2228 3240 triangulo,
2270 3185 2460 3241 oportet

211 3257 260 3300 et
296 3250 483 3313 reliqua
521 3254 613 3300 tria
650 3266 858 3312 manere,
899 3266 1027 3318 quae
1064 3253 1187 3300 inter
1224 3257 1298 3300 est
1335 3263 1476 3299 arcus
1511 3251 1805 3312 aequatoris‚
1848 3252 1932 3312 qui
1969 3249 2068 3299 illic
2107 3252 2342 3312 ascensio,
2381 3251 2459 3299 hic

211 3323 461 3372 descensio
498 3330 630 3373 recta
669 3330 757 3374 est.

355 3413 402 3459 2.
459 3412 718 3471 Compara
767 3415 1115 3474 oppositarum
1162 3411 1455 3474 aequalium
1506 3413 1740 3472 partium
1800 3414 1844 3457 et
1892 3410 2320 3459 semicirculorum
2372 3423 2483 3458 as·-

211 3486 475 3533 censiones.
553 3482 675 3531 Sunt
730 3485 876 3532 etiam
925 3485 1096 3533 harum
1145 3485 1455 3533 ascensiones
1505 3486 1631 3531 inter
1676 3496 1782 3530 sese
1829 3482 2058 3544 aequales
2096 3490 2342 3544 utcunque
2379 3483 2457 3529 in-

212 3563 398 3620 ceptae,
438 3557 555 3618 quia
593 3555 799 3617 angulus
838 3559 1066 3605 sectionis
1093 3569 1271 3606 vernae
1297 3556 1477 3618 angulo
1517 3556 1745 3618 sectionis
1783 3550 2079 3604 autumnalis
2108 3555 2328 3617 aequalis
2368 3560 2458 3620 est,

214 3637 373 3680 cetera
411 3635 464 3677 ut
501 3629 649 3691 prius.
729 3629 829 3674 Aut
864 3629 1012 3690 igitur
1049 3631 1110 3677 ab
1150 3628 1587 3692 aequinoctialibus
1624 3628 1883 3690 incipiunt,
1930 3634 1978 3677 et
2016 3633 2151 3692 patet
2187 3623 2455 3690 propositio

212 3717 298 3767 per
337 3717 389 3751 se
395 3740 416 3775 ,
456 3707 541 3750 aut
577 3714 673 3748 non
713 3700 775 3747 ab
813 3701 1274 3762 aequinoctialibus,
1314 3706 1456 3762 tunc,
1504 3700 1633 3764 quod
1671 3705 1894 3762 superest
1931 3699 1992 3748 ad
2031 3702 2192 3748 vicina
2229 3702 2454 3762 utrinque

214 3775 539 3838 aequinoctia,
579 3773 803 3835 utrinque
843 3777 915 3820 est
950 3772 1104 3820 idem:
1146 3774 1319 3822 ablatis
1358 3776 1504 3836 igitur
1540 3771 1827 3834 aequalibus
1866 3773 1928 3820 ab
1968 3772 2269 3836 aequalibus,
2306 3771 2458 3821 relin-·
2498 3770 2502 3773 ’

215 3853 427 3912 quantur
464 3841 717 3911 aequalia;
757 3850 841 3895 aut
867 3846 907 3894 si
945 3846 1233 3895 semicirculi
1271 3853 1396 3908 sunt,
1436 3849 1469 3894 ii
1497 3851 1721 3895 secantur
1756 3858 1842 3909 per
1857 3851 2039 3910 puncta
2063 3844 2453 3908 aequinoctialia,
2536 3839 2542 3906 j
