2554 4140
229 154 331 203 352
1099 148 1334 206 Epitomes
1364 148 1679 194 Astronomiae

227 301 428 347 virtutis
474 299 721 347 moventis
769 304 1008 363 occupat,
1054 298 1139 347 sed
1188 297 1512 360 confertiores
1561 298 1715 344 etiam
1729 313 1745 344 .-
1801 270 1963 359 quare
2005 299 2176 359 potius
2227 301 2284 346 in
2320 299 2480 361 dupla
2548 283 2551 287 ”

225 386 382 432 quam
428 372 485 418 in
534 371 721 431 simpla
763 373 1112 432 proportionis
1158 370 1549 418 intervallorum
1599 383 1772 417 moras
1807 370 2071 419 extendere
2107 370 2316 419 debuit?
2374 371 2480 419 lmo

228 450 275 491 et
323 442 450 491 idem
501 441 676 491 dicitur
722 443 854 506 quod
903 458 1051 508 supra
1099 448 1148 491 et
1195 442 1325 489 idem
1370 440 1704 505 respondetur.
1779 442 1886 490 Etsi
1925 444 2050 491 enim
2088 442 2326 492 Saturnus
2365 450 2478 493 tunc

225 515 368 563 nobis
417 528 515 563 non
565 514 892 565 descendebat
941 518 991 563 in
1040 516 1204 564 orbem
1242 507 1444 572 Terrae,
1508 514 1912 576 comparabamus
1962 522 2125 564 tamen
2174 530 2283 564 cum
2320 518 2479 578 spatio

226 589 420 636 virtutis
459 603 490 637 a
526 586 738 638 Saturno
789 595 1056 652 occupatae
1107 601 1204 635 non
1242 587 1454 649 spatium
1493 594 1682 635 tantum
1719 589 1993 636 virtuosum
2031 587 2109 648 id,
2162 588 2292 650 quod
2330 589 2482 637 Terra

226 662 274 707 in
315 661 431 709 orbe
457 660 655 709 Saturni
694 662 867 710 fuisset
906 667 1214 724 occupatura,
1255 660 1340 709 sed
1379 661 1575 708 omnino
1614 659 1680 720 id,
1723 660 1854 722 quod
1881 660 2032 709 Terra
2069 662 2118 707 in
2157 675 2247 710 suo
2284 664 2480 725 proprio

227 732 342 782 orbe
381 741 657 796 occuparet.
734 735 862 798 Ergo
904 740 960 783 ut
994 735 1157 796 priuS,
1198 733 1330 795 quod
1368 733 1680 781 confertiores
1716 739 1832 781 sunt
1869 733 2063 794 circuli,
2117 733 2167 781 id
2206 742 2280 783 est
2316 740 2480 782 trans-

228 806 536 855 scribendum
587 808 767 870 speciei
817 810 1058 869 corporis,
1111 820 1237 868 quae
1289 805 1568 853 distinctum
1607 805 1726 868 quid
1765 811 1840 855 est
1878 806 1940 854 ab
1981 806 2262 861 inhaerente
2302 808 2480 855 virtute

227 885 493 941 movente‚-
515 894 642 942 quae
679 881 727 927 in
769 879 924 928 solam
961 878 1315 941 longitudinem
1353 877 1572 940 tendens,
1611 877 1731 925 nibil
1771 879 1894 927 lucri
1932 881 2111 942 accipit
2149 880 2212 928 ab
2249 880 2338 928 illa
2361 881 2482 928 sub-

222 952 344 1014 jecti
393 954 470 1001 sui
522 952 899 1001 condensatione
947 953 994 998 in
1043 952 1222 1012 latum,
1278 952 1371 999 nisi
1422 951 1554 1015 quod
1591 950 1721 1000 linea
1761 953 1944 1012 tenuiS,
1997 951 2257 1001 latitudine
2296 966 2481 1013 carens,

224 1025 495 1074 naturalem
536 1027 634 1074 vim
674 1024 858 1073 nullam
895 1039 957 1073 nc
995 1026 1044 1071 in
1084 1024 1283 1087 longum
1322 1025 1521 1092 quidem
1557 1023 1737 1085 habet3
1785 1025 1870 1073 ubi
1908 1024 2024 1072 talis
2065 1024 2225 1074 lineae
2263 1025 2480 1074 latitudo

222 1111 320 1162 non
369 1097 610 1147 densitate
649 1097 735 1146 sed
772 1099 934 1160 spatio
973 1103 1222 1158 censetur,
1273 1103 1470 1162 propter
1506 1098 1664 1160 ipsam
1702 1096 1806 1146 scil.
1850 1111 2107 1161 corporum
2146 1097 2482 1148 vehendorum

196 1171 546 1232 *latitudinem,
587 1175 641 1227 ut
676 1184 828 1234 supra
866 1172 1013 1220 etiam
1050 1172 1231 1220 monui.

850 1284 914 1336 V.
966 1286 1052 1337 De
1090 1279 1372 1337 Telluris
1410 1293 1586 1336 motu
1623 1299 1850 1336 annuc.

285 1377 290 1380 ’
373 1389 582 1437 Terram
625 1390 793 1451 >iyitur
837 1389 958 1438 haec
1001 1379 1265 1451 Oopernici
1306 1368 1644 1449 philosophia
1668 1388 1797 1451 facit
1846 1401 2012 1436 unum
2061 1403 2123 1437 esc
2163 1390 2387 1450 planetis
2435 1397 2482 1439 et

185 1441 187 1443 Ι
219 1465 352 1510 inter
387 1462 555 1511 sidera
592 1462 911 1525 circumfert3
952 1477 1159 1526 quaero,
1199 1460 1324 1524 quid
1353 1458 1561 1523 praeter
1596 1460 1732 1508 dicta
1767 1462 2069 1523 requiratur
2107 1462 2176 1510 ad
2196 1463 2480 1526 faciliorem
2543 1496 2554 1508 1

219 1535 466 1598 doymatis
517 1541 1038 1598 aryumentorumque
1078 1534 1492 1597 perceptionem?
1542 1533 1665 1582 Cum
1705 1532 1918 1594 Telluris
1964 1539 2127 1582 motus
2164 1549 2356 1585 annuus
2395 1536 2480 1586 fiat
2522 1535 2550 1545 ”

220 1610 538 1670 necessariae,
578 1614 764 1658 statuta
802 1609 966 1670 quiete
1004 1609 1154 1657 centri
1191 1606 1322 1657 Solis
1359 1607 1407 1653 in
1447 1613 1613 1656 centro
1650 1605 1847 1666 mundi,
1898 1605 2232 1670 efficiaturque
2270 1623 2329 1657 ex
2370 1623 2480 1658 cor-

219 1683 350 1745 poris
390 1680 575 1731 Solaris
614 1685 931 1732 conversione
969 1682 1019 1735 in
1057 1681 1142 1730 illo
1179 1682 1368 1744 spati0,
1421 1685 1470 1729 et
1507 1679 1652 1743 plane
1690 1678 1834 1728 tollat
1871 1681 2127 1729 veritatem
2170 1684 2395 1730 stationis
2433 1689 2481 1731 et

224 1754 654 1818 retrogradationis
704 1754 1011 1818 planetarum
1062 1768 1266 1817 eamque
1310 1767 1397 1816 per
1445 1767 1627 1802 meram
1676 1751 2016 1816 deceptionem
2066 1756 2202 1803 visus
2264 1762 2480 1815 excuset,

224 1826 595 1890 distinguendae
646 1834 761 1877 sunt
815 1827 1072 1891 diligenter
1118 1829 1430 1890 quaestiones
1468 1828 1616 1875 istae:
1676 1826 1723 1887 1)
1767 1826 1843 1874 An
1882 1825 1967 1875 Sol
2021 1827 2070 1873 in
2110 1834 2274 1876 centro
2311 1828 2479 1877 mundi
2550 1878 2554 1879 ⁷

218 1901 452 1950 haereat?
492 1899 544 1963 2)
584 1900 663 1949 An
691 1901 833 1950 orbes
874 1915 1040 1951 omnes
1067 1903 1281 1963 quinque
1318 1899 1623 1963 planetarum
1661 1905 1711 1947 et
1734 1898 1913 1949 Terrae
1951 1898 2142 1948 illorum
2170 1899 2316 1950 medii
2353 1903 2481 1951 circa

218 1973 382 2023 Solem
421 1974 738 2024 circumducti
776 1976 887 2035 sint,
927 1974 998 2023 sic
1038 1981 1093 2022 ut
1130 1973 1215 2023 Sol
1255 1975 1304 2020 in
1344 1974 1560 2021 omnium
1597 1971 1854 2035 complexu
1890 1971 1994 2021 sit?
2052 1970 2103 2037 3)
2152 1973 2230 2021 An
2268 1973 2354 2023 Sol
2393 1987 2480 2023 oc-

219 2053 365 2110 cupet
390 2052 606 2096 centrum
630 2049 789 2111 ipsum
828 2048 978 2096 totius
1002 2048 1282 2111 systematis
1319 2044 1592 2108 planetarii,
1633 2059 1695 2093 an
1734 2059 1851 2094 vero
1888 2051 2086 2107 propter
2122 2045 2172 2094 id
2210 2047 2480 2096 consistat?

218 2118 270 2183 4)
309 2120 541 2183 Ipsumne
580 2120 674 2169 hoc
712 2127 926 2169 centrum
965 2121 1244 2184 systematis
1285 2130 1332 2167 et
1373 2119 1420 2166 in
1461 2132 1518 2167 eo
1545 2117 1630 2167 Sol
1670 2131 1832 2167 annuo
1872 2123 2008 2166 motu
2036 2121 2311 2182 circumeat,
2353 2134 2479 2173 nnnc

129 2245 137 2251 „
217 2195 396 2256 potius,
436 2192 552 2242 Sole
589 2199 816 2243 manente
853 2193 1104 2253 immobili,
1146 2193 1294 2242 Terra
1318 2198 1503 2240 motum
1541 2205 1753 2239 annuum
1779 2190 1962 2241 habeat
1998 2205 2084 2254 per
2116 2199 2280 2255 partes
2320 2207 2478 2257 oppo-

221 2267 340 2314 sitas
380 2280 560 2326 earum,
599 2267 689 2315 sub
730 2266 909 2328 quibus
947 2265 1034 2315 Sol
1070 2267 1255 2314 versari
1294 2272 1493 2327 putatur
1531 2266 1708 2326 quovis
1745 2262 2006 2327 tempore?

361 2339 588 2388 Probasti
623 2353 799 2401 supra,
842 2339 1007 2389 Solem
1046 2353 1142 2387 esse
1187 2337 1236 2402 1)
1275 2340 1327 2386 in
1366 2344 1534 2386 centro
1569 2337 1816 2399 sphaerae
1848 2338 2099 2400 fixarum:
2141 2339 2308 2400 proba
2338 2353 2483 2387 nunc

215 2413 393 2473 etiam,
450 2412 590 2474 quod
622 2414 665 2460 is
700 2414 764 2460 sit
802 2410 852 2478 2)
889 2415 1031 2460 intra
1069 2412 1384 2473 complexum
1424 2411 1627 2459 orbium
1658 2411 2088 2472 planetariorum.
2164 2410 2330 2460 Solem
2369 2426 2476 2461 esse

147 2544 154 2552 .
217 2486 266 2532 in
304 2484 466 2545 medio
505 2485 842 2534 circuitionum
868 2484 1263 2548 planetariarum,
1302 2483 1537 2546 probatur
1560 2483 1717 2546 primo
1749 2484 1812 2533 ab
1840 2482 2091 2533 accidente
2128 2491 2290 2533 motus
2315 2484 2476 2548 hujus,

215 2570 284 2606 sc.
324 2558 388 2606 ab
426 2559 714 2621 apparentia
749 2561 1016 2607 stationum
1055 2564 1103 2607 ct
1139 2555 1635 2619 retrogradationum,
1675 2571 1803 2619 quae
1842 2558 1979 2606 visus
2016 2563 2092 2606 est
2128 2557 2346 2617 fallacia,
2398 2557 2479 2607 vel

215 2631 376 2691 etiam,
417 2645 527 2680 cum
553 2630 724 2680 directi
762 2630 1021 2680 celeriores
1046 2629 1286 2690 videntur,
1327 2643 1473 2692 quam
1511 2642 1561 2678 re
1587 2643 1704 2679 vera
1740 2635 1867 2678 sunt.
1942 2629 2066 2678 Nam
2103 2636 2157 2679 ut
2184 2632 2475 2693 incipiamus

219 2704 281 2752 ab
320 2703 646 2765 inferioribus,
681 2704 781 2766 jam
823 2703 1004 2752 dudum
1032 2719 1063 2753 a
1099 2703 1265 2751 multis
1285 2702 1478 2763 seculis,
1505 2701 1846 2751 Ptolemaeum
1872 2704 2106 2752 insecutis
2145 2701 2217 2770 (ut
2243 2703 2304 2753 de
2332 2710 2476 2753 vetu-

218 2778 432 2825 stissimo
458 2777 739 2826 Aristarcho
777 2777 898 2824 nihil
930 2777 1034 2839 jam
1073 2776 1332 2838 dicamus),
1369 2774 1589 2824 suboluit
1619 2776 1916 2836 auctoribus,
1959 2775 2202 2826 Martiano
2227 2775 2473 2840 Capellae,

216 2849 466 2913 Campano
505 2855 553 2899 et
577 2850 701 2912 aliis,
740 2849 843 2899 fieri
870 2849 1010 2899 aliter
1034 2864 1131 2899 non
1155 2863 1316 2912 posse,
1358 2855 1410 2896 ut
1436 2847 1538 2908 Sol,
1579 2848 1747 2898 Venus
1775 2856 1824 2898 et
1847 2848 2117 2898 Mercurius
2149 2849 2358 2899 eandem
2381 2849 2475 2899 ha·-

217 2923 365 2971 beant
400 2923 656 2986 periodum
694 2925 938 2986 temporis,
978 2935 1190 2972 annuam
1227 2921 1439 2982 scilicet,
1479 2922 1574 2970 nisi
1611 2923 1758 2970 etiam
1798 2921 2006 2972 eundem
2041 2922 2255 2972 habeant
2293 2923 2473 2985 orbem,

219 3000 267 3055 et
314 2994 399 3043 Sol
450 3002 665 3045 centrum
713 2997 932 3045 obtineat
976 2995 1181 3045 duorum
1233 2995 1423 3044 orbium
1472 2993 1676 3043 Veneris
1728 3001 1777 3044 et
1822 2994 2074 3055 Mercurii,
2122 2995 2294 3059 illique
2345 2997 2474 3046 circa

216 3065 380 3116 Solem
420 3070 650 3118 cursitent
676 3065 767 3135 ⁵⁶):
821 3084 919 3132 qua
954 3070 1143 3118 ratione
1179 3067 1261 3129 fit,
1301 3073 1356 3115 ut
1392 3067 1443 3114 bi
1480 3066 1734 3131 planetae,
1775 3082 1884 3116 cum
1922 3067 2192 3130 retrogradi
2230 3068 2470 3126 videntur,

213 3153 311 3187 non
349 3142 445 3190 sint
466 3156 518 3192 re
544 3127 662 3191 vera
685 3141 968 3206 retrogradi,
1007 3141 1094 3191 sed
1119 3146 1325 3205 pergant
1362 3139 1566 3221 capdem
1593 3142 1724 3189 viam
1762 3141 1854 3190 sub
1892 3140 2015 3201 fixis,
2056 3140 2221 3191 Solem
2261 3144 2466 3191 circum-

218 3212 401 3261 eundo:
441 3214 491 3262 id
530 3215 661 3277 quod
697 3222 901 3264 naturae
942 3229 1100 3263 rerum
1137 3214 1423 3264 coelestium
1460 3215 1616 3276 magis
1654 3219 1758 3262 erat
1795 3219 2188 3263 consentaneum.

358 3283 500 3334 Hanc
536 3290 1003 3350 argumentationem
1028 3294 1140 3337 ante
1174 3301 1358 3350 paucos
1383 3300 1537 3335 annos
1563 3286 1832 3336 clarissima
1857 3285 2268 3337 demonstratione
2295 3287 2471 3337 confir-

215 3359 369 3406 mavit
385 3356 651 3417 Galilaeae,
673 3355 862 3410 detecta
879 3376 965 3424 per
982 3362 1300 3423 telescopium
1319 3358 1672 3408 illuminatione
1686 3359 1904 3419 Veneris,
1924 3373 2049 3422 quae
2070 3373 2179 3408 cum
2198 3367 2273 3410 est
2290 3360 2471 3410 directa

219 3437 267 3479 et
282 3429 385 3478 Soli
405 3432 580 3492 vicina,
614 3434 871 3482 rotundam
896 3434 1045 3483 habet
1064 3434 1281 3496 figuram,
1309 3447 1417 3481 cum
1438 3432 1735 3494 retrograda,
1757 3431 2118 3480 corniculatam.
2167 3437 2263 3493 (cfr.
2294 3438 2388 3480 Vol.
2413 3438 2474 3481 11.··

213 3522 259 3561 p.
286 3510 404 3556 465.)
477 3502 606 3552 Hinc
643 3507 767 3553 enim
808 3507 1046 3555 evincitur
1094 3507 1383 3567 certissime,
1436 3513 1484 3555 et
1532 3504 1933 3554 illuminationem
1983 3505 2088 3567 ejus
2127 3519 2232 3554 esse
2269 3521 2301 3554 a
2337 3503 2464 3564 Sole,

220 3582 269 3625 et
304 3575 454 3636 illam,
494 3576 690 3639 quando
727 3578 935 3627 rotunda
973 3585 1176 3642 apparet
1202 3584 1250 3627 et
1287 3579 1467 3628 directe
1505 3577 1700 3639 incedit,
1739 3591 1886 3639 supra
1906 3576 2070 3627 Solem
2110 3592 2232 3640 esse,
2272 3575 2470 3640 quando.

219 3648 518 3698 corniculata
555 3655 604 3697 et
640 3650 934 3710 retrograda,
973 3653 1096 3700 infra
1133 3651 1321 3712 Solem,
1360 3657 1409 3700 et
1444 3652 1516 3700 sic
1554 3653 1680 3699 circa
1717 3649 1879 3698 Solem
1919 3652 2185 3700 circumire.
2246 3651 2467 3700 Demon-
2539 3674 2545 3686 ·

2546 3220 2554 3310 1

2541 3315 2554 3506 Ξ

2539 3508 2549 3557 ι

2537 3582 2548 3627 1

214 3722 384 3770 stratio
428 3721 574 3784 hujus
611 3722 681 3770 rei
718 3720 840 3769 lucis
879 3736 1027 3772 cansa
1077 3724 1400 3786 conjungatur
1454 3738 1563 3773 cum
1600 3722 2011 3773 demonstratione
2058 3723 2466 3772 illuminationum
2534 3723 2546 3785 f

214 3794 384 3843 Lunae
410 3792 615 3855 (Fig.64).
663 3794 735 3842 De
769 3793 1012 3842 Mercurio
1049 3809 1146 3843 non
1174 3796 1427 3844 dissimilia
1461 3795 1643 3858 profert
1667 3794 1853 3844 Marius
1891 3801 1981 3856 (cfr,
2013 3803 2110 3845 Vol.
2154 3800 2207 3843 ΙΙ.
2248 3814 2291 3852 p.
2329 3798 2460 3854 470),

214 3867 432 3929 ejusdem
469 3866 719 3929 telescopii
766 3868 1032 3917 ministerio
1081 3867 1381 3930 deprehensa
1419 3868 1614 3917 luminis
1651 3867 1985 3918 imbecillitate
2031 3867 2352 3918 descendente
2396 3864 2470 3917 adv,
