2554 4140
910 92 1049 136 Liber
1081 91 1260 137 Sextus.
1320 91 1432 163 Pars
1465 89 1643 146 Quinta.
2016 91 2026 94 “
2301 91 2403 138 487

50 234 70 299 ,ξ’
148 244 399 292 horizonte
438 241 612 298 ortiv0,
636 245 882 303 'caretque
923 242 1191 297 emersione
1228 242 1470 289 matutina
1509 245 1556 287 et
1595 238 1920 288 occultatione
1948 239 2243 302 vespertina.
2318 235 2405 284 In-

150 318 349 366 feriores
388 328 521 382 vero,
559 312 731 362 Venus
771 319 818 362 et
843 313 1129 376 Mercurius,
1171 329 1281 363 eum
1318 318 1573 377 pei-noctes
1611 312 1714 360 fieri
1752 326 1848 360 non
1887 313 2089 376 possint,
2130 325 2219 360 nee
2258 306 2404 373 ἀκρο-

61 400 84 422 ·“
120 389 304 453 ’νυχοςν
329 393 462 435 ortus
502 400 804 448 occasusque
842 386 1076 447 habeant,
1118 395 1171 436 ut
1208 388 1482 451 superiores
1523 390 1570 433 et
1606 384 1776 444 Luna,
1818 387 2035 433 vicissim
2074 398 2240 432 omnes
2280 397 2406 445 qua.-

152 470 262 510 tnor
300 461 622 518 emersionum
671 465 719 507 et
757 459 1139 508 occultationum
1176 462 1378 522 species
1404 457 1678 522 cumulant,
1733 471 1841 505 eum
1880 472 2045 507 earum
2095 458 2235 505 binas
2275 455 2406 504 solas

151 535 449 596 superioreS,
500 532 639 580 binas
690 531 821 580 solas
870 538 918 580 et
955 532 1098 581 Luna
1142 532 1383 581 habuerit.
1458 530 1716 578 Inferiores
1765 531 1890 577 enim
1937 544 2126 578 rursum
2164 537 2217 577 ut
2254 531 2402 591 prius,

152 621 260 656 cum
284 620 432 669 supra
455 604 624 652 Solem
663 611 791 665 sunt,
832 606 1038 668 primum
1065 605 1369 654 occultantur
1405 617 1546 652 mane
1575 604 1888 663 oriunturque
1929 604 2132 666 vesperi,
2172 608 2225 650 ut
2248 601 2406 662 Luna,

80 695 82 698 ’
151 695 211 729 ex
259 677 575 727 orientalibus
616 671 942 726 occidentales
979 679 1112 727 faeti.
1179 678 1251 725 *Et
1287 683 1403 725 ωηο
1439 675 1636 739 quidem
1676 675 1843 723 Venus
1890 690 1949 722 ex
1986 675 2211 723 Lucifero
2251 670 2410 741 (φωσ-

73 746 81 753 ’
153 752 318 817 φορῳ)
356 751 411 799 fit
447 750 694 813 Vesperus
734 747 1000 817 (ἕσπερος),
1039 752 1311 813 retinetque
1349 749 1444 798 hoe
1480 762 1682 807 nomen,
1735 747 1888 795 donee
1924 753 1979 794 ut
2015 741 2315 811 superiores,
2356 752 2410 797 ut

153 832 200 874 et
241 824 538 882 MercuriuS,
582 822 772 871 occidat
812 826 1005 886 vesperi
1046 823 1257 885 heliace;
1306 822 1417 871 inde
1459 823 1675 870 oriuntur
1720 834 1862 868 mane
1905 820 2121 884 heliaee,
2156 821 2209 866 in
2247 819 2408 867 medio

78 907 83 911 ’
153 895 413 946 orientales
452 896 592 956 faeti3
634 903 682 944 et
720 898 791 944 sie
818 896 1000 956 VenuS,
1035 896 1139 958 jam
1179 896 1456 960 conspicua,
1494 895 1548 942 fit
1585 887 1792 943 Lucifer
1868 891 2119 940 Interdum
2157 898 2321 940 tamen
2361 893 2408 938 in

151 971 308 1019 Marte
347 971 560 1030 itemque
602 969 791 1018 Venere
828 969 1112 1039 retrograda
1148 973 1448 1032 permutatur
1486 966 1604 1015 ordo
1645 967 2016 1030 apparitionum.
2315 989 2317 992 <
2446 964 2449 970 '

91 1047 93 1050 ⁴
302 1041 564 1105 Quomodo
606 1042 847 1103 planetae
895 1031 1149 1125 hys-pirum,
1203 1056 1291 1089 seu
1337 1041 1428 1088 sub
1474 1039 1635 1088 radiis
1685 1044 1782 1087 e'sse
1832 1038 2111 1086 dicuntur?
2167 1037 2409 1099 Tempore

151 1118 274 1163 inter
313 1114 666 1162 occultationes
706 1121 754 1162 et
793 1116 1085 1162 emersiones
1123 1112 1433 1171 intermedio,
1495 1114 1610 1175 quia
1647 1117 1763 1160 tune
1801 1110 1924 1159 radii
1963 1107 2140 1177 (αὐγαι)
2176 1125 2263 1160 seu
2303 1108 2408 1157 ela-

154 1190 272 1241 ritas
310 1189 436 1236 ae'ris
475 1202 506 1234 a
543 1187 672 1235 Solis
711 1186 826 1235 licet
872 1186 1087 1236 nondum
1136 1188 1224 1235 orti
1271 1185 1421 1234 radiis
1471 1185 1700 1232 illustrati
1747 1190 1987 1248 occupant
2039 1185 2230 1244 0011108,
2282 1188 2338 1230 ut
2374 1183 2410 1228 ii

98 1278 125 1292 -’
150 1261 317 1310 stellas
355 1263 488 1322 ipsas
526 1274 621 1308 non
660 1261 914 1308 sentiant.'
965 1259 1047 1308 Sie
1085 1265 1132 1308 et
1155 1259 1314 1324 Luna,
1352 1260 1421 1306 sie
1448 1258 1629 1318 VenuS,
1672 1259 1742 1305 sic
1766 1256 1962 1320 Jupiter
1999 1258 2280 1321 praesentia
2315 1269 2408 1303 sua

151 1335 510 1399 praestringunt
536 1332 732 1391 0011103,
772 1339 825 1380 ut
864 1334 895 1379 ii
935 1347 1032 1381 non
1073 1340 1272 1381 cernant
1308 1331 1430 1385 fixas
1468 1332 1766 1394 propinquas
1807 1332 2034 1379 minores.

303 1407 416 1470 Quo
465 1420 614 1454 sensu
662 1405 906 1454 (licuntur
951 1398 1192 1467 planetae¹
1230 1407 1368 1454 aucti
1406 1405 1483 1452 vel
1520 1406 1702 1452 minuti
1740 1403 1966 1451 lumine?
2020 1403 2129 1451 Non
2171 1416 2200 1449 a
2238 1400 2408 1464 phasis

97 1520 101 1522 .
153 1480 236 1529 1110
275 1479 456 1528 lumine
495 1477 613 1526 reali
654 1485 900 1527 crescente
940 1479 1018 1527 vel
1055 1480 1335 1529 imminuto:
1384 1491 1497 1525 nam
1535 1476 1869 1539 planetarum,
1923 1477 2007 1539 qui
2058 1481 2219 1538 supra‘
2245 1473 2412 1522 Solem

151 1560 295 1614 stant,
336 1552 502 1603 vultus
541 1552 793 1614 conspicui
833 1553 962 1601 eirca
1000 1558 1196 1601 exortus
1246 1557 1294 1600 et
1331 1551 1687 1599 >occultationes
1735 1549 1877 1613 plene
1918 1549 2274 1606 illuminantur,
2327 1545 2413 1606 sed

97 1647 101 1649 ⁴
153 1629 216 1678 ab
255 1624 545 1675 accidentali
597 1627 786 1673 visione
840 1624 1003 1673 vultus
1045 1625 1193 1687 huJus
1240 1623 1515 1672 illuminati.
1597 1622 1741 1671 Aucti
1779 1625 1907 1672 enim
1945 1622 2127 1671 lumine
2168 1618 2407 1679 dicuntur,

90 1709 95 1716 '
154 1699 350 1764 quando
388 1700 543 1760 magis
582 1700 838 1760 magisque
876 1698 998 1746 fiunt
1025 1697 1290 1760 conspicui,
1329 1695 1411 1746 vel
1451 1697 1667 1745 discessu
1694 1695 1823 1744 Solis
1865 1697 1927 1744 ab
1956 1697 2090 1759 ipsiS,
2130 1699 2185 1742 ut
2222 1693 2276 1740 fit
2300 1698 2414 1756 post

94 1764 110 1773 ⁹
157 1774 457 1836 superiorum
495 1779 544 1819 et
581 1771 785 1819 fixarum
822 1772 1152 1834 apparitiones
1190 1771 1478 1829 matutinas;
1513 1770 1593 1817 vel
1621 1768 1838 1818 discessu
1876 1771 2091 1832 ipsorum
2133 1783 2161 1815 a
2188 1766 2321 1830 Sole,
2360 1771 2417 1815 ut

153 1848 209 1896 fit
245 1852 358 1911 post
399 1850 596 1893 exortus
634 1845 939 1908 vespertinos
964 1844 1134 1892 Lunae
1176 1849 1224 1892 et
1262 1843 1564 1903 inferiorum,
1605 1841 1685 1891 vel
1721 1848 1929 1904 utroque
1962 1842 2185 1905 junctim,
2226 1844 2279 1887 ut
2304 1844 2415 1902 post

158 1926 352 1970 exortus
392 1919 657 1965 matutinos
696 1918 996 1977 inferiorum3
1045 1917 1227 1964 lumine
1266 1917 1460 1974 minuti,
1501 1915 1697 1977 quando
1737 1915 1797 1964 ad
1839 1915 2002 1966 Solem
2042 1917 2312 1968 recurrunt,
2364 1916 2418 1959 ut

130 1993 292 2043 'Luna
331 1997 380 2040 et
417 1981 665 2040 inferiores
705 2004 873 2039 versus
915 1989 1268 2048 occultationes
1307 1989 1600 2048 matutinas,
1656 1988 1735 2037 vel
1775 1989 1971 2051 quando
2012 1987 2098 2036 Sol
2138 1988 2196 2034 iis
2236 1998 2417 2054 appro-

119 2063 373 2131 spinquat,
415 2071 469 2112 ut
505 2063 559 2112 fit
598 2077 767 2112 versus
793 2064 1096 2126 superiorum
1136 2061 1484 2111 occultationes
1512 2063 1831 2124 vespertinaS,
1873 2061 1950 2110 vel
1991 2059 2186 2124 qnando
2215 2060 2418 2107 obviant
2490 2062 2491 2066 ’

157 2140 249 2190 sibi
288 2145 481 2198 mutuo,
534 2143 588 2184 ut
629 2136 876 2184 inferiores
919 2151 1088 2184 versus
1128 2134 1324 2185 easdem
1364 2135 1715 2183 occultationes
1754 2136 2083 2198 vespertinas,
2123 2134 2207 2181 ubi
2243 2131 2299 2179 fit
2334 2145 2420 2193 per

159 2211 407 2270 accidens,
460 2216 518 2258 ut
563 2209 706 2259 Luna
759 2209 1023 2271 Venusque
1067 2209 1248 2257 lumine
1306 2209 1523 2257 minutae
1579 2213 1694 2256 tune
1746 2207 1994 2268 dicantur,
2051 2204 2246 2269 quando
2305 2218 2420 2252 vere

143 2287 296 2336 etiam
336 2298 502 2333 earum
539 2282 691 2331 facies
730 2283 1036 2343 minuuntur,
1076 2288 1267 2343 auctae,
1308 2280 1505 2344 quando
1534 2295 1646 2329 vere
1670 2287 1926 2343 augentur.
2002 2281 2150 2329 Forte
2190 2279 2337 2341 igitur
2376 2292 2405 2325 a

154 2359 296 2413 Luna
333 2359 424 2406 iste
463 2355 635 2406 modus
673 2354 907 2416 loquendi
943 2355 1148 2418 primam
1187 2356 1334 2403 traxit
1372 2356 1623 2417 originem.

302 2430 570 2494 Quantum
608 2429 799 2476 distant
834 2431 1129 2478 emersiones
1164 2442 1325 2491 supra
1351 2427 1512 2476 dietae
1551 2427 1614 2475 ab
1653 2426 2070 2489 occultationibus
2104 2426 2294 2484 vieiniS,
2335 2423 2413 2472 vel

155 2511 398 2566 utraeque
436 2519 469 2551 a
508 2503 862 2560 conjunctione
902 2501 1069 2550 Solis?
1124 2501 1308 2563 Magna
1346 2506 1419 2548 est
1458 2502 1694 2560 varietaS,
1746 2506 1793 2548 et
1845 2499 2069 2547 differunt
2117 2512 2212 2546 non
2254 2497 2414 2545 solum

159 2577 457 2627 diversorum
496 2574 803 2638 planetarum
842 2575 966 2622 inter
991 2589 1059 2634 se,
1099 2573 1185 2622 sed
1227 2574 1374 2621 etiam
1398 2574 1542 2620 unius
1583 2572 1901 2635 ejusdemque
1926 2572 2154 2635 planetae
2195 2570 2440 2618 diversae

158 2652 319 2715 vices,
359 2652 475 2712 quin
517 2649 665 2697 etiam
704 2649 811 2711 ipsa
849 2648 1134 2696 emersionis
1173 2646 1402 2694 distantia
1442 2661 1472 2693 a
1510 2645 1851 2707 conjunctione
1893 2651 1944 2700 et
1980 2645 2211 2692 distantia
2251 2641 2418 2691 occul-

158 2725 356 2774 tationis
394 2723 456 2770 ab
496 2720 669 2770 eadem
707 2722 832 2770 inter
872 2735 924 2769 se
965 2720 1189 2769 differunt
1226 2719 1516 2781 frequenter.

302 2797 400 2844 Dic
435 2809 615 2843 causas
651 2794 805 2855 hujus
843 2793 1144 2842 varietatis?
1183 2791 1372 2840 Causae
1412 2791 1719 2855 potissimum
1761 2795 1873 2838 sunt
1899 2804 1999 2850 sex,
2034 2802 2245 2851 quarum
2275 2787 2417 2849 duae,

5 2911 8 2915 .
163 2883 287 2932 quae
327 2877 375 2918 et
402 2870 697 2932 potissimae,
739 2868 981 2930 pertinent
1005 2866 1068 2915 ad
1094 2866 1271 2913 librum
1296 2866 1490 2913 tertium
1519 2869 1567 2912 et
1599 2862 1869 2911 doctrinam
1897 2862 2215 2926 sphaericam.
2257 2861 2424 2909 Prima

5 2943 7 2946 ’
78 3000 84 3005 ,
163 2948 235 2991 est
275 2942 542 3004 obliquitas
580 2940 793 2999 zodiaci,
849 2938 975 2988 unde
1015 2946 1127 2988 sunt
1167 2938 1395 3000 obliquae
1435 2937 1745 2985 ascensiones
1785 2941 1833 2984 et
1872 2935 2214 2984 descensiones
2239 2936 2421 2984 ‘variae

87 3011 91 3014 ’
164 3013 461 3064 diversorum
501 3015 748 3075 signorum
774 3011 978 3072 zodiaci,
1019 3015 1067 3060 111
1107 3012 1285 3074 quibus
1311 3009 1397 3059 Sol
1439 3016 1487 3059 et
1512 3009 1736 3073 planetae
1776 3013 2044 3057 versantur.
2122 3006 2422 3060 Namstella

133 3087 329 3139 ·eadem
369 3089 417 3134 in
458 3085 654 3148 aequali
695 3086 962 3133 remotione
1002 3101 1032 3132 a
1070 3083 1186 3133 Sole
1223 3085 1505 3149 lumineque
1545 3084 1690 3130 etiam
1730 3081 1939 3144 aequali,
1979 3081 2020 3129 si
2059 3093 2200 3129 mane
2241 3083 2422 3129 oriatur

42 3193 55 3208 .
85 3194 98 3209 ,
164 3167 274 3213 ante
311 3160 474 3210 Solem
513 3161 562 3205 in
602 3159 753 3220 signis
792 3163 922 3206 reete
961 3156 1364 3215 ascendentibus,
1419 3155 1572 3202 multo
1620 3153 1767 3202 altius
1817 3169 1966 3217 supra
2004 3153 2304 3202 horizontem
2342 3154 2423 3202 vel

144 3247 309 3297 ‚supra
347 3232 579 3282 circulum
617 3231 874 3294 positionis
913 3228 1043 3278 Solis
1093 3228 1303 3277 eminere
1350 3233 1534 3291 potest,
1590 3241 1736 3288 quam
1789 3229 1830 3274 si
1868 3227 1962 3275 hoe
2000 3227 2143 3275 suerit
2182 3228 2230 3273 in
2269 3228 2424 3288 signis

42 3315 91 3375 ’,ζ
168 3305 390 3368 obliquis.
474 3305 609 3353 Idem
664 3302 964 3364 intelligatur
1019 3301 1078 3350 de
1135 3301 1422 3363 vespertinis
1476 3300 1863 3362 apparitionibus
1921 3306 1969 3348 et
2025 3299 2422 3350 descensionibus

53 3386 60 3394 ·
138 3379 304 3449 'rectis
343 3378 421 3427 vel
459 3377 687 3440 obliquis.
764 3374 989 3424 Secundo
1041 3374 1164 3422 haee
1211 3373 1375 3422 omnia
1420 3371 1684 3420 redduntur
1734 3371 2037 3421 evidentiora
2077 3387 2164 3436 per
2203 3372 2422 3423 diversas

169 3449 477 3514 obliquitates
515 3451 837 3499 horizontum.
913 3447 1038 3496 Nam
1078 3447 1161 3495 ubi
1199 3445 1355 3507 major
1395 3446 1487 3493 ista
1529 3444 1812 3507 obliquitas,
1853 3447 1922 3494 ibi
1960 3445 2116 3508 major
2155 3453 2227 3495 est
2276 3447 2423 3494 etiam

171 3525 375 3573 varietas
427 3523 532 3586 ejus
584 3522 798 3571 effeetus.
876 3519 936 3567 Et
986 3517 1225 3568 accedunt
1272 3532 1447 3566 causae
1488 3518 1643 3579 magis
1681 3517 1938 3581 physicae,
1993 3518 2188 3569 diversa
2236 3518 2424 3568 scilieet

172 3597 294 3645 aeris
333 3598 592 3655 crassities,
633 3594 692 3643 de
731 3609 829 3656 qua
868 3592 978 3640 vide
1016 3591 1097 3640 sol.
1140 3591 1258 3638 285.
1299 3596 1347 3638 et
1385 3589 1506 3638 libro
1545 3589 1585 3637 Ι.
1625 3590 1706 3637 sol.
1754 3592 1871 3641 146.

311 3668 477 3718 Tertia
515 3669 736 3717 consistit
775 3669 823 3715 in
860 3665 1162 3728 propriorum
1190 3669 1409 3711 motuum
1448 3661 1762 3723 longitudinis
1790 3663 2087 3714 diversitate.
2112 3691 2114 3699 ι
2143 3664 2267 3712 Nam
2299 3662 2423 3710 fixa-

175 3753 277 3788 rum
325 3742 673 3791 occultationes
725 3745 773 3788 et
825 3739 1115 3787 emersiones
1165 3736 1339 3785 ceteris
1388 3736 1587 3797 paribus
1636 3733 1713 3802 (de
1767 3738 1944 3800 quibus
1997 3736 2109 3785 vide
2159 3736 2241 3784 fol.
2283 3732 2426 3802 286.)

175 3811 368 3863 brevius
411 3813 591 3864 distant
629 3813 692 3862 ab
733 3827 897 3863 earum
939 3810 1278 3873 conjunctione
1319 3822 1427 3861 cum
1467 3808 1608 3870 Sole,
1650 3823 1797 3874 quam
1835 3811 2168 3880 planetarum3
2219 3822 2423 3879 quorum
