2554 4140
231 113 335 160 486
1066 75 1302 161 Epitomes
1332 103 1649 151 Astronomiae

231 259 401 307 Lunae
439 256 490 301 in
532 253 696 313 Terra,
739 254 869 314 quod
909 268 967 302 ex
1004 252 1130 302 libro
1170 252 1258 301 IV.
1298 252 1381 300 fol.
1422 254 1546 301 328.
1586 259 1789 316 constat,
1829 254 2198 303 semidiametris
2237 269 2488 319 corporum

231 331 407 378 Terrae
448 328 549 375 389
593 332 640 374 et
663 325 833 373 Lunae
877 327 978 374 100
1018 325 1253 388 quadrate
1293 325 1643 388 multiplicatis,
1718 326 1800 375 Sic
1837 331 1985 377 etiam
2023 342 2172 392 penes
2218 342 2307 376 nos
2345 320 2486 376 terri-

232 401 364 450 colas
402 401 614 462 parietes
654 398 754 446 albi
793 398 1054 446 fortissime
1093 414 1123 446 a
1160 397 1275 446 Sole
1322 397 1548 445 illustrati
1585 397 1747 447 lumen
1787 401 1979 449 vibrant
2025 403 2074 448 in
2113 407 2252 449 antra
2291 406 2338 449 et
2376 415 2485 449 car-

231 488 362 522 ceres
405 472 773 519 obscurissimos
814 471 1038 533 diemque
1078 472 1136 518 iis
1174 470 1400 518 inferunt.

380 545 574 608 Quibus
610 543 668 590 de
707 546 870 591 causis
909 546 1129 592 existunt
1165 543 1364 591 eaedem
1399 542 1576 604 pha-ses
1612 544 1669 589 in
1718 543 1923 610 Venere,
1961 560 2077 593 cum
2114 547 2206 594 illa
2242 560 2348 594 non
2384 552 2487 595 toto

226 618 537 666 semicirculo
589 616 812 665 discedat
860 631 892 664 a
933 615 1086 664 Sole?
1166 614 1262 669 Pro
1304 629 1388 673 e0‚
1447 614 1579 676 quod
1618 613 1758 663 Luna
1796 616 1993 666 Terram
2031 619 2250 666 circumit
2298 633 2487 682 semper

228 691 459 739 humilior
498 688 627 750 Sole,
668 689 837 736 Venus
877 690 1093 735 vicissim
1131 689 1351 735 circumit
1373 686 1552 748 Solem,
1594 702 1722 735 nunc
1759 688 1986 738 humilior
2026 689 2124 750 illo,
2164 705 2292 739 nunc
2327 690 2485 739 altior.

230 765 353 813 Cum
391 765 538 825 igitur
589 761 819 809 humilior
858 760 972 809 Sole
1023 765 1094 814 est
1135 766 1182 808 et
1218 762 1380 808 vicina
1418 760 1518 820 illi,
1567 765 1620 806 ut
1658 761 1706 806 in
1747 761 2156 812 occultationibus
2195 766 2486 827 vespertinis

228 844 276 886 et
315 835 703 899 apparitionibus
741 835 1006 893 matutiniS,
1048 839 1163 880 tunc
1202 838 1251 881 et
1289 834 1451 881 causis
1491 838 1538 879 et
1575 832 1767 894 legibus
1806 834 1995 894 iisdem,
2035 836 2212 897 quibus
2253 845 2300 885 et
2327 837 2484 898 Luna,

229 908 528 958 corniculata
564 922 651 956 seu
689 906 870 954 falcata
908 911 1168 968 comparet.
1247 905 1315 953 At
1352 908 1460 953 cum
1499 905 1667 953 evadit
1705 904 1818 953 Sole
1858 906 2026 967 altior,
2065 913 2120 955 ut
2158 910 2284 957 circa
2323 916 2488 957 matu-

230 985 358 1031 tinas
400 980 748 1029 occultationes
790 984 837 1026 et
879 979 1181 1041 vespertinas
1221 979 1542 1036 emersioneS,
1582 982 1698 1025 tunc
1737 978 1941 1027 eandem
1979 986 2166 1043 partem
2203 995 2290 1029 seu
2328 982 2489 1030 hemi-

231 1055 510 1118 sphaerium
549 1052 872 1100 illuminatum
913 1053 1164 1113 porrigens
1207 1059 1255 1100 et
1294 1060 1463 1099 versus
1503 1049 1668 1098 Solem
1721 1050 1947 1100 deorsum
1985 1058 2033 1100 et
2072 1038 2262 1103 versus'
2293 1055 2487 1102 oculum

210 1122 278 1175 'in
329 1126 500 1176 eadem
555 1125 704 1188 plaga
752 1123 952 1171 inferius
1003 1123 1164 1171 adhuc
1211 1129 1447 1183 stantem,
1503 1123 1648 1186 pleno
1689 1123 1826 1172 vultu
1866 1132 2101 1187 appareat
2159 1140 2356 1174 necesse
2396 1134 2486 1189 est,

237 1201 611 1264 oppositionem,
652 1189 751 1260 qu‘a
789 1210 911 1260 opus
953 1202 1058 1246 erat
1093 1196 1264 1245 Lunae
1304 1197 1382 1244 ad
1406 1196 1533 1244 hanc
1570 1195 1761 1258 phasin,
1800 1204 2036 1259 pensante
2075 1201 2171 1246 situ
2209 1200 2488 1260 supra-So-

226 1272 348 1333 lem,
402 1286 546 1333 quem
587 1271 802 1318 nancisci
842 1269 982 1317 Luna
1031 1283 1129 1317 non
1169 1271 1343 1332 potuit.
1421 1269 1736 1332 Consequens
1774 1270 1924 1332 igitur
1960 1276 2060 1330 est,
2116 1277 2169 1319 ut
2206 1273 2304 1320 sint
2342 1273 2488 1321 etiam

227 1344 515 1395 intermedia
565 1342 846 1401 duo2⁰loca,
898 1343 947 1388 in
999 1342 1175 1404 quibus
1217 1344 1363 1390 etiam
1413 1343 1589 1404 globus
1627 1342 1832 1390 Veneris
1871 1350 2105 1406 appareat
2150 1345 2364 1392 bisectus
2402 1360 2489 1394 seu
2545 1364 2548 1366 ·

212 1425 476 1484 sotxotouog
527 1415 590 1463 ad
640 1417 791 1463 instar
827 1414 1015 1463 Lunae.
1090 1413 1147 1461 Id
1196 1429 1312 1463 vero
1359 1414 1413 1462 fit
1463 1417 1511 1462 in
1562 1414 1956 1476 elongationibus
2009 1432 2038 1464 a
2087 1416 2202 1465 Sole
2248 1419 2486 1479 maximis,

228 1494 343 1555 quia
382 1503 528 1553 supra
577 1489 723 1550 hujUs
772 1487 884 1534 libri
923 1487 1011 1535 VI.
1052 1492 1190 1549 parte
1228 1490 1371 1536 tert-ia
1411 1486 1616 1547 dictum,
1666 1488 1734 1535 ibi
1781 1491 1916 1551 tangi
1956 1488 2166 1537 Veneris
2213 1491 2420 1538 orbitam
2458 1506 2490 1541 a

226 1563 360 1612 linea
397 1563 583 1622 visiva3
638 1562 773 1622 atqui
815 1563 961 1608 etiarn
1001 1559 1210 1608 circulus
1248 1559 1619 1609 illuminationis
1659 1575 1863 1622 semper
1886 1576 1993 1610 sese
2032 1562 2247 1624 applicat
2285 1563 2533 1626 orbitae‚·'

229 1652 339 1686 cum
379 1649 553 1699 corpus
593 1632 874 1681 illuminans
913 1635 961 1679 in
1002 1639 1166 1683 centro
1208 1635 1350 1695 quasi
1389 1634 1575 1682 orbitae
1615 1635 1864 1695 consistat,
1907 1635 2186 1683 coincidunt
2223 1637 2370 1698 igitur
2395 1636 2489 1685 hoc

227 1713 324 1758 situ
363 1710 526 1757 visiva
572 1707 703 1755 linea
752 1711 799 1754 et
853 1705 1019 1754 circuli
1069 1705 1438 1755 illuminationis
1486 1706 1712 1770 planum5
1766 1721 1914 1769 quare
1961 1707 2030 1755 ibi
2069 1707 2242 1771 phasin
2290 1708 2489 1758 bifidam
2523 1704 2554 1743 Ἴ

228 1786 434 1833 existere
474 1782 619 1828 etiam
659 1781 708 1826 in
747 1778 938 1827 Venere
977 1793 1175 1828 necesse
1216 1785 1303 1828 est.

376 1854 516 1902 Num
554 1856 707 1902 etiam
731 1855 788 1900 in
813 1853 1162 1913 superioribus
1192 1853 1416 1914 planetis
1453 1853 1617 1902 Iocum
1656 1851 1841 1900 habent
1876 1854 2002 1900 istae
2020 1853 2236 1914 phases?
2291 1854 2412 1902 Cum
2438 1855 2488 1903 hi

231 1943 291 1977 ex
329 1929 449 1991 ipso·
475 1928 670 1974 nomine
711 1940 859 1988 supra
898 1925 1062 1973 Solem
1102 1939 1209 1974 esse
1249 1925 1599 1990 intelligantur,
1639 1940 1828 1988 semper
1865 1927 2013 1987 igitur
2050 1941 2137 1974 seu
2169 1927 2326 1988 juncti
2365 1927 2486 1987 Soli,

227 2016 315 2049 seu
365 1999 603 2064 oppositi,
644 2004 833 2062 partem
874 1998 1079 2046 eandem
1118 1997 1179 2045 ad
1220 1998 1413 2046 oculum
1453 2013 1540 2047 seu
1579 1998 1777 2047 Terram
1818 2003 2133 2059 convertunt,
2175 2013 2301 2061 quae
2338 2004 2386 2047 et
2424 2001 2487 2048 ad

228 2073 392 2122 Solem
432 2073 743 2120 convertitur.
824 2071 1082 2132 ConJuncti
1122 2072 1270 2132 igitur
1297 2070 1399 2119 Soli
1440 2070 1539 2134 (vel
1580 2073 1726 2119 vicini
1753 2070 1872 2130 Soli,
1912 2076 1967 2118 ut
2004 2073 2052 2117 in
2079 2072 2486 2120 occultatiouibus
2552 2103 2554 2125 ι

228 2147 517 2209 vespertinis
557 2150 602 2194 et
644 2139 994 2192 emersionibus
1021 2144 1293 2206 matutinis)
1331 2143 1503 2191 eadem
1541 2142 1599 2192 de
1640 2158 1789 2192 eausa
1821 2143 1966 2207 pleno
2004 2139 2167 2193 lucent
2193 2143 2348 2206 vultu,
2389 2160 2487 2208 qua

227 2221 361 2282 prius
399 2218 670 2281 inferioreS,
708 2222 762 2264 ut
800 2216 992 2277 Venus3
1035 2221 1086 2262 at
1125 2218 1337 2279 oppositi
1375 2215 1476 2264 Soli
1517 2215 1687 2266 eadem
1727 2216 1786 2264 de
1826 2231 1988 2277 causa,
2029 2216 2320 2279 qua'Luna.
2384 2218 2486 2267 Re-

227 2293 462 2354 linquitur
499 2292 646 2353 igitur
685 2288 858 2337 iisdem
896 2295 943 2337 et
981 2288 1146 2351 phasis
1184 2289 1347 2351 gibba,
1388 2303 1496 2337 cum
1523 2296 1635 2337 sunt
1672 2289 1793 2337 locis
1823 2289 2130 2338 intermediis,
2209 2290 2275 2338 At
2313 2284 2487 2339 bisecti
2551 2282 2554 2341 ἶ

228 2379 314 2413 seu
355 2363 619 2412 dichotomi
659 2375 890 2426 apparere
931 2376 1028 2409 non
1067 2367 1284 2424 possunt,
1327 2364 1442 2424 quia
1479 2361 1616 2410 nulla
1653 2361 1891 2411 linearum
1930 2363 2232 2425 tangentium
2272 2365 2486 2428 ipsorum

230 2438 412 2492 orbitas
450 2436 648 2483 incurrit
685 2437 734 2482 in
779 2435 943 2483 orbem
981 2448 1238 2496 magnum,
1295 2436 1344 2481 in
1396 2449 1494 2497 quo
1533 2434 1716 2484 Tellus.
1796 2435 2076 2498 Tangentes
2126 2438 2254 2484 enim
2306 2435 2488 2486 eadunt

235 2517 400 2569 extra,
437 2508 647 2556 Telluris
687 2508 816 2556 orbis
856 2513 930 2556 est
968 2509 1108 2555 intra.

372 2581 507 2629 Mars
544 2587 705 2628 tamen
745 2580 870 2628 hanc
908 2580 1083 2642 phasin
1124 2584 1374 2644 διχοτομον
1413 2595 1560 2642 quam
1597 2582 1816 2643 proxime
1856 2581 2154 2642 assequitur,
2209 2594 2317 2630 cum
2355 2583 2486 2645 peri·
2538 2626 2541 2643 ‚

227 2655 387 2705 helius
425 2657 473 2701 in
502 2647 791 2716 quadratum
831 2653 1000 2701 incidit
1027 2652 1172 2701 Solis,
1238 2652 1375 2701 Tunc
1413 2655 1541 2700 enirn
1582 2657 1795 2702 omnium
1831 2652 2119 2715 angulorum
2157 2655 2279 2702 inter
2303 2654 2507 2722 Solem,=
2538 2671 2539 2675 ¹

227 2729 427 2777 Terram
465 2734 513 2775 et
549 2727 757 2775 Martem
795 2727 1034 2774 maximus
1072 2732 1302 2788 rectoque
1340 2728 1588 2789 proximus
1629 2733 1703 2775 est
1741 2725 1948 2789 angulus
1986 2726 2048 2774 ad
2087 2725 2317 2787 Mar-tem,
2369 2730 2485 2790 quia

229 2803 518 2850 brevissima
556 2807 670 2848 tunc
709 2805 783 2848 est
819 2799 950 2847 linea
990 2801 1276 2860 contingens
1316 2800 1480 2847 orbem
1519 2814 1751 2861 magnum
1791 2815 1851 2848 ex
1894 2798 2052 2847 Marte
2091 2797 2249 2860 ducta,
2290 2803 2337 2847 in
2376 2815 2484 2850 rec·
2532 2794 2536 2847 .'

234 2874 438 2923 titudine
478 2887 594 2935 vero
634 2871 802 2935 anguli
839 2871 902 2920 ad
939 2871 1187 2934 planetam
1227 2873 1323 2920 sita
1361 2878 1434 2920 est
1472 2873 1704 2936 perfectio
1742 2873 1909 2936 phasis
1949 2870 2271 2921 dichotomae.

1313 2986 1405 3036 III.

379 3090 521 3152 Quae
555 3092 733 3152 'species
768 3096 976 3138 ortuum
1014 3095 1059 3137 et
1096 3102 1363 3137 occasuum
1403 3095 1624 3151 respectu
1651 3089 1782 3139 Solis
1819 3089 2000 3152 quibus
2028 3089 2250 3150 planetis
2287 3105 2484 3153 compe·
2502 3085 2529 3122 ,¹

231 3169 373 3226 tunt,
425 3169 469 3209 et
507 3178 606 3224 quo
646 3162 847 3223 ordine,
905 3177 1133 3224 quaeque
1174 3163 1247 3208 *iis
1286 3161 1402 3210 inde
1440 3163 1692 3211 nomina?
1746 3163 1866 3212 Tres
1904 3164 2174 3223 superiores
2213 3169 2325 3225 post
2363 3178 2483 3211 con-

227 3236 525 3296 junctionem
565 3250 673 3283 eum
712 3234 827 3283 Sole
880 3237 1097 3284 oriuntur
1135 3248 1276 3282 mane
1315 3234 1526 3295 heliace‚
1572 3250 1660 3283 seu
1700 3241 1971 3301 emergunt,
2013 3232 2370 3294 ἐπιτελλουσιν,
2423 3251 2482 3284 ex

234 3307 364 3355 Solis
402 3307 574 3369 radiis,
616 3311 684 3355 ita
723 3307 982 3356 orientales
1022 3315 1069 3355 et
1106 3309 1332 3355 matutini
1370 3307 1502 3367 facti,
1542 3307 1738 3358 tandem
1758 3311 1806 3354 in
1844 3308 2067 3369 opposito
2095 3306 2223 3356 Solis
2264 3310 2482 3357 oriuntur

196 3428 198 3430 ,
234 3386 282 3427 et
320 3378 840 3445 occidunt‘o’cnpowvxot,
881 3380 1044 3428 lucent
1070 3380 1256 3428 scilicet
1293 3386 1548 3442 pernoctes
1575 3395 1660 3429 seu
1701 3395 1970 3443 παννυχιοι;
2012 3394 2070 3427 ex
2110 3395 2167 3429 eo
2193 3381 2313 3429 fiunt
2351 3384 2491 3429 occi—‘

233 3449 451 3500 dentales
492 3457 539 3498 et
576 3456 838 3515 vespertini
876 3453 1171 3515 tandemque
1211 3453 1437 3501 occidunt
1474 3452 1684 3513 heliace‚
1724 3466 1810 3500 seu
1850 3452 2132 3513 conduntur,
2174 3470 2478 3518 κρυπτονται,
2515 3464 2518 3480 ⁵

234 3524 324 3572 sub
352 3522 481 3582 Solis
519 3523 708 3586 radios3
751 3527 1042 3574 emersiones
1082 3528 1384 3588 vespertinas
1413 3531 1460 3573 et
1486 3526 1832 3574 occultationes
1858 3527 2122 3572 matutinas
2161 3541 2257 3574 non
2283 3527 2478 3588 habent,
2514 3545 2515 3551 ¹

234 3598 307 3645 uti
343 3609 501 3657 neque
538 3594 679 3643 fixae.
758 3597 897 3646 Luna
934 3600 1150 3647 vicissim
1187 3605 1299 3659 post
1334 3599 1723 3659 conjunctionem
1761 3611 1868 3648 cum
1895 3596 2008 3645 Sole
2049 3601 2251 3661 emergit
2289 3601 2480 3661 vesperi

237 3681 479 3727 crescens,
533 3667 857 3730 incedensque
899 3670 1212 3718 occidentalis
1264 3677 1334 3718 eta
1362 3673 1828 3733 vespertina-usque
1881 3669 1944 3718 ad
1998 3674 2355 3732 oppositionem
2393 3686 2479 3720 seu

235 3741 577 3805 plenilunium,
627 3739 681 3787 fit
725 3755 906 3804 pernox
959 3750 1005 3790 et
1059 3740 1322 3808 άκρονυχος
1374 3745 1521 3790 oritur
1571 3741 1842 3803 occiditque
1891 3747 1945 3790 ut
1996 3745 2284 3806 superioreS.
2357 3744 2509 3793 Inde·

237 3827 351 3865 vero
389 3814 518 3877 facta
556 3813 804 3864 orientalis
838 3819 886 3863 et
922 3817 1184 3875 matutina,
1225 3815 1421 3863 tandem
1458 3829 1599 3865 mane
1639 3814 1816 3864 occidit
1853 3814 2055 3878 heliace‚
2096 3831 2392 3880 quamquam
2428 3818 2478 3864 in
