2554 4140
218 156 326 206 430
1048 152 1288 211 Epitomes
1315 153 1634 200 Astronomiae

214 314 414 349 necesse
454 304 528 348 est
578 299 700 349 fixas
738 298 892 349 videri
928 300 1122 364 prodire
1161 317 1220 351 ex
1257 300 1406 362 Sole,
1459 301 1623 351 Solem
1661 317 1776 353 vero
1824 304 2031 369 relinqui
2067 321 2099 354 a
2142 304 2274 367 fixis,
2328 310 2466 369 quasi

251 378 326 421 ost
363 371 491 420 illas.

215 387 247 435 p
1414 441 1482 486 Sit
1512 442 1655 488 Terra
1681 444 1728 488 in
1758 445 1808 497 P,
1840 445 1916 491 Sol
1947 446 1994 491 in
2026 446 2078 502 Ο,
2109 445 2270 490 latebit
2295 445 2389 491 fixa
2418 448 2467 493 M

1294 512 1401 562 post
1432 506 1606 563 Solem3
1648 513 1851 554 transeat
1882 511 2023 555 Terra
2064 523 2122 554 ex
2150 510 2188 554 P
2217 513 2263 555 in
2296 511 2348 567 G,
2372 512 2469 567 jam

1290 585 1383 616 non
1411 573 1482 628 M,
1517 572 1597 616 sed
1626 574 1669 618 A
1697 573 1858 619 latebit
1886 580 1992 630 post
2022 574 2185 632 Solem,
2218 580 2265 620 et
2293 577 2469 623 videtur

1291 634 1383 680 fixa
1411 637 1462 681 M
1491 636 1616 683 velut
1646 651 1702 683 ex
1732 638 1832 684 loco
1854 640 1893 683 A
1916 652 2160 696 progressa
2190 653 2290 686 esse
2321 641 2467 697 spatio

1291 699 1404 757 AM,
1438 699 1515 746 Sol
1544 715 1649 762 vero
1676 701 1746 758 Ὀ,
1783 704 1859 759 qui
1890 704 2173 750 existimatur
2202 719 2303 752 esse
2334 705 2378 750 in
2411 707 2467 762 A,

1289 778 1390 809 cum
1420 765 1545 823 prius
1576 767 1909 812 existimaretur
1938 768 1984 812 in
2014 770 2084 827 M,
2128 770 2305 817 videtur
2343 772 2467 817 relic·

1248 829 1250 831 ’
1288 835 1364 874 tus
1396 841 1497 876 esse
1526 831 1583 877 ab
1613 834 1663 877 M
1692 845 1935 891 progressa
1968 845 2024 877 ex
2057 834 2174 880 Sole.

1436 907 1698 971 Quomodo
1734 909 1826 957 has
1867 907 2196 972 dim-essiones
2236 912 2365 962 Solis
2403 913 2466 962 ab

1288 978 1469 1042 aliqua
1501 981 1606 1044 fitca
1658 987 1826 1030 exacte
1861 983 1918 1030 in
1955 985 2193 1044 partibus
2230 988 2469 1035 minutis-

1286 1048 1425 1100 simis
1454 1052 1885 1116 deprehendimus,
1926 1069 2041 1104 cum
2080 1072 2186 1107 non
2222 1059 2378 1108 simul
2413 1060 2469 1107 in

1286 1132 1603 1187 conspectum
1662 1129 1870 1175 veniant
1924 1126 2012 1176 Sol
2074 1136 2119 1178 et
2174 1129 2349 1193 fiaeae?
2411 1130 2469 1179 Id

1287 1209 1434 1260 supra
1481 1197 1566 1247 lib.
1612 1197 1702 1247 ΙΙΙ.
1754 1198 1839 1248 fol.
1889 1201 1990 1248 273
2034 1216 2101 1250 ss.
2142 1209 2216 1251 est
2252 1202 2471 1266 explica-

1286 1274 1418 1334 tum,
1478 1285 1586 1319 cum
1645 1269 1704 1320 de
1759 1270 2063 1335 longitudine
2119 1275 2235 1324 anni
2295 1275 2471 1325 siderei
2516 1327 2521 1334 ,

1286 1356 1542 1404 ageremus
1588 1357 1675 1393 scu
1723 1343 1782 1393 de
1833 1346 2101 1395 emersione
2153 1347 2356 1397 fixarum
2410 1362 2470 1397 ex

1286 1414 1415 1463 Solis
1454 1413 1620 1468 radiis.
1695 1415 1874 1466 Varios
1920 1420 2047 1468 enim
2088 1420 2260 1469 modos
2305 1427 2468 1470 astro-

205 1490 335 1539 nomi
373 1494 578 1539 tentant.
653 1487 707 1538 Si
744 1494 907 1540 tamen
946 1485 1252 1550 horologium
1290 1488 1339 1534 in
1377 1494 1569 1550 promtu
1608 1495 1762 1549 esset,
1815 1489 2034 1540 indicans
2073 1491 2241 1550 horas,
2281 1495 2468 1542 minuta

206 1568 254 1612 et
290 1562 505 1612 secunda
556 1568 603 1613 et
651 1562 837 1612 motum
888 1562 1075 1612 habens
1123 1559 1594 1622 aequabilissimum,
1649 1567 1766 1611 tunc
1815 1563 2076 1613 facillimus
2113 1564 2286 1615 modus
2340 1573 2470 1616 esset

204 1637 320 1696 iste,
373 1642 427 1684 ut
473 1635 532 1686 de
579 1641 721 1685 nocte
770 1641 1050 1685 notaremus
1096 1632 1229 1681 illam
1282 1632 1474 1698 horam,
1521 1637 1758 1683 minutum
1809 1642 1856 1684 et
1893 1636 2158 1686 secundum
2210 1637 2382 1688 indicis
2421 1640 2467 1687 in

204 1707 475 1771 horologio,
516 1707 712 1772 quando
750 1707 847 1757 fixa
885 1708 1052 1771 aliqua
1088 1703 1248 1773 (cujus
1288 1711 1361 1754 est
1397 1714 1514 1755 uota
1540 1721 1636 1757 asc.
1664 1715 1811 1769 recta,
1850 1705 2111 1759 declinatio
2152 1717 2201 1760 et
2237 1725 2324 1775 per
2362 1727 2470 1761 eam

204 1779 477 1846 longitudo)
515 1788 682 1831 exacte
735 1781 783 1828 in
840 1780 1108 1830 meridiano
1160 1787 1254 1840 est,
1306 1782 1530 1842 sequenti
1580 1794 1697 1829 vero
1740 1780 1817 1830 die
1869 1795 2055 1831 rursum
2111 1783 2469 1834 attenderemus

203 1855 349 1902 situm
387 1854 576 1916 indiciS,
617 1852 812 1918 quando
852 1856 1012 1918 ipsum
1040 1850 1168 1902 Solis
1207 1858 1422 1900 centrum
1463 1853 1525 1901 ad
1554 1853 1759 1903 eundem
1785 1853 2103 1904 meridianum
2142 1859 2301 1918 venit3
2341 1856 2468 1906 idem

203 1928 345 1976 tertio
370 1925 506 1976 fieret
528 1933 671 1977 nocte
709 1927 947 1990 sequenti,
989 1940 1096 1975 cum
1136 1923 1234 1972 fixa
1267 1926 1523 1974 revertitur
1561 1925 1747 1976 eodem.
1822 1926 1946 1976 Nam
1985 1941 2115 1991 quae
2154 1936 2228 1979 est
2264 1942 2469 1994 propor-
2522 1956 2527 1973 .

204 2000 272 2048 tio
311 2001 543 2064 temporis
582 2001 705 2050 inter
741 2000 883 2049 binos
923 1997 1159 2063 appulsus
1196 1996 1324 2045 fixae
1361 1996 1423 2046 ad
1463 2004 1652 2063 tempus
1690 2002 1814 2048 inter
1849 2003 2056 2064 primum
2095 2001 2220 2052 fixae
2261 2008 2310 2051 et
2347 2004 2470 2052 inter

205 2070 334 2121 Solis
373 2071 648 2136 appulsum,
687 2072 856 2122 eadem
884 2079 957 2131 est
993 2070 1243 2136 proportio
1281 2069 1519 2134 graduum
1565 2073 1669 2121 360
1707 2074 1986 2135 aequatoris
2034 2073 2096 2123 ad
2134 2089 2299 2124 arcum
2347 2077 2471 2124 inter

203 2145 345 2194 binos
392 2144 599 2194 circulos
648 2144 1026 2195 declinationum
1075 2143 1201 2192 fixae
1256 2148 1305 2191 et
1356 2142 1501 2193 Solis.
1578 2144 1656 2193 Ita
1704 2142 1969 2195 constituta
2006 2145 2135 2196 Solis
2182 2149 2468 2197 ascensione

210 2223 342 2267 recta
380 2224 430 2267 et
458 2217 710 2282 explorata
749 2216 966 2281 ejusdem
994 2215 1320 2266 declinatione
1348 2231 1407 2265 ex
1434 2216 1688 2266 altitudine
1713 2217 1997 2280 meridiana,
2036 2218 2179 2269 facile
2213 2218 2468 2282 longitudo

204 2287 335 2339 Solis
378 2292 429 2338 in
486 2291 711 2354 ecliptica
758 2289 1087 2353 distantiaque
1137 2288 1340 2351 ejusque
1391 2304 1421 2338 a
1471 2289 1569 2340 fixa
1625 2289 1891 2340 secundum
1946 2291 2072 2341 hanc
2115 2291 2468 2356 longitudinem
2524 2310 2525 2314 ¹

208 2368 515 2428 computatur
552 2379 640 2428 per
678 2363 944 2412 doctrinam
982 2362 1125 2426 primi
1162 2360 1373 2410 mobilis·

361 2435 496 2498 Quid
529 2438 690 2499 iyitur
722 2437 851 2501 facit
879 2435 1058 2485 Solem
1096 2434 1260 2482 videri
1296 2433 1525 2483 absoluto
1552 2435 1807 2484 curriculo
1846 2435 1917 2483 ad
1933 2437 2254 2498 principium
2288 2437 2464 2495 redire,

204 2524 323 2558 cum
358 2511 583 2572 positum
624 2511 707 2570 sit,
759 2508 923 2559 Solem
960 2511 1018 2557 in
1056 2513 1226 2556 centro
1263 2506 1447 2555 mundi
1484 2514 1618 2557 stare
1654 2507 1959 2558 immotum?
2034 2508 2195 2570 Idem,
2248 2511 2330 2572 qui
2363 2508 2466 2572 jam

204 2579 378 2641 modo,
429 2588 591 2631 motus
629 2581 839 2630 Telluris
888 2586 936 2630 et
986 2581 1034 2628 in
1089 2594 1148 2632 ea
1207 2579 1458 2639 oculorum
1507 2582 1636 2630 circa
1673 2579 1837 2631 Solem
1889 2582 1980 2630 sub
2019 2581 2259 2646 ecliptica.
2337 2581 2463 2632 Vide

201 2655 286 2703 lib.
328 2653 393 2703 ΙΙ.
434 2653 517 2703 fol.
562 2655 680 2703 193.
755 2653 879 2703 Nam
920 2653 959 2701 si
999 2651 1171 2702 Tellus
1210 2658 1284 2702 est
1322 2653 1446 2701 inter
1474 2651 1516 2703 Ο
1556 2653 1720 2703 Solem
1760 2662 1806 2703 et
1848 2653 2263 2704 constellationem
2293 2654 2465 2719 Capri-‘-

207 2728 354 2788 corni,
395 2733 516 2791 puta
554 2728 602 2774 in
644 2726 703 2787 G,
744 2726 830 2777 Sol
872 2741 898 2775 e
939 2725 1180 2790 diametro·
1213 2725 1516 2790 reputabitur
1554 2728 1694 2790 quasi
1734 2726 1825 2776 sub
1864 2727 1982 2790 ipsis
2019 2726 2128 2776 fixis
2167 2734 2216 2777 et
2254 2726 2464 2776 constel-

200 2799 382 2849 latione
422 2800 593 2850 Cancri
646 2802 694 2847 in
736 2801 795 2849 A.
874 2797 1059 2848 Oculus
1113 2799 1238 2847 enim
1277 2797 1440 2865 (quem
1480 2801 1602 2848 ratio
1650 2799 1902 2864 popularis
1940 2800 2180 2863 sequitur)
2219 2815 2315 2849 non
2356 2801 2463 2849 ani-

200 2873 460 2923 madvertit
500 2871 780 2922 distantiam
831 2873 956 2922 inter
1002 2871 1123 2920 fixas
1168 2871 1515 2920 remotissimas
1554 2871 1600 2919 A
1639 2878 1687 2921 et
1723 2870 1887 2921 Solem
1927 2870 1970 2921 O
2009 2874 2281 2936 propiorem
2319 2872 2463 2936 inque

201 2951 362 2994 centro
401 2951 702 3012 versantem,
747 2947 798 2994 in
838 2944 1007 2994 eadem
1045 2949 1178 2994 recta
1214 2942 1346 2994 linea
1384 2942 1524 2993 GOA
1577 2959 1685 2995 cum
1735 2944 1876 2995 oculo
1917 2943 1963 2994 Gr
2008 2947 2321 3007 constitutas,
2378 2942 2491 2995 sed·
2543 2966 2546 2974 ·

205 3024 344 3082 putat
383 3016 424 3066 O
464 3018 628 3068 Solem
667 3019 904 3080 attingere
942 3017 1064 3066 fixas
1103 3017 1164 3068 A.
1953 3078 1958 3082 .

343 3090 443 3139 Dic
479 3091 764 3154 exemplum
801 3090 954 3151 hujus
983 3090 1291 3152 phantasiae
1313 3090 1565 3152 populare
1590 3097 1636 3139 et
1670 3091 1835 3154 facile.
1912 3090 2065 3153 Finge
2098 3105 2204 3139 esse
2231 3090 2460 3155 templum

202 3176 288 3211 seu
314 3162 567 3213 basilicam
595 3163 810 3228 aliquam
835 3161 1064 3227 amplam,
1102 3161 1374 3224 rotundam,
1411 3177 1509 3212 non
1538 3163 1819 3226 impeditam
1846 3162 2107 3223 sedilibus,
2147 3165 2196 3211 in
2223 3163 2329 3226 ejus
2355 3176 2460 3213 me·
2494 3193 2500 3199 ·

203 3232 283 3282 dio
319 3233 661 3298 baptisterium
698 3251 808 3287 cum
847 3234 1074 3300 operculo
1114 3236 1162 3282 in
1199 3233 1407 3284 sublime
1433 3237 1735 3298 assurgenti;
1775 3237 2035 3286 circumeat
2069 3241 2314 3298 spectator
2337 3236 2460 3299 bap-

203 3308 442 3356 tisterium
481 3311 681 3370 eminus,
723 3310 970 3358 conversis
1010 3307 1073 3357 ad
1110 3307 1160 3356 id
1200 3308 1381 3368 oculiS,
1429 3309 1765 3371 baptisterium
1804 3323 1912 3358 cum
1952 3308 2179 3371 operculo
2218 3307 2461 3358 videbitur

200 3378 276 3428 illi
315 3393 480 3429 omnes
521 3381 685 3431 ordine
724 3383 936 3445 parietes
974 3379 1220 3436 basilicae,
1246 3388 1546 3444 perreptare,
1600 3381 1754 3431 donec
1789 3381 1990 3430 redeant
2041 3386 2089 3429 et
2127 3387 2371 3444 spectator
2408 3382 2456 3428 in

201 3453 408 3515 primum
457 3467 597 3500 suum
643 3454 803 3503 locum
852 3464 901 3503 et
943 3453 1281 3517 baptisterium
1331 3452 1393 3502 ad
1437 3453 1571 3502 illam
1609 3460 1795 3517 partem
1848 3453 2072 3516 parietis,
2127 3468 2273 3516 quam
2321 3452 2494 3502 initio*
2553 3524 2554 3531 ἵ

201 3531 366 3588 tegere
404 3523 676 3574 videbatur.
749 3526 846 3575 Hic
881 3540 967 3589 per
1003 3526 1219 3589 parietes·
1250 3533 1672 3589 repraesentantur
1721 3524 1889 3575 stellae
1927 3525 2055 3574 fixae
2094 3525 2163 3586 B,
2202 3525 2285 3586 M,
2328 3528 2367 3573 A
2407 3527 2453 3572 in

200 3597 417 3661 zodiaco,
455 3611 542 3660 per
577 3598 914 3659 baptisterium
954 3598 1037 3647 Sol
1079 3596 1149 3660 Ο,
1188 3611 1275 3662 per
1311 3604 1635 3662 spectatorem
1675 3597 1881 3649 eundem
1920 3597 2117 3660 Tellus,
2159 3596 2453 3647 domicilium

204 3675 435 3731 nostrum,
475 3670 601 3718 circa
641 3668 803 3717 Solem
839 3669 1002 3718 delata
1040 3685 1098 3718 ex
1136 3671 1178 3718 F
1215 3673 1265 3718 in
1302 3670 1344 3718 P
1384 3676 1433 3720 et
1471 3669 1516 3720 G
1556 3677 1645 3720 etc.
1723 3680 1725 3682 ’
2551 3716 2554 3728 ἡ

356 3739 494 3791 Unde
531 3747 757 3790 constare
787 3744 957 3802 potuit
993 3746 1321 3804 astronomis,
1373 3745 1620 3793 circulum
1658 3744 1954 3805 apparentis
1989 3749 2154 3791 motus
2193 3741 2320 3791 Solis
2360 3755 2454 3802 per
2549 3745 2552 3773 ἱ

198 3815 328 3878 fimas
363 3829 459 3864 esse
491 3810 800 3878 perfectum,
837 3826 945 3861 non
980 3826 1098 3862 vero
1135 3817 1459 3865 tortuosum?
1529 3816 1657 3879 Quia
1695 3814 2130 3878 deprehenderunt,
2168 3813 2449 3864 altitudines
2522 3881 2526 3883 λ
