<?xml version="1.0" encoding="UTF-8"?>
<!DOCTYPE html PUBLIC "-//W3C//DTD XHTML 1.0 Transitional//EN"
    "http://www.w3.org/TR/xhtml1/DTD/xhtml1-transitional.dtd">
<html xmlns="http://www.w3.org/1999/xhtml" xml:lang="en" lang="en">
 <head>
  <title>
</title>
<meta http-equiv="Content-Type" content="text/html;charset=utf-8" />
  <meta name='ocr-system' content='tesseract 3.04.00' />
  <meta name='ocr-capabilities' content='ocr_page ocr_carea ocr_par ocr_line ocrx_word'/>
</head>
<body>
  <div class='ocr_page' id='page_1' title='image "./operaomniaedidit06kepluoft_0591.png"; bbox 0 0 2554 4140; ppageno 0'>
   <div class='ocr_carea' id='block_1_1' title="bbox 742 87 2347 182">
    <p class='ocr_par' dir='ltr' id='par_1_1' title="bbox 742 87 2347 182">
     <span class='ocr_line' id='line_1_1' title="bbox 742 87 2347 182; baseline 0.002 -15"><span class='ocrx_word' id='word_1_1' title='bbox 742 87 749 91; x_wconf 22' lang='grc' dir='ltr'>ἱ</span> <span class='ocrx_word' id='word_1_2' title='bbox 786 122 1021 180; x_wconf 86' lang='lat' dir='ltr'>Excerpta</span> <span class='ocrx_word' id='word_1_3' title='bbox 1052 136 1109 169; x_wconf 88' lang='lat' dir='ltr'>ex</span> <span class='ocrx_word' id='word_1_4' title='bbox 1130 117 1318 169; x_wconf 84' lang='lat' dir='ltr'>Tabulis</span> <span class='ocrx_word' id='word_1_5' title='bbox 1339 117 1658 180; x_wconf 85' lang='lat' dir='ltr'>Rudolphinis.</span> <span class='ocrx_word' id='word_1_6' title='bbox 2245 130 2347 182; x_wconf 70' lang='grc'>577</span> 
     </span>
    </p>
   </div>
   <div class='ocr_carea' id='block_1_2' title="bbox 2 268 2373 2374">
    <p class='ocr_par' dir='ltr' id='par_1_2' title="bbox 81 268 2351 722">
     <span class='ocr_line' id='line_1_2' title="bbox 175 268 2350 328; baseline 0.001 -15"><span class='ocrx_word' id='word_1_7' title='bbox 175 291 177 293; x_wconf 95' lang='grc'>-</span> <span class='ocrx_word' id='word_1_8' title='bbox 261 269 330 314; x_wconf 89' lang='lat' dir='ltr'>Sit</span> <span class='ocrx_word' id='word_1_9' title='bbox 359 272 577 326; x_wconf 90' lang='lat' dir='ltr'>punctum</span> <span class='ocrx_word' id='word_1_10' title='bbox 608 268 671 325; x_wconf 88' lang='lat' dir='ltr'>A,</span> <span class='ocrx_word' id='word_1_11' title='bbox 703 269 761 314; x_wconf 88' lang='lat' dir='ltr'>ad</span> <span class='ocrx_word' id='word_1_12' title='bbox 791 269 838 314; x_wconf 93' lang='lat' dir='ltr'>id</span> <span class='ocrx_word' id='word_1_13' title='bbox 868 269 958 315; x_wconf 92' lang='lat' dir='ltr'>duo</span> <span class='ocrx_word' id='word_1_14' title='bbox 990 270 1145 327; x_wconf 88' lang='lat' dir='ltr'>anguli</span> <span class='ocrx_word' id='word_1_15' title='bbox 1176 269 1476 315; x_wconf 83' lang='lat' dir='ltr'>obtusiusculi</span> <span class='ocrx_word' id='word_1_16' title='bbox 1507 272 1611 327; x_wconf 87' lang='lat' dir='ltr'>(Fig.</span> <span class='ocrx_word' id='word_1_17' title='bbox 1645 275 1744 315; x_wconf 87' lang='lat'>100.</span> <span class='ocrx_word' id='word_1_18' title='bbox 1774 285 1818 326; x_wconf 88' lang='lat' dir='ltr'>p.</span> <span class='ocrx_word' id='word_1_19' title='bbox 1848 271 1950 328; x_wconf 81' lang='lat'>575)</span> <span class='ocrx_word' id='word_1_20' title='bbox 1983 269 2100 316; x_wconf 86' lang='lat' dir='ltr'>CAD</span> <span class='ocrx_word' id='word_1_21' title='bbox 2139 274 2186 316; x_wconf 88' lang='lat' dir='ltr'>et</span> <span class='ocrx_word' id='word_1_22' title='bbox 2212 270 2350 327; x_wconf 87' lang='grc' dir='ltr'><strong>ΕΑΒ,</strong></span> 
     </span>
     <span class='ocr_line' id='line_1_3' title="bbox 81 336 2350 395; baseline 0 -14"><span class='ocrx_word' id='word_1_23' title='bbox 81 342 215 382; x_wconf 82' lang='lat' dir='ltr'>notae</span> <span class='ocrx_word' id='word_1_24' title='bbox 245 343 436 395; x_wconf 90' lang='lat' dir='ltr'>uterque</span> <span class='ocrx_word' id='word_1_25' title='bbox 466 337 747 394; x_wconf 82' lang='lat' dir='ltr'><strong>quantitatis,</strong></span> <span class='ocrx_word' id='word_1_26' title='bbox 789 344 834 382; x_wconf 92' lang='lat' dir='ltr'>et</span> <span class='ocrx_word' id='word_1_27' title='bbox 872 337 995 382; x_wconf 85' lang='lat' dir='ltr'>latus</span> <span class='ocrx_word' id='word_1_28' title='bbox 1036 337 1201 394; x_wconf 88' lang='lat' dir='ltr'>prioris</span> <span class='ocrx_word' id='word_1_29' title='bbox 1230 337 1312 381; x_wconf 89' lang='lat' dir='ltr'>AD</span> <span class='ocrx_word' id='word_1_30' title='bbox 1345 337 1598 383; x_wconf 80' lang='lat' dir='ltr'>intercedat</span> <span class='ocrx_word' id='word_1_31' title='bbox 1638 336 1756 382; x_wconf 91' lang='lat' dir='ltr'>inter</span> <span class='ocrx_word' id='word_1_32' title='bbox 1793 337 1939 383; x_wconf 82' lang='lat' dir='ltr'>latera</span> <span class='ocrx_word' id='word_1_33' title='bbox 1967 336 2231 395; x_wconf 87' lang='lat' dir='ltr'>posterioris</span> <span class='ocrx_word' id='word_1_34' title='bbox 2253 337 2350 395; x_wconf 92' lang='lat' dir='ltr'>AB,</span> 
     </span>
     <span class='ocr_line' id='line_1_4' title="bbox 81 403 2350 461; baseline 0 -12"><span class='ocrx_word' id='word_1_35' title='bbox 81 404 189 460; x_wconf 89' lang='grc' dir='ltr'>ΑΕ;</span> <span class='ocrx_word' id='word_1_36' title='bbox 229 403 426 448; x_wconf 77' lang='lat' dir='ltr'>vicissim</span> <span class='ocrx_word' id='word_1_37' title='bbox 453 404 576 448; x_wconf 86' lang='lat' dir='ltr'>latus</span> <span class='ocrx_word' id='word_1_38' title='bbox 598 403 865 459; x_wconf 88' lang='lat' dir='ltr'>posterioris</span> <span class='ocrx_word' id='word_1_39' title='bbox 884 404 967 448; x_wconf 88' lang='grc' dir='ltr'>ΑΕ</span> <span class='ocrx_word' id='word_1_40' title='bbox 997 404 1251 449; x_wconf 81' lang='lat' dir='ltr'>intercedat</span> <span class='ocrx_word' id='word_1_41' title='bbox 1279 404 1399 448; x_wconf 86' lang='lat' dir='ltr'>inter</span> <span class='ocrx_word' id='word_1_42' title='bbox 1428 404 1570 448; x_wconf 83' lang='lat' dir='ltr'>latera</span> <span class='ocrx_word' id='word_1_43' title='bbox 1601 405 1766 461; x_wconf 90' lang='lat' dir='ltr'>prioris</span> <span class='ocrx_word' id='word_1_44' title='bbox 1787 406 1894 459; x_wconf 90' lang='lat' dir='ltr'>AD,</span> <span class='ocrx_word' id='word_1_45' title='bbox 1937 404 2036 461; x_wconf 85' lang='lat' dir='ltr'>AC;</span> <span class='ocrx_word' id='word_1_46' title='bbox 2070 405 2214 450; x_wconf 83' lang='lat' dir='ltr'>latera</span> <span class='ocrx_word' id='word_1_47' title='bbox 2244 417 2350 450; x_wconf 84' lang='lat' dir='ltr'>vero</span> 
     </span>
     <span class='ocr_line' id='line_1_5' title="bbox 83 468 2351 528; baseline 0.001 -14"><span class='ocrx_word' id='word_1_48' title='bbox 83 468 260 525; x_wconf 81' lang='lat' dir='ltr'>angulis</span> <span class='ocrx_word' id='word_1_49' title='bbox 294 470 470 514; x_wconf 89' lang='lat' dir='ltr'>obtusis</span> <span class='ocrx_word' id='word_1_50' title='bbox 515 470 733 515; x_wconf 87' lang='lat' dir='ltr'>subtensa</span> <span class='ocrx_word' id='word_1_51' title='bbox 764 469 840 523; x_wconf 90' lang='lat' dir='ltr'>CD</span> <span class='ocrx_word' id='word_1_52' title='bbox 873 475 919 515; x_wconf 89' lang='lat' dir='ltr'>et</span> <span class='ocrx_word' id='word_1_53' title='bbox 947 471 1028 515; x_wconf 89' lang='grc' dir='ltr'>ΕΒ</span> <span class='ocrx_word' id='word_1_54' title='bbox 1061 471 1342 515; x_wconf 85' lang='lat' dir='ltr'>constituant</span> <span class='ocrx_word' id='word_1_55' title='bbox 1386 483 1523 514; x_wconf 84' lang='lat' dir='ltr'>unam</span> <span class='ocrx_word' id='word_1_56' title='bbox 1553 476 1724 515; x_wconf 89' lang='lat' dir='ltr'>rectam</span> <span class='ocrx_word' id='word_1_57' title='bbox 1756 470 1842 514; x_wconf 89' lang='lat' dir='ltr'>CB.</span> <span class='ocrx_word' id='word_1_58' title='bbox 1905 471 1973 515; x_wconf 87' lang='lat' dir='ltr'>Sit</span> <span class='ocrx_word' id='word_1_59' title='bbox 2019 471 2213 528; x_wconf 91' lang='lat' dir='ltr'>denique</span> <span class='ocrx_word' id='word_1_60' title='bbox 2242 476 2351 516; x_wconf 90' lang='lat' dir='ltr'>nota</span> 
     </span>
     <span class='ocr_line' id='line_1_6' title="bbox 82 534 2351 595; baseline 0.002 -15"><span class='ocrx_word' id='word_1_61' title='bbox 82 535 314 595; x_wconf 86' lang='lat' dir='ltr'>proportio</span> <span class='ocrx_word' id='word_1_62' title='bbox 346 535 555 580; x_wconf 89' lang='lat' dir='ltr'>binorum</span> <span class='ocrx_word' id='word_1_63' title='bbox 585 535 777 579; x_wconf 89' lang='lat' dir='ltr'>laterum</span> <span class='ocrx_word' id='word_1_64' title='bbox 809 549 836 579; x_wconf 90' lang='lat' dir='ltr'>a</span> <span class='ocrx_word' id='word_1_65' title='bbox 867 535 1028 580; x_wconf 85' lang='lat' dir='ltr'>dextra</span> <span class='ocrx_word' id='word_1_66' title='bbox 1057 540 1210 592; x_wconf 88' lang='lat' dir='ltr'>parte,</span> <span class='ocrx_word' id='word_1_67' title='bbox 1255 549 1317 581; x_wconf 93' lang='lat' dir='ltr'>sc.</span> <span class='ocrx_word' id='word_1_68' title='bbox 1355 535 1446 589; x_wconf 86' lang='lat' dir='ltr'>AC,</span> <span class='ocrx_word' id='word_1_69' title='bbox 1478 534 1575 592; x_wconf 86' lang='grc' dir='ltr'>ΑΕ,</span> <span class='ocrx_word' id='word_1_70' title='bbox 1607 542 1716 580; x_wconf 88' lang='lat' dir='ltr'>nota</span> <span class='ocrx_word' id='word_1_71' title='bbox 1747 542 1793 582; x_wconf 90' lang='lat' dir='ltr'>et</span> <span class='ocrx_word' id='word_1_72' title='bbox 1820 538 2055 594; x_wconf 87' lang='lat' dir='ltr'>proportio</span> <span class='ocrx_word' id='word_1_73' title='bbox 2085 538 2293 584; x_wconf 91' lang='lat' dir='ltr'>binorum</span> <span class='ocrx_word' id='word_1_74' title='bbox 2323 552 2351 583; x_wconf 85' lang='lat' dir='ltr'>a</span> 
     </span>
     <span class='ocr_line' id='line_1_7' title="bbox 82 601 2351 661; baseline 0.002 -16"><span class='ocrx_word' id='word_1_75' title='bbox 82 601 276 657; x_wconf 89' lang='lat' dir='ltr'>sinistra,</span> <span class='ocrx_word' id='word_1_76' title='bbox 309 601 406 646; x_wconf 88' lang='lat' dir='ltr'>scil.</span> <span class='ocrx_word' id='word_1_77' title='bbox 446 602 555 658; x_wconf 86' lang='lat' dir='ltr'>AB,</span> <span class='ocrx_word' id='word_1_78' title='bbox 593 601 694 646; x_wconf 88' lang='lat' dir='ltr'>AD.</span> <span class='ocrx_word' id='word_1_79' title='bbox 755 601 948 658; x_wconf 85' lang='lat' dir='ltr'>Oportet</span> <span class='ocrx_word' id='word_1_80' title='bbox 977 601 1207 658; x_wconf 81' lang='lat' dir='ltr'>indagare,</span> <span class='ocrx_word' id='word_1_81' title='bbox 1241 601 1399 658; x_wconf 91' lang='lat' dir='ltr'>quanti</span> <span class='ocrx_word' id='word_1_82' title='bbox 1431 601 1523 647; x_wconf 90' lang='lat' dir='ltr'>sint</span> <span class='ocrx_word' id='word_1_83' title='bbox 1554 601 1707 657; x_wconf 87' lang='lat' dir='ltr'>anguli</span> <span class='ocrx_word' id='word_1_84' title='bbox 1740 602 1795 659; x_wconf 89' lang='lat' dir='ltr'>C,</span> <span class='ocrx_word' id='word_1_85' title='bbox 1827 603 1893 656; x_wconf 90' lang='lat' dir='ltr'>E,</span> <span class='ocrx_word' id='word_1_86' title='bbox 1925 603 1992 657; x_wconf 89' lang='lat' dir='ltr'>D,</span> <span class='ocrx_word' id='word_1_87' title='bbox 2021 605 2083 661; x_wconf 94' lang='lat' dir='ltr'>B,</span> <span class='ocrx_word' id='word_1_88' title='bbox 2115 610 2161 649; x_wconf 91' lang='lat' dir='ltr'>et</span> <span class='ocrx_word' id='word_1_89' title='bbox 2193 604 2351 660; x_wconf 89' lang='lat' dir='ltr'>quanti</span> 
     </span>
     <span class='ocr_line' id='line_1_8' title="bbox 86 665 1305 722; baseline 0 -10"><span class='ocrx_word' id='word_1_90' title='bbox 86 666 205 712; x_wconf 87' lang='lat' dir='ltr'>CAE</span> <span class='ocrx_word' id='word_1_91' title='bbox 237 670 284 710; x_wconf 85' lang='lat' dir='ltr'>et</span> <span class='ocrx_word' id='word_1_92' title='bbox 310 665 475 722; x_wconf 85' lang='lat' dir='ltr'>reliqui</span> <span class='ocrx_word' id='word_1_93' title='bbox 507 666 563 711; x_wconf 91' lang='lat' dir='ltr'>ad</span> <span class='ocrx_word' id='word_1_94' title='bbox 595 668 649 712; x_wconf 92' lang='lat' dir='ltr'>A.</span> <span class='ocrx_word' id='word_1_95' title='bbox 1301 694 1305 699; x_wconf 90' lang='lat'>·</span> 
     </span>
    </p>

    <p class='ocr_par' dir='ltr' id='par_1_3' title="bbox 80 731 2354 1254">
     <span class='ocr_line' id='line_1_9' title="bbox 258 731 2352 792; baseline 0.002 -15"><span class='ocrx_word' id='word_1_96' title='bbox 258 732 373 788; x_wconf 82' lang='lat' dir='ltr'>Quia</span> <span class='ocrx_word' id='word_1_97' title='bbox 402 733 541 789; x_wconf 90' lang='lat' dir='ltr'>igitur</span> <span class='ocrx_word' id='word_1_98' title='bbox 573 734 706 792; x_wconf 88' lang='lat' dir='ltr'>CAD,</span> <span class='ocrx_word' id='word_1_99' title='bbox 753 735 873 780; x_wconf 88' lang='lat' dir='ltr'>EAB</span> <span class='ocrx_word' id='word_1_100' title='bbox 904 739 1011 780; x_wconf 89' lang='lat' dir='ltr'>sunt</span> <span class='ocrx_word' id='word_1_101' title='bbox 1042 733 1218 790; x_wconf 90' lang='lat' dir='ltr'>obtusi,</span> <span class='ocrx_word' id='word_1_102' title='bbox 1258 733 1395 778; x_wconf 90' lang='lat' dir='ltr'>ducta</span> <span class='ocrx_word' id='word_1_103' title='bbox 1435 746 1491 778; x_wconf 89' lang='lat' dir='ltr'>ex</span> <span class='ocrx_word' id='word_1_104' title='bbox 1521 732 1561 776; x_wconf 96' lang='lat' dir='ltr'>A</span> <span class='ocrx_word' id='word_1_105' title='bbox 1593 731 1984 789; x_wconf 85' lang='lat' dir='ltr'>perpendicularis</span> <span class='ocrx_word' id='word_1_106' title='bbox 2023 735 2068 779; x_wconf 93' lang='lat' dir='ltr'>in</span> <span class='ocrx_word' id='word_1_107' title='bbox 2099 735 2174 780; x_wconf 84' lang='lat' dir='ltr'>BG</span> <span class='ocrx_word' id='word_1_108' title='bbox 2218 735 2352 782; x_wconf 84' lang='lat' dir='ltr'>cadet</span> 
     </span>
     <span class='ocr_line' id='line_1_10' title="bbox 81 798 2350 859; baseline 0.001 -16"><span class='ocrx_word' id='word_1_109' title='bbox 81 799 200 843; x_wconf 88' lang='lat' dir='ltr'>intra</span> <span class='ocrx_word' id='word_1_110' title='bbox 229 798 334 843; x_wconf 86' lang='lat' dir='ltr'>bina</span> <span class='ocrx_word' id='word_1_111' title='bbox 365 805 412 844; x_wconf 88' lang='lat' dir='ltr'>et</span> <span class='ocrx_word' id='word_1_112' title='bbox 441 799 546 844; x_wconf 84' lang='lat' dir='ltr'>bina</span> <span class='ocrx_word' id='word_1_113' title='bbox 575 799 735 859; x_wconf 86' lang='lat' dir='ltr'>latera,</span> <span class='ocrx_word' id='word_1_114' title='bbox 766 802 826 847; x_wconf 90' lang='lat' dir='ltr'>sit</span> <span class='ocrx_word' id='word_1_115' title='bbox 854 801 970 846; x_wconf 91' lang='lat' dir='ltr'>haec</span> <span class='ocrx_word' id='word_1_116' title='bbox 999 799 1098 848; x_wconf 77' lang='lat' dir='ltr'>AF:</span> <span class='ocrx_word' id='word_1_117' title='bbox 1133 813 1249 857; x_wconf 87' lang='lat' dir='ltr'>quae</span> <span class='ocrx_word' id='word_1_118' title='bbox 1281 799 1319 844; x_wconf 90' lang='lat' dir='ltr'>si</span> <span class='ocrx_word' id='word_1_119' title='bbox 1347 804 1546 857; x_wconf 86' lang='lat' dir='ltr'>ponatur</span> <span class='ocrx_word' id='word_1_120' title='bbox 1570 811 1670 844; x_wconf 88' lang='lat' dir='ltr'>esse</span> <span class='ocrx_word' id='word_1_121' title='bbox 1702 799 1827 844; x_wconf 88' lang='lat' dir='ltr'>sinus</span> <span class='ocrx_word' id='word_1_122' title='bbox 1849 804 1987 856; x_wconf 88' lang='lat' dir='ltr'>totus,</span> <span class='ocrx_word' id='word_1_123' title='bbox 2019 800 2065 844; x_wconf 92' lang='lat' dir='ltr'>in</span> <span class='ocrx_word' id='word_1_124' title='bbox 2096 814 2151 845; x_wconf 88' lang='lat' dir='ltr'>ea</span> <span class='ocrx_word' id='word_1_125' title='bbox 2181 801 2350 847; x_wconf 91' lang='lat' dir='ltr'>dimen-</span> 
     </span>
     <span class='ocr_line' id='line_1_11' title="bbox 80 864 2350 928; baseline 0.001 -18"><span class='ocrx_word' id='word_1_126' title='bbox 80 865 205 910; x_wconf 84' lang='lat' dir='ltr'>sione</span> <span class='ocrx_word' id='word_1_127' title='bbox 236 871 431 922; x_wconf 90' lang='lat' dir='ltr'>quatuor</span> <span class='ocrx_word' id='word_1_128' title='bbox 459 865 605 911; x_wconf 89' lang='lat' dir='ltr'>latera</span> <span class='ocrx_word' id='word_1_129' title='bbox 636 867 755 911; x_wconf 89' lang='lat' dir='ltr'>circa</span> <span class='ocrx_word' id='word_1_130' title='bbox 786 867 975 911; x_wconf 88' lang='lat' dir='ltr'>obtusos</span> <span class='ocrx_word' id='word_1_131' title='bbox 1005 865 1195 928; x_wconf 82' lang='lat' dir='ltr'>totidem</span> <span class='ocrx_word' id='word_1_132' title='bbox 1225 870 1359 910; x_wconf 89' lang='lat' dir='ltr'>erunt</span> <span class='ocrx_word' id='word_1_133' title='bbox 1387 869 1596 910; x_wconf 84' lang='lat' dir='ltr'>secantes</span> <span class='ocrx_word' id='word_1_134' title='bbox 1628 864 1922 922; x_wconf 89' lang='lat' dir='ltr'>angulorum,</span> <span class='ocrx_word' id='word_1_135' title='bbox 1962 878 2076 922; x_wconf 86' lang='lat' dir='ltr'>quos</span> <span class='ocrx_word' id='word_1_136' title='bbox 2108 865 2256 913; x_wconf 89' lang='lat' dir='ltr'>latera</span> <span class='ocrx_word' id='word_1_137' title='bbox 2285 868 2350 912; x_wconf 87' lang='lat' dir='ltr'>fa·</span> 
     </span>
     <span class='ocr_line' id='line_1_12' title="bbox 81 930 2351 995; baseline -0.002 -15"><span class='ocrx_word' id='word_1_138' title='bbox 81 935 205 980; x_wconf 90' lang='lat' dir='ltr'>ciunt</span> <span class='ocrx_word' id='word_1_139' title='bbox 244 945 347 976; x_wconf 93' lang='lat' dir='ltr'>cum</span> <span class='ocrx_word' id='word_1_140' title='bbox 386 932 466 976; x_wconf 90' lang='lat' dir='ltr'>AF</span> <span class='ocrx_word' id='word_1_141' title='bbox 506 932 888 990; x_wconf 87' lang='lat' dir='ltr'>perpendiculari.</span> <span class='ocrx_word' id='word_1_142' title='bbox 965 933 1077 978; x_wconf 81' lang='lat' dir='ltr'>Cum</span> <span class='ocrx_word' id='word_1_143' title='bbox 1117 938 1268 978; x_wconf 91' lang='lat' dir='ltr'>autem</span> <span class='ocrx_word' id='word_1_144' title='bbox 1308 934 1373 994; x_wconf 52' lang='lat' dir='ltr'>hi,</span> <span class='ocrx_word' id='word_1_145' title='bbox 1393 934 1548 992; x_wconf 88' lang='lat' dir='ltr'>anguli</span> <span class='ocrx_word' id='word_1_146' title='bbox 1587 935 1676 978; x_wconf 91' lang='lat' dir='ltr'>sint</span> <span class='ocrx_word' id='word_1_147' title='bbox 1715 930 2046 987; x_wconf 88' lang='lat' dir='ltr'>complementa</span> <span class='ocrx_word' id='word_1_148' title='bbox 2082 931 2351 995; x_wconf 85' lang='lat' dir='ltr'>angulorum</span> 
     </span>
     <span class='ocr_line' id='line_1_13' title="bbox 80 996 2352 1061; baseline -0.001 -15"><span class='ocrx_word' id='word_1_149' title='bbox 80 1001 126 1052; x_wconf 88' lang='lat' dir='ltr'>C,</span> <span class='ocrx_word' id='word_1_150' title='bbox 159 999 215 1053; x_wconf 91' lang='lat' dir='ltr'>E,</span> <span class='ocrx_word' id='word_1_151' title='bbox 247 998 303 1050; x_wconf 88' lang='lat' dir='ltr'>D,</span> <span class='ocrx_word' id='word_1_152' title='bbox 334 998 372 1041; x_wconf 95' lang='lat' dir='ltr'>B</span> <span class='ocrx_word' id='word_1_153' title='bbox 405 998 742 1054; x_wconf 90' lang='lat' dir='ltr'>quaesitorum,</span> <span class='ocrx_word' id='word_1_154' title='bbox 786 997 968 1042; x_wconf 89' lang='lat' dir='ltr'>illarum</span> <span class='ocrx_word' id='word_1_155' title='bbox 997 998 1136 1055; x_wconf 88' lang='lat' dir='ltr'>igitur</span> <span class='ocrx_word' id='word_1_156' title='bbox 1164 998 1386 1044; x_wconf 87' lang='lat' dir='ltr'>linearum</span> <span class='ocrx_word' id='word_1_157' title='bbox 1415 1000 1675 1061; x_wconf 83' lang='lat' dir='ltr'>logarithmi</span> <span class='ocrx_word' id='word_1_158' title='bbox 1720 1003 1853 1045; x_wconf 88' lang='lat' dir='ltr'>erunt</span> <span class='ocrx_word' id='word_1_159' title='bbox 1890 996 2027 1042; x_wconf 92' lang='lat' dir='ltr'>iidem</span> <span class='ocrx_word' id='word_1_160' title='bbox 2058 1011 2159 1042; x_wconf 90' lang='lat' dir='ltr'>cum</span> <span class='ocrx_word' id='word_1_161' title='bbox 2189 999 2352 1043; x_wconf 88' lang='lat' dir='ltr'>horum</span> 
     </span>
     <span class='ocr_line' id='line_1_14' title="bbox 82 1063 2350 1123; baseline -0 -13"><span class='ocrx_word' id='word_1_162' title='bbox 82 1066 389 1122; x_wconf 88' lang='lat' dir='ltr'>quaesitorum</span> <span class='ocrx_word' id='word_1_163' title='bbox 419 1064 689 1122; x_wconf 88' lang='lat' dir='ltr'>angulorum</span> <span class='ocrx_word' id='word_1_164' title='bbox 718 1063 1025 1122; x_wconf 84' lang='lat' dir='ltr'>logarithmis3</span> <span class='ocrx_word' id='word_1_165' title='bbox 1055 1065 1287 1110; x_wconf 87' lang='lat' dir='ltr'>linearum·</span> <span class='ocrx_word' id='word_1_166' title='bbox 1310 1066 1491 1123; x_wconf 90' lang='lat' dir='ltr'>quidem</span> <span class='ocrx_word' id='word_1_167' title='bbox 1522 1067 1732 1123; x_wconf 84' lang='lat' dir='ltr'>privativi</span> <span class='ocrx_word' id='word_1_168' title='bbox 1763 1069 1890 1119; x_wconf 90' lang='lat' dir='ltr'>sunt,</span> <span class='ocrx_word' id='word_1_169' title='bbox 1922 1063 2091 1120; x_wconf 87' lang='lat' dir='ltr'>quippe</span> <span class='ocrx_word' id='word_1_170' title='bbox 2122 1063 2223 1108; x_wconf 91' lang='lat' dir='ltr'>sinu</span> <span class='ocrx_word' id='word_1_171' title='bbox 2251 1069 2350 1114; x_wconf 82' lang='lat' dir='ltr'>toto</span> 
     </span>
     <span class='ocr_line' id='line_1_15' title="bbox 80 1130 2351 1189; baseline 0 -13"><span class='ocrx_word' id='word_1_172' title='bbox 80 1132 322 1189; x_wconf 68' lang='lat' dir='ltr'>maiorum,</span> <span class='ocrx_word' id='word_1_173' title='bbox 354 1130 545 1175; x_wconf 90' lang='lat' dir='ltr'>istorum</span> <span class='ocrx_word' id='word_1_174' title='bbox 574 1144 681 1176; x_wconf 81' lang='lat' dir='ltr'>vero</span> <span class='ocrx_word' id='word_1_175' title='bbox 712 1130 906 1186; x_wconf 74' lang='lat' dir='ltr'>positivi,</span> <span class='ocrx_word' id='word_1_176' title='bbox 941 1130 1047 1186; x_wconf 85' lang='lat' dir='ltr'>quia</span> <span class='ocrx_word' id='word_1_177' title='bbox 1075 1131 1238 1176; x_wconf 87' lang='lat' dir='ltr'>horum</span> <span class='ocrx_word' id='word_1_178' title='bbox 1270 1132 1396 1177; x_wconf 89' lang='lat' dir='ltr'>sinus</span> <span class='ocrx_word' id='word_1_179' title='bbox 1429 1137 1537 1177; x_wconf 89' lang='lat' dir='ltr'>sunt</span> <span class='ocrx_word' id='word_1_180' title='bbox 1566 1137 1666 1177; x_wconf 88' lang='lat' dir='ltr'>toto</span> <span class='ocrx_word' id='word_1_181' title='bbox 1696 1132 1908 1176; x_wconf 87' lang='lat' dir='ltr'>minores.</span> <span class='ocrx_word' id='word_1_182' title='bbox 1970 1130 2094 1187; x_wconf 82' lang='lat' dir='ltr'>Ergo</span> <span class='ocrx_word' id='word_1_183' title='bbox 2116 1133 2351 1188; x_wconf 88' lang='lat' dir='ltr'>proportio</span> 
     </span>
     <span class='ocr_line' id='line_1_16' title="bbox 80 1194 2354 1254; baseline 0.001 -12"><span class='ocrx_word' id='word_1_184' title='bbox 80 1197 257 1242; x_wconf 85' lang='lat' dir='ltr'>illarum</span> <span class='ocrx_word' id='word_1_185' title='bbox 288 1196 507 1241; x_wconf 86' lang='lat' dir='ltr'>linearum</span> <span class='ocrx_word' id='word_1_186' title='bbox 539 1198 625 1242; x_wconf 88' lang='lat' dir='ltr'>erit</span> <span class='ocrx_word' id='word_1_187' title='bbox 656 1194 911 1240; x_wconf 86' lang='lat' dir='ltr'>differentia</span> <span class='ocrx_word' id='word_1_188' title='bbox 939 1195 1333 1253; x_wconf 87' lang='lat' dir='ltr'>logarithmorum‚</span> <span class='ocrx_word' id='word_1_189' title='bbox 1377 1211 1492 1254; x_wconf 90' lang='lat' dir='ltr'>quos</span> <span class='ocrx_word' id='word_1_190' title='bbox 1523 1197 1696 1242; x_wconf 78' lang='lat' dir='ltr'>hahent</span> <span class='ocrx_word' id='word_1_191' title='bbox 1735 1195 1889 1254; x_wconf 89' lang='lat' dir='ltr'>anguli</span> <span class='ocrx_word' id='word_1_192' title='bbox 1922 1195 1968 1248; x_wconf 84' lang='lat' dir='ltr'>G,</span> <span class='ocrx_word' id='word_1_193' title='bbox 2002 1195 2056 1248; x_wconf 88' lang='lat' dir='ltr'>E,</span> <span class='ocrx_word' id='word_1_194' title='bbox 2088 1196 2152 1250; x_wconf 82' lang='lat' dir='ltr'>D,</span> <span class='ocrx_word' id='word_1_195' title='bbox 2174 1198 2229 1242; x_wconf 89' lang='grc' dir='ltr'>Β.</span> <span class='ocrx_word' id='word_1_196' title='bbox 2291 1198 2354 1243; x_wconf 86' lang='lat' dir='ltr'>Et</span> 
     </span>
    </p>

    <p class='ocr_par' dir='ltr' id='par_1_4' title="bbox 11 1259 2373 1519">
     <span class='ocr_line' id='line_1_17' title="bbox 11 1259 2352 1321; baseline 0 -13"><span class='ocrx_word' id='word_1_197' title='bbox 11 1259 44 1321; x_wconf 18' lang='lat'>*⁸</span> <span class='ocrx_word' id='word_1_198' title='bbox 80 1276 181 1308; x_wconf 91' lang='lat' dir='ltr'>cum</span> <span class='ocrx_word' id='word_1_199' title='bbox 210 1263 289 1307; x_wconf 82' lang='lat' dir='ltr'>AF</span> <span class='ocrx_word' id='word_1_200' title='bbox 322 1261 456 1306; x_wconf 79' lang='lat' dir='ltr'>ca&#39;dat</span> <span class='ocrx_word' id='word_1_201' title='bbox 485 1263 606 1307; x_wconf 91' lang='lat' dir='ltr'>inter</span> <span class='ocrx_word' id='word_1_202' title='bbox 633 1261 741 1306; x_wconf 88' lang='lat' dir='ltr'>bina</span> <span class='ocrx_word' id='word_1_203' title='bbox 770 1267 817 1306; x_wconf 91' lang='lat' dir='ltr'>et</span> <span class='ocrx_word' id='word_1_204' title='bbox 846 1261 954 1306; x_wconf 90' lang='lat' dir='ltr'>bina</span> <span class='ocrx_word' id='word_1_205' title='bbox 982 1262 1141 1315; x_wconf 89' lang='lat' dir='ltr'>latera,</span> <span class='ocrx_word' id='word_1_206' title='bbox 1173 1269 1315 1321; x_wconf 85' lang='lat' dir='ltr'>patet,</span> <span class='ocrx_word' id='word_1_207' title='bbox 1347 1264 1470 1320; x_wconf 93' lang='lat' dir='ltr'>quod</span> <span class='ocrx_word' id='word_1_208' title='bbox 1500 1263 1692 1308; x_wconf 87' lang='lat' dir='ltr'>laterum</span> <span class='ocrx_word' id='word_1_209' title='bbox 1725 1275 1782 1307; x_wconf 90' lang='lat' dir='ltr'>ex</span> <span class='ocrx_word' id='word_1_210' title='bbox 1813 1273 1904 1306; x_wconf 90' lang='lat' dir='ltr'>una</span> <span class='ocrx_word' id='word_1_211' title='bbox 1934 1266 2066 1317; x_wconf 86' lang='lat' dir='ltr'>parte</span> <span class='ocrx_word' id='word_1_212' title='bbox 2096 1261 2352 1309; x_wconf 87' lang='lat' dir='ltr'>breviorum</span> 
     </span>
     <span class='ocr_line' id='line_1_18' title="bbox 79 1322 2352 1392; baseline -0 -16"><span class='ocrx_word' id='word_1_213' title='bbox 79 1329 314 1392; x_wconf 87' lang='lat' dir='ltr'>proportio</span> <span class='ocrx_word' id='word_1_214' title='bbox 346 1328 406 1372; x_wconf 87' lang='lat' dir='ltr'>sit</span> <span class='ocrx_word' id='word_1_215' title='bbox 436 1329 605 1384; x_wconf 90' lang='lat' dir='ltr'>minor,</span> <span class='ocrx_word' id='word_1_216' title='bbox 647 1333 700 1372; x_wconf 89' lang='lat' dir='ltr'>ut</span> <span class='ocrx_word' id='word_1_217' title='bbox 727 1327 826 1383; x_wconf 90' lang='lat' dir='ltr'>AB,</span> <span class='ocrx_word' id='word_1_218' title='bbox 859 1328 964 1382; x_wconf 84' lang='lat' dir='ltr'>AD,</span> <span class='ocrx_word' id='word_1_219' title='bbox 1005 1343 1063 1373; x_wconf 88' lang='lat' dir='ltr'>ex</span> <span class='ocrx_word' id='word_1_220' title='bbox 1094 1329 1236 1375; x_wconf 87' lang='lat' dir='ltr'>altera</span> <span class='ocrx_word' id='word_1_221' title='bbox 1265 1336 1395 1387; x_wconf 89' lang='lat' dir='ltr'>parte</span> <span class='ocrx_word' id='word_1_222' title='bbox 1426 1329 1683 1387; x_wconf 89' lang='lat' dir='ltr'>longiorum</span> <span class='ocrx_word' id='word_1_223' title='bbox 1714 1328 1949 1386; x_wconf 88' lang='lat' dir='ltr'>proportio</span> <span class='ocrx_word' id='word_1_224' title='bbox 1981 1322 2149 1384; x_wconf 80' lang='lat' dir='ltr'>major,</span> <span class='ocrx_word' id='word_1_225' title='bbox 2180 1335 2234 1374; x_wconf 91' lang='lat' dir='ltr'>ut</span> <span class='ocrx_word' id='word_1_226' title='bbox 2261 1331 2352 1386; x_wconf 84' lang='lat' dir='ltr'>AC,</span> 
     </span>
     <span class='ocr_line' id='line_1_19' title="bbox 32 1394 2352 1456; baseline 0.002 -19"><span class='ocrx_word' id='word_1_227' title='bbox 32 1432 35 1437; x_wconf 94' lang='lat'>.</span> <span class='ocrx_word' id='word_1_228' title='bbox 79 1397 175 1443; x_wconf 82' lang='grc' dir='ltr'>ΔΕ.</span> <span class='ocrx_word' id='word_1_229' title='bbox 237 1394 445 1451; x_wconf 89' lang='lat' dir='ltr'>Amplius</span> <span class='ocrx_word' id='word_1_230' title='bbox 475 1395 746 1451; x_wconf 88' lang='lat' dir='ltr'>memineris,</span> <span class='ocrx_word' id='word_1_231' title='bbox 781 1395 903 1451; x_wconf 92' lang='lat' dir='ltr'>quod</span> <span class='ocrx_word' id='word_1_232' title='bbox 932 1395 1103 1455; x_wconf 90' lang='lat' dir='ltr'>lineae,</span> <span class='ocrx_word' id='word_1_233' title='bbox 1138 1411 1252 1454; x_wconf 88' lang='lat' dir='ltr'>quae</span> <span class='ocrx_word' id='word_1_234' title='bbox 1285 1398 1555 1456; x_wconf 83' lang='lat' dir='ltr'>privativum</span> <span class='ocrx_word' id='word_1_235' title='bbox 1586 1396 1725 1443; x_wconf 90' lang='lat' dir='ltr'>habet</span> <span class='ocrx_word' id='word_1_236' title='bbox 1752 1395 2098 1454; x_wconf 86' lang='lat' dir='ltr'>logarithmum,</span> <span class='ocrx_word' id='word_1_237' title='bbox 2132 1396 2352 1442; x_wconf 89' lang='lat' dir='ltr'>brevioris</span> 
     </span>
     <span class='ocr_line' id='line_1_20' title="bbox 77 1459 2373 1519; baseline -0.001 -11"><span class='ocrx_word' id='word_1_238' title='bbox 77 1462 226 1508; x_wconf 89' lang='lat' dir='ltr'>minor</span> <span class='ocrx_word' id='word_1_239' title='bbox 256 1460 316 1505; x_wconf 87' lang='lat' dir='ltr'>sit</span> <span class='ocrx_word' id='word_1_240' title='bbox 344 1460 659 1517; x_wconf 90' lang='lat' dir='ltr'>logarithmus‚</span> <span class='ocrx_word' id='word_1_241' title='bbox 688 1459 907 1517; x_wconf 85' lang='lat' dir='ltr'>longioris</span> <span class='ocrx_word' id='word_1_242' title='bbox 938 1462 1095 1519; x_wconf 83' lang='lat' dir='ltr'>maJ&#39;or.</span> <span class='ocrx_word' id='word_1_243' title='bbox 2369 1462 2373 1465; x_wconf 74' lang='grc'><strong>”</strong></span> 
     </span>
    </p>

    <p class='ocr_par' dir='ltr' id='par_1_5' title="bbox 62 1526 2351 1718">
     <span class='ocr_line' id='line_1_21' title="bbox 256 1526 2350 1587; baseline 0 -17"><span class='ocrx_word' id='word_1_244' title='bbox 256 1526 330 1570; x_wconf 89' lang='lat' dir='ltr'>Ex</span> <span class='ocrx_word' id='word_1_245' title='bbox 378 1526 450 1571; x_wconf 88' lang='lat' dir='ltr'>his</span> <span class='ocrx_word' id='word_1_246' title='bbox 497 1526 808 1572; x_wconf 88' lang='lat' dir='ltr'>fundamentis</span> <span class='ocrx_word' id='word_1_247' title='bbox 854 1535 1150 1587; x_wconf 90' lang='lat' dir='ltr'>praeceptum</span> <span class='ocrx_word' id='word_1_248' title='bbox 1195 1530 1398 1575; x_wconf 89' lang='lat' dir='ltr'>nascitur</span> <span class='ocrx_word' id='word_1_249' title='bbox 1442 1529 1548 1575; x_wconf 89' lang='lat' dir='ltr'>tale.</span> <span class='ocrx_word' id='word_1_250' title='bbox 1609 1528 1698 1573; x_wconf 90' lang='lat' dir='ltr'>Per</span> <span class='ocrx_word' id='word_1_251' title='bbox 1739 1527 2081 1585; x_wconf 87' lang='lat' dir='ltr'>proportionem</span> <span class='ocrx_word' id='word_1_252' title='bbox 2128 1527 2350 1572; x_wconf 88' lang='lat' dir='ltr'>minorem</span> 
     </span>
     <span class='ocr_line' id='line_1_22' title="bbox 81 1591 2351 1653; baseline -0.001 -14"><span class='ocrx_word' id='word_1_253' title='bbox 81 1593 195 1650; x_wconf 75' lang='lat' dir='ltr'>(AD,</span> <span class='ocrx_word' id='word_1_254' title='bbox 226 1592 340 1649; x_wconf 88' lang='lat' dir='ltr'>AB),</span> <span class='ocrx_word' id='word_1_255' title='bbox 370 1596 422 1646; x_wconf 88' lang='lat' dir='ltr'>ut</span> <span class='ocrx_word' id='word_1_256' title='bbox 458 1591 793 1647; x_wconf 88' lang='lat' dir='ltr'>logarithmum,</span> <span class='ocrx_word' id='word_1_257' title='bbox 834 1607 1027 1653; x_wconf 84' lang='lat' dir='ltr'>excerpe</span> <span class='ocrx_word' id='word_1_258' title='bbox 1073 1594 1242 1642; x_wconf 82' lang='lat' dir='ltr'>arcum.</span> <span class='ocrx_word' id='word_1_259' title='bbox 1307 1597 1419 1642; x_wconf 85' lang='lat' dir='ltr'>Cum</span> <span class='ocrx_word' id='word_1_260' title='bbox 1456 1596 1597 1653; x_wconf 86' lang='lat' dir='ltr'>igitur</span> <span class='ocrx_word' id='word_1_261' title='bbox 1638 1595 1830 1651; x_wconf 87' lang='lat' dir='ltr'>angulus</span> <span class='ocrx_word' id='word_1_262' title='bbox 1862 1594 2007 1647; x_wconf 87' lang='lat' dir='ltr'>AOD,</span> <span class='ocrx_word' id='word_1_263' title='bbox 2040 1593 2351 1650; x_wconf 87' lang='lat' dir='ltr'>quaesitorum</span> 
     </span>
     <span class='ocr_line' id='line_1_23' title="bbox 62 1658 2351 1718; baseline -0.001 -13"><span class='ocrx_word' id='word_1_264' title='bbox 62 1673 222 1715; x_wconf 76' lang='grc'><strong>1111118,</strong></span> <span class='ocrx_word' id='word_1_265' title='bbox 270 1660 329 1704; x_wconf 89' lang='lat' dir='ltr'>sit</span> <span class='ocrx_word' id='word_1_266' title='bbox 370 1664 495 1703; x_wconf 91' lang='lat' dir='ltr'>certo</span> <span class='ocrx_word' id='word_1_267' title='bbox 536 1659 684 1704; x_wconf 89' lang='lat' dir='ltr'>minor</span> <span class='ocrx_word' id='word_1_268' title='bbox 725 1661 1055 1718; x_wconf 90' lang='lat' dir='ltr'>complemento</span> <span class='ocrx_word' id='word_1_269' title='bbox 1095 1663 1234 1718; x_wconf 84' lang='lat' dir='ltr'>hujus</span> <span class='ocrx_word' id='word_1_270' title='bbox 1277 1676 1410 1708; x_wconf 89' lang='lat' dir='ltr'>arcus</span> <span class='ocrx_word' id='word_1_271' title='bbox 1457 1662 1515 1707; x_wconf 89' lang='lat' dir='ltr'>ad</span> <span class='ocrx_word' id='word_1_272' title='bbox 1555 1660 1876 1717; x_wconf 88' lang='lat' dir='ltr'>quadrantem,</span> <span class='ocrx_word' id='word_1_273' title='bbox 1926 1671 2046 1716; x_wconf 90' lang='lat' dir='ltr'>pone</span> <span class='ocrx_word' id='word_1_274' title='bbox 2086 1658 2209 1703; x_wconf 91' lang='lat' dir='ltr'>hunc</span> <span class='ocrx_word' id='word_1_275' title='bbox 2251 1671 2351 1704; x_wconf 90' lang='lat' dir='ltr'>esse</span> 
     </span>
    </p>

    <p class='ocr_par' dir='ltr' id='par_1_6' title="bbox 51 1720 2351 1785">
     <span class='ocr_line' id='line_1_24' title="bbox 51 1720 2351 1785; baseline 0 -14"><span class='ocrx_word' id='word_1_276' title='bbox 51 1724 263 1781; x_wconf 84' lang='lat' dir='ltr'>-notum,</span> <span class='ocrx_word' id='word_1_277' title='bbox 296 1737 437 1782; x_wconf 87' lang='lat' dir='ltr'>pone,</span> <span class='ocrx_word' id='word_1_278' title='bbox 469 1724 676 1781; x_wconf 88' lang='lat' dir='ltr'>inquam,</span> <span class='ocrx_word' id='word_1_279' title='bbox 722 1727 870 1771; x_wconf 82' lang='lat' dir='ltr'>minus</span> <span class='ocrx_word' id='word_1_280' title='bbox 908 1726 1081 1783; x_wconf 86' lang='lat' dir='ltr'>aliquid</span> <span class='ocrx_word' id='word_1_281' title='bbox 1110 1727 1189 1771; x_wconf 92' lang='lat' dir='ltr'>illo</span> <span class='ocrx_word' id='word_1_282' title='bbox 1222 1720 1572 1785; x_wconf 85' lang='lat' dir='ltr'>complemento.&#39;</span> <span class='ocrx_word' id='word_1_283' title='bbox 1629 1727 1798 1773; x_wconf 87' lang='lat' dir='ltr'>Ablata</span> <span class='ocrx_word' id='word_1_284' title='bbox 1827 1727 1965 1782; x_wconf 85' lang='lat' dir='ltr'>igitur</span> <span class='ocrx_word' id='word_1_285' title='bbox 2004 1725 2231 1782; x_wconf 86' lang='lat' dir='ltr'>positione</span> <span class='ocrx_word' id='word_1_286' title='bbox 2262 1727 2351 1772; x_wconf 89' lang='lat' dir='ltr'>hac</span> 
     </span>
    </p>

    <p class='ocr_par' dir='ltr' id='par_1_7' title="bbox 79 1790 2351 1849">
     <span class='ocr_line' id='line_1_25' title="bbox 79 1790 2351 1849; baseline 0 -13"><span class='ocrx_word' id='word_1_287' title='bbox 79 1803 108 1836; x_wconf 77' lang='lat' dir='ltr'>a</span> <span class='ocrx_word' id='word_1_288' title='bbox 135 1803 312 1836; x_wconf 87' lang='lat' dir='ltr'>summa</span> <span class='ocrx_word' id='word_1_289' title='bbox 352 1790 621 1846; x_wconf 83' lang='lat' dir='ltr'>angulorum</span> <span class='ocrx_word' id='word_1_290' title='bbox 654 1793 707 1841; x_wconf 86' lang='lat' dir='ltr'>C,</span> <span class='ocrx_word' id='word_1_291' title='bbox 752 1794 794 1837; x_wconf 93' lang='lat' dir='ltr'>D</span> <span class='ocrx_word' id='word_1_292' title='bbox 826 1793 920 1849; x_wconf 90' lang='lat' dir='ltr'>(qui</span> <span class='ocrx_word' id='word_1_293' title='bbox 963 1805 1065 1837; x_wconf 90' lang='lat' dir='ltr'>cum</span> <span class='ocrx_word' id='word_1_294' title='bbox 1097 1793 1216 1838; x_wconf 88' lang='lat' dir='ltr'>CAD</span> <span class='ocrx_word' id='word_1_295' title='bbox 1259 1799 1368 1838; x_wconf 90' lang='lat' dir='ltr'>noto</span> <span class='ocrx_word' id='word_1_296' title='bbox 1400 1793 1575 1839; x_wconf 84' lang='lat' dir='ltr'>faciunt</span> <span class='ocrx_word' id='word_1_297' title='bbox 1619 1793 1734 1838; x_wconf 91' lang='lat' dir='ltr'>duos</span> <span class='ocrx_word' id='word_1_298' title='bbox 1774 1792 1956 1848; x_wconf 87' lang='lat' dir='ltr'>rectos),</span> <span class='ocrx_word' id='word_1_299' title='bbox 1994 1791 2226 1835; x_wconf 89' lang='lat' dir='ltr'>residuum</span> <span class='ocrx_word' id='word_1_300' title='bbox 2266 1794 2351 1836; x_wconf 89' lang='lat' dir='ltr'>erit</span> 
     </span>
    </p>

    <p class='ocr_par' dir='ltr' id='par_1_8' title="bbox 21 1851 2350 1916">
     <span class='ocr_line' id='line_1_26' title="bbox 21 1851 2350 1916; baseline 0 -13"><span class='ocrx_word' id='word_1_301' title='bbox 21 1851 33 1866; x_wconf 68' lang='lat'>⁵</span> <span class='ocrx_word' id='word_1_302' title='bbox 55 1854 295 1912; x_wconf 69' lang='lat' dir='ltr'>-tanquam</span> <span class='ocrx_word' id='word_1_303' title='bbox 335 1854 528 1910; x_wconf 89' lang='lat' dir='ltr'>angulus</span> <span class='ocrx_word' id='word_1_304' title='bbox 551 1856 604 1900; x_wconf 94' lang='lat' dir='ltr'>D.</span> <span class='ocrx_word' id='word_1_305' title='bbox 666 1857 815 1913; x_wconf 88' lang='lat' dir='ltr'>Hujus</span> <span class='ocrx_word' id='word_1_306' title='bbox 840 1870 947 1912; x_wconf 90' lang='lat' dir='ltr'>ergo</span> <span class='ocrx_word' id='word_1_307' title='bbox 969 1858 1285 1913; x_wconf 87' lang='lat' dir='ltr'>logarithmum</span> <span class='ocrx_word' id='word_1_308' title='bbox 1318 1859 1435 1904; x_wconf 87' lang='lat' dir='ltr'>adde</span> <span class='ocrx_word' id='word_1_309' title='bbox 1457 1859 1515 1903; x_wconf 92' lang='lat' dir='ltr'>ad</span> <span class='ocrx_word' id='word_1_310' title='bbox 1535 1859 1875 1916; x_wconf 90' lang='lat' dir='ltr'>proportionem</span> <span class='ocrx_word' id='word_1_311' title='bbox 1898 1859 2129 1913; x_wconf 89' lang='lat' dir='ltr'>minorem,</span> <span class='ocrx_word' id='word_1_312' title='bbox 2162 1871 2350 1912; x_wconf 91' lang='lat' dir='ltr'>summa,</span> 
     </span>
    </p>

    <p class='ocr_par' dir='ltr' id='par_1_9' title="bbox 47 1920 2349 1980">
     <span class='ocr_line' id='line_1_27' title="bbox 47 1920 2349 1980; baseline 0.001 -14"><span class='ocrx_word' id='word_1_313' title='bbox 47 1966 50 1972; x_wconf 80' lang='grc'><em>,</em></span> <span class='ocrx_word' id='word_1_314' title='bbox 80 1925 132 1966; x_wconf 77' lang='lat' dir='ltr'>ut</span> <span class='ocrx_word' id='word_1_315' title='bbox 157 1920 474 1977; x_wconf 87' lang='lat' dir='ltr'>logarithmus,</span> <span class='ocrx_word' id='word_1_316' title='bbox 507 1921 742 1968; x_wconf 85' lang='lat' dir='ltr'>exhibebit</span> <span class='ocrx_word' id='word_1_317' title='bbox 772 1923 914 1968; x_wconf 87' lang='lat' dir='ltr'>veluti</span> <span class='ocrx_word' id='word_1_318' title='bbox 945 1922 1159 1979; x_wconf 87' lang='lat' dir='ltr'>angulum</span> <span class='ocrx_word' id='word_1_319' title='bbox 1191 1924 1247 1968; x_wconf 88' lang='grc' dir='ltr'>Β.</span> <span class='ocrx_word' id='word_1_320' title='bbox 1297 1923 1397 1968; x_wconf 91' lang='grc' dir='ltr'>Ηο0</span> <span class='ocrx_word' id='word_1_321' title='bbox 1418 1937 1526 1968; x_wconf 91' lang='lat' dir='ltr'>vero</span> <span class='ocrx_word' id='word_1_322' title='bbox 1558 1923 1710 1968; x_wconf 89' lang='lat' dir='ltr'>ablato</span> <span class='ocrx_word' id='word_1_323' title='bbox 1742 1937 1770 1968; x_wconf 89' lang='lat' dir='ltr'>a</span> <span class='ocrx_word' id='word_1_324' title='bbox 1792 1937 1969 1969; x_wconf 87' lang='lat' dir='ltr'>summa</span> <span class='ocrx_word' id='word_1_325' title='bbox 1998 1923 2189 1968; x_wconf 91' lang='lat' dir='ltr'>duorum</span> <span class='ocrx_word' id='word_1_326' title='bbox 2209 1925 2260 1980; x_wconf 90' lang='lat' dir='ltr'>B,</span> <span class='ocrx_word' id='word_1_327' title='bbox 2293 1925 2349 1976; x_wconf 85' lang='grc' dir='ltr'>Ε,</span> 
     </span>
    </p>

    <p class='ocr_par' dir='ltr' id='par_1_10' title="bbox 55 1986 2347 2054">
     <span class='ocr_line' id='line_1_28' title="bbox 55 1986 2347 2054; baseline 0.001 -22"><span class='ocrx_word' id='word_1_328' title='bbox 55 1987 359 2054; x_wconf 19' lang='lat' dir='ltr'>(relinquetur</span> <span class='ocrx_word' id='word_1_329' title='bbox 404 1986 535 2044; x_wconf 87' lang='lat' dir='ltr'>quasi</span> <span class='ocrx_word' id='word_1_330' title='bbox 575 1988 770 2045; x_wconf 90' lang='lat' dir='ltr'>angulus</span> <span class='ocrx_word' id='word_1_331' title='bbox 809 1989 864 2033; x_wconf 89' lang='lat' dir='ltr'>E.</span> <span class='ocrx_word' id='word_1_332' title='bbox 933 1988 1083 2045; x_wconf 83' lang='lat' dir='ltr'>Hujus</span> <span class='ocrx_word' id='word_1_333' title='bbox 1122 1989 1263 2047; x_wconf 89' lang='lat' dir='ltr'>igitur</span> <span class='ocrx_word' id='word_1_334' title='bbox 1301 1990 1626 2045; x_wconf 82' lang='lat' dir='ltr'>logarithmum</span> <span class='ocrx_word' id='word_1_335' title='bbox 1680 1989 1796 2034; x_wconf 87' lang='lat' dir='ltr'>adde</span> <span class='ocrx_word' id='word_1_336' title='bbox 1830 1990 2124 2046; x_wconf 84' lang='lat' dir='ltr'>proportioni</span> <span class='ocrx_word' id='word_1_337' title='bbox 2161 1989 2347 2046; x_wconf 85' lang='lat' dir='ltr'>majori:</span> 
     </span>
    </p>

    <p class='ocr_par' dir='ltr' id='par_1_11' title="bbox 28 2052 2350 2114">
     <span class='ocr_line' id='line_1_29' title="bbox 28 2052 2350 2114; baseline 0.001 -17"><span class='ocrx_word' id='word_1_338' title='bbox 28 2075 40 2089; x_wconf 90' lang='lat'><strong>·</strong></span> <span class='ocrx_word' id='word_1_339' title='bbox 63 2058 274 2109; x_wconf 45' lang='lat' dir='ltr'>summa,</span> <span class='ocrx_word' id='word_1_340' title='bbox 307 2058 361 2098; x_wconf 89' lang='lat' dir='ltr'>ut</span> <span class='ocrx_word' id='word_1_341' title='bbox 388 2052 703 2109; x_wconf 82' lang='lat' dir='ltr'>logarithmuS,</span> <span class='ocrx_word' id='word_1_342' title='bbox 735 2054 968 2100; x_wconf 88' lang='lat' dir='ltr'>exhibebit</span> <span class='ocrx_word' id='word_1_343' title='bbox 1000 2054 1214 2112; x_wconf 88' lang='lat' dir='ltr'>angulum</span> <span class='ocrx_word' id='word_1_344' title='bbox 1249 2055 1282 2100; x_wconf 85' lang='lat' dir='ltr'>C</span> <span class='ocrx_word' id='word_1_345' title='bbox 1314 2055 1656 2113; x_wconf 86' lang='lat' dir='ltr'>correctiorem,</span> <span class='ocrx_word' id='word_1_346' title='bbox 1702 2069 1835 2113; x_wconf 89' lang='lat' dir='ltr'>quam</span> <span class='ocrx_word' id='word_1_347' title='bbox 1868 2062 1967 2102; x_wconf 91' lang='lat' dir='ltr'>erat</span> <span class='ocrx_word' id='word_1_348' title='bbox 1995 2056 2124 2101; x_wconf 92' lang='lat' dir='ltr'>initio</span> <span class='ocrx_word' id='word_1_349' title='bbox 2154 2057 2350 2114; x_wconf 89' lang='lat' dir='ltr'>positus.</span> 
     </span>
    </p>

    <p class='ocr_par' dir='ltr' id='par_1_12' title="bbox 77 2118 2350 2179">
     <span class='ocr_line' id='line_1_30' title="bbox 77 2118 2350 2179; baseline 0 -13"><span class='ocrx_word' id='word_1_350' title='bbox 77 2118 147 2166; x_wconf 66' lang='lat' dir='ltr'>Ab</span> <span class='ocrx_word' id='word_1_351' title='bbox 175 2120 263 2165; x_wconf 91' lang='lat' dir='ltr'>hoc</span> <span class='ocrx_word' id='word_1_352' title='bbox 296 2120 436 2176; x_wconf 89' lang='lat' dir='ltr'>igitur</span> <span class='ocrx_word' id='word_1_353' title='bbox 465 2119 634 2176; x_wconf 90' lang='lat' dir='ltr'>angulo</span> <span class='ocrx_word' id='word_1_354' title='bbox 668 2121 715 2177; x_wconf 77' lang='lat' dir='ltr'>G,</span> <span class='ocrx_word' id='word_1_355' title='bbox 743 2121 841 2178; x_wconf 90' lang='lat' dir='ltr'>jam</span> <span class='ocrx_word' id='word_1_356' title='bbox 873 2122 1149 2179; x_wconf 84' lang='lat' dir='ltr'>correctiori,</span> <span class='ocrx_word' id='word_1_357' title='bbox 1197 2127 1415 2178; x_wconf 84' lang='lat' dir='ltr'>tanquam</span> <span class='ocrx_word' id='word_1_358' title='bbox 1447 2136 1474 2167; x_wconf 91' lang='lat' dir='ltr'>a</span> <span class='ocrx_word' id='word_1_359' title='bbox 1505 2134 1622 2166; x_wconf 89' lang='lat' dir='ltr'>nova</span> <span class='ocrx_word' id='word_1_360' title='bbox 1650 2121 1879 2179; x_wconf 84' lang='lat' dir='ltr'>positione</span> <span class='ocrx_word' id='word_1_361' title='bbox 1915 2121 2138 2178; x_wconf 88' lang='lat' dir='ltr'>repetitus</span> <span class='ocrx_word' id='word_1_362' title='bbox 2168 2134 2350 2179; x_wconf 90' lang='lat' dir='ltr'>proces-</span> 
     </span>
    </p>

    <p class='ocr_par' dir='ltr' id='par_1_13' title="bbox 64 2185 2351 2245">
     <span class='ocr_line' id='line_1_31' title="bbox 64 2185 2351 2245; baseline 0 -15"><span class='ocrx_word' id='word_1_363' title='bbox 64 2194 156 2231; x_wconf 71' lang='lat' dir='ltr'>nus</span> <span class='ocrx_word' id='word_1_364' title='bbox 185 2185 333 2230; x_wconf 87' lang='lat' dir='ltr'>exibit</span> <span class='ocrx_word' id='word_1_365' title='bbox 366 2185 412 2229; x_wconf 91' lang='lat' dir='ltr'>in</span> <span class='ocrx_word' id='word_1_366' title='bbox 445 2185 773 2231; x_wconf 89' lang='lat' dir='ltr'>correctionem</span> <span class='ocrx_word' id='word_1_367' title='bbox 803 2187 1051 2232; x_wconf 88' lang='lat' dir='ltr'>secundam</span> <span class='ocrx_word' id='word_1_368' title='bbox 1082 2187 1336 2244; x_wconf 87' lang='lat' dir='ltr'>positionis.</span> <span class='ocrx_word' id='word_1_369' title='bbox 1394 2187 1476 2235; x_wconf 85' lang='lat' dir='ltr'>Bis</span> <span class='ocrx_word' id='word_1_370' title='bbox 1508 2200 1615 2233; x_wconf 86' lang='lat' dir='ltr'>vero</span> <span class='ocrx_word' id='word_1_371' title='bbox 1664 2194 1870 2232; x_wconf 84' lang='lat' dir='ltr'>correcta</span> <span class='ocrx_word' id='word_1_372' title='bbox 1900 2187 2152 2245; x_wconf 87' lang='lat' dir='ltr'>positione,</span> <span class='ocrx_word' id='word_1_373' title='bbox 2197 2188 2351 2232; x_wconf 88' lang='lat' dir='ltr'>statim</span> 
     </span>
    </p>

    <p class='ocr_par' dir='ltr' id='par_1_14' title="bbox 2 2251 2351 2374">
     <span class='ocr_line' id='line_1_32' title="bbox 2 2251 2351 2316; baseline 0 -18"><span class='ocrx_word' id='word_1_374' title='bbox 2 2307 3 2316; x_wconf 11' lang='grc' dir='ltr'>ἵ</span> <span class='ocrx_word' id='word_1_375' title='bbox 39 2292 44 2298; x_wconf 90' lang='grc'><em>.</em></span> <span class='ocrx_word' id='word_1_376' title='bbox 76 2252 316 2310; x_wconf 61' lang='lat' dir='ltr'>upparebit</span> <span class='ocrx_word' id='word_1_377' title='bbox 349 2251 571 2308; x_wconf 82' lang='lat' dir='ltr'>analogia,</span> <span class='ocrx_word' id='word_1_378' title='bbox 603 2265 720 2308; x_wconf 91' lang='lat' dir='ltr'>quae</span> <span class='ocrx_word' id='word_1_379' title='bbox 753 2252 890 2309; x_wconf 88' lang='lat' dir='ltr'>ducet</span> <span class='ocrx_word' id='word_1_380' title='bbox 921 2253 980 2298; x_wconf 87' lang='lat' dir='ltr'>ad</span> <span class='ocrx_word' id='word_1_381' title='bbox 1009 2253 1314 2298; x_wconf 86' lang='lat' dir='ltr'>minutissima</span> <span class='ocrx_word' id='word_1_382' title='bbox 1344 2252 1627 2311; x_wconf 89' lang='lat' dir='ltr'>corrigenda.</span> <span class='ocrx_word' id='word_1_383' title='bbox 1689 2252 1903 2297; x_wconf 87' lang='lat' dir='ltr'>Correcto</span> <span class='ocrx_word' id='word_1_384' title='bbox 1926 2252 2092 2309; x_wconf 88' lang='lat' dir='ltr'>angulo</span> <span class='ocrx_word' id='word_1_385' title='bbox 2116 2254 2150 2298; x_wconf 86' lang='lat' dir='ltr'>C</span> <span class='ocrx_word' id='word_1_386' title='bbox 2180 2258 2227 2298; x_wconf 88' lang='lat' dir='ltr'>et</span> <span class='ocrx_word' id='word_1_387' title='bbox 2249 2266 2351 2298; x_wconf 90' lang='lat' dir='ltr'>cum</span> 
     </span>
     <span class='ocr_line' id='line_1_33' title="bbox 4 2317 1978 2374; baseline 0.001 -11"><span class='ocrx_word' id='word_1_388' title='bbox 4 2367 5 2370; x_wconf 8' lang='grc' dir='ltr'><strong>Ἴ</strong></span> <span class='ocrx_word' id='word_1_389' title='bbox 66 2319 132 2371; x_wconf 70' lang='lat' dir='ltr'>[ob</span> <span class='ocrx_word' id='word_1_390' title='bbox 160 2317 295 2363; x_wconf 82' lang='lat' dir='ltr'>etiam</span> <span class='ocrx_word' id='word_1_391' title='bbox 324 2317 381 2371; x_wconf 90' lang='lat' dir='ltr'>E,</span> <span class='ocrx_word' id='word_1_392' title='bbox 413 2317 467 2369; x_wconf 90' lang='lat' dir='ltr'>D,</span> <span class='ocrx_word' id='word_1_393' title='bbox 499 2317 551 2372; x_wconf 90' lang='lat' dir='ltr'>B,</span> <span class='ocrx_word' id='word_1_394' title='bbox 582 2330 665 2374; x_wconf 91' lang='lat' dir='ltr'>per</span> <span class='ocrx_word' id='word_1_395' title='bbox 695 2317 1053 2364; x_wconf 88' lang='lat' dir='ltr'>subtractionem</span> <span class='ocrx_word' id='word_1_396' title='bbox 1085 2318 1119 2363; x_wconf 85' lang='lat' dir='ltr'>C</span> <span class='ocrx_word' id='word_1_397' title='bbox 1150 2317 1207 2363; x_wconf 89' lang='lat' dir='ltr'>ab</span> <span class='ocrx_word' id='word_1_398' title='bbox 1239 2317 1280 2362; x_wconf 90' lang='lat' dir='ltr'>E</span> <span class='ocrx_word' id='word_1_399' title='bbox 1310 2318 1508 2363; x_wconf 84' lang='lat' dir='ltr'>habetur</span> <span class='ocrx_word' id='word_1_400' title='bbox 1539 2322 1585 2362; x_wconf 88' lang='lat' dir='ltr'>et</span> <span class='ocrx_word' id='word_1_401' title='bbox 1616 2317 1812 2372; x_wconf 89' lang='lat' dir='ltr'>angulus</span> <span class='ocrx_word' id='word_1_402' title='bbox 1846 2318 1978 2364; x_wconf 87' lang='lat' dir='ltr'>OAE.</span> 
     </span>
    </p>
   </div>
   <div class='ocr_carea' id='block_1_3' title="bbox 68 2382 2420 2443">
    <p class='ocr_par' dir='ltr' id='par_1_15' title="bbox 68 2382 2420 2443">
     <span class='ocr_line' id='line_1_34' title="bbox 68 2382 2420 2443; baseline 0.002 -19"><span class='ocrx_word' id='word_1_403' title='bbox 68 2396 110 2424; x_wconf 49' lang='grc' dir='ltr'>μ’</span> <span class='ocrx_word' id='word_1_404' title='bbox 259 2382 332 2426; x_wconf 87' lang='lat' dir='ltr'>Ita</span> <span class='ocrx_word' id='word_1_405' title='bbox 360 2382 588 2439; x_wconf 90' lang='lat' dir='ltr'>positione</span> <span class='ocrx_word' id='word_1_406' title='bbox 631 2383 766 2428; x_wconf 89' lang='lat' dir='ltr'>unius</span> <span class='ocrx_word' id='word_1_407' title='bbox 805 2383 862 2427; x_wconf 92' lang='lat' dir='ltr'>de</span> <span class='ocrx_word' id='word_1_408' title='bbox 894 2390 1090 2439; x_wconf 86' lang='lat' dir='ltr'>quatuor</span> <span class='ocrx_word' id='word_1_409' title='bbox 1130 2382 1335 2440; x_wconf 85' lang='lat' dir='ltr'>angulis,</span> <span class='ocrx_word' id='word_1_410' title='bbox 1383 2382 1461 2439; x_wconf 89' lang='lat' dir='ltr'>qui</span> <span class='ocrx_word' id='word_1_411' title='bbox 1492 2383 1851 2443; x_wconf 86' lang='lat' dir='ltr'>quaerebantur,</span> <span class='ocrx_word' id='word_1_412' title='bbox 1900 2384 2349 2443; x_wconf 88' lang='lat' dir='ltr'>compendiosissime</span> <span class='ocrx_word' id='word_1_413' title='bbox 2414 2432 2420 2439; x_wconf 33' lang='grc' dir='ltr'><em>Ι</em></span> 
     </span>
    </p>
   </div>
   <div class='ocr_carea' id='block_1_4' title="bbox 0 2447 2349 2910">
    <p class='ocr_par' dir='ltr' id='par_1_16' title="bbox 0 2447 2349 2910">
     <span class='ocr_line' id='line_1_35' title="bbox 79 2447 2348 2509; baseline -0 -14"><span class='ocrx_word' id='word_1_414' title='bbox 79 2448 255 2495; x_wconf 67' lang='lat' dir='ltr'>venitur</span> <span class='ocrx_word' id='word_1_415' title='bbox 294 2447 352 2492; x_wconf 88' lang='lat' dir='ltr'>ad</span> <span class='ocrx_word' id='word_1_416' title='bbox 382 2447 699 2493; x_wconf 90' lang='lat' dir='ltr'>certitudinem</span> <span class='ocrx_word' id='word_1_417' title='bbox 732 2450 930 2494; x_wconf 89' lang='lat' dir='ltr'>omnium</span> <span class='ocrx_word' id='word_1_418' title='bbox 961 2456 1172 2506; x_wconf 83' lang='lat' dir='ltr'>quatuor.</span> <span class='ocrx_word' id='word_1_419' title='bbox 1216 2450 1339 2506; x_wconf 92' lang='lat' dir='ltr'>quod</span> <span class='ocrx_word' id='word_1_420' title='bbox 1371 2450 1489 2495; x_wconf 90' lang='lat' dir='ltr'>citra</span> <span class='ocrx_word' id='word_1_421' title='bbox 1518 2449 1893 2506; x_wconf 87' lang='lat' dir='ltr'>logarithmorum</span> <span class='ocrx_word' id='word_1_422' title='bbox 1925 2464 2110 2509; x_wconf 90' lang='lat' dir='ltr'>operam</span> <span class='ocrx_word' id='word_1_423' title='bbox 2140 2450 2348 2495; x_wconf 83' lang='lat' dir='ltr'>fortassis</span> 
     </span>
     <span class='ocr_line' id='line_1_36' title="bbox 0 2508 2022 2576; baseline -0.001 -14"><span class='ocrx_word' id='word_1_424' title='bbox 0 2511 1 2527; x_wconf 61' lang='lat'>¹</span> <span class='ocrx_word' id='word_1_425' title='bbox 70 2508 161 2576; x_wconf 54' lang='grc' dir='ltr'>’μὴ</span> <span class='ocrx_word' id='word_1_426' title='bbox 185 2514 471 2571; x_wconf 87' lang='lat' dir='ltr'>impossibile</span> <span class='ocrx_word' id='word_1_427' title='bbox 501 2513 667 2559; x_wconf 88' lang='lat' dir='ltr'>fuisset</span> <span class='ocrx_word' id='word_1_428' title='bbox 697 2521 776 2560; x_wconf 80' lang='lat' dir='ltr'>aut</span> <span class='ocrx_word' id='word_1_429' title='bbox 806 2514 975 2560; x_wconf 87' lang='lat' dir='ltr'>laboris</span> <span class='ocrx_word' id='word_1_430' title='bbox 1005 2515 1226 2560; x_wconf 89' lang='lat' dir='ltr'>immensi.</span> <span class='ocrx_word' id='word_1_431' title='bbox 2020 2526 2022 2529; x_wconf 83' lang='lat'>·</span> 
     </span>
     <span class='ocr_line' id='line_1_37' title="bbox 83 2579 2349 2642; baseline 0 -18"><span class='ocrx_word' id='word_1_432' title='bbox 83 2635 91 2642; x_wconf 40' lang='lat'><strong>·</strong></span> <span class='ocrx_word' id='word_1_433' title='bbox 251 2580 351 2624; x_wconf 89' lang='lat' dir='ltr'>Etsi</span> <span class='ocrx_word' id='word_1_434' title='bbox 380 2592 486 2625; x_wconf 86' lang='lat' dir='ltr'>vero</span> <span class='ocrx_word' id='word_1_435' title='bbox 519 2593 631 2625; x_wconf 90' lang='lat' dir='ltr'>usus</span> <span class='ocrx_word' id='word_1_436' title='bbox 662 2581 898 2638; x_wconf 86' lang='lat' dir='ltr'>praecepti</span> <span class='ocrx_word' id='word_1_437' title='bbox 929 2581 1067 2637; x_wconf 89' lang='lat' dir='ltr'>hujus</span> <span class='ocrx_word' id='word_1_438' title='bbox 1098 2581 1147 2625; x_wconf 90' lang='lat' dir='ltr'>in</span> <span class='ocrx_word' id='word_1_439' title='bbox 1177 2581 1247 2626; x_wconf 91' lang='lat' dir='ltr'>his</span> <span class='ocrx_word' id='word_1_440' title='bbox 1278 2579 1447 2626; x_wconf 90' lang='lat' dir='ltr'>tabulis</span> <span class='ocrx_word' id='word_1_441' title='bbox 1479 2581 1690 2637; x_wconf 89' lang='lat' dir='ltr'>specialis</span> <span class='ocrx_word' id='word_1_442' title='bbox 1721 2587 1792 2628; x_wconf 91' lang='lat' dir='ltr'>est</span> <span class='ocrx_word' id='word_1_443' title='bbox 1836 2582 1883 2627; x_wconf 90' lang='lat' dir='ltr'>in</span> <span class='ocrx_word' id='word_1_444' title='bbox 1916 2581 2193 2628; x_wconf 89' lang='lat' dir='ltr'>stationibus</span> <span class='ocrx_word' id='word_1_445' title='bbox 2222 2579 2349 2625; x_wconf 89' lang='lat' dir='ltr'>inda·</span> 
     </span>
     <span class='ocr_line' id='line_1_38' title="bbox 10 2644 2347 2706; baseline -0.001 -15"><span class='ocrx_word' id='word_1_446' title='bbox 10 2677 17 2706; x_wconf 31' lang='lat'>,2</span> <span class='ocrx_word' id='word_1_447' title='bbox 76 2644 251 2705; x_wconf 57' lang='lat' dir='ltr'>fiendis,</span> <span class='ocrx_word' id='word_1_448' title='bbox 282 2654 334 2691; x_wconf 91' lang='lat' dir='ltr'>ut</span> <span class='ocrx_word' id='word_1_449' title='bbox 363 2647 598 2704; x_wconf 88' lang='lat' dir='ltr'>praefatus</span> <span class='ocrx_word' id='word_1_450' title='bbox 631 2660 745 2702; x_wconf 86' lang='lat' dir='ltr'>sum,</span> <span class='ocrx_word' id='word_1_451' title='bbox 778 2647 936 2692; x_wconf 89' lang='lat' dir='ltr'>censui</span> <span class='ocrx_word' id='word_1_452' title='bbox 967 2652 1131 2702; x_wconf 89' lang='lat' dir='ltr'>tamen,</span> <span class='ocrx_word' id='word_1_453' title='bbox 1163 2645 1511 2703; x_wconf 86' lang='lat' dir='ltr'>proponendum</span> <span class='ocrx_word' id='word_1_454' title='bbox 1541 2646 1629 2691; x_wconf 92' lang='lat' dir='ltr'>hoc</span> <span class='ocrx_word' id='word_1_455' title='bbox 1659 2646 1759 2691; x_wconf 90' lang='lat' dir='ltr'>loco</span> <span class='ocrx_word' id='word_1_456' title='bbox 1781 2647 2068 2702; x_wconf 91' lang='lat' dir='ltr'>generaliter,</span> <span class='ocrx_word' id='word_1_457' title='bbox 2102 2645 2207 2701; x_wconf 90' lang='lat' dir='ltr'>quia</span> <span class='ocrx_word' id='word_1_458' title='bbox 2237 2658 2347 2691; x_wconf 90' lang='lat' dir='ltr'>usus</span> 
     </span>
     <span class='ocr_line' id='line_1_39' title="bbox 10 2710 2348 2770; baseline -0.001 -13"><span class='ocrx_word' id='word_1_459' title='bbox 10 2724 20 2742; x_wconf 51' lang='lat'>2*</span> <span class='ocrx_word' id='word_1_460' title='bbox 80 2710 177 2770; x_wconf 59' lang='lat' dir='ltr'>§ius</span> <span class='ocrx_word' id='word_1_461' title='bbox 208 2712 344 2757; x_wconf 88' lang='lat' dir='ltr'>etiam</span> <span class='ocrx_word' id='word_1_462' title='bbox 382 2713 429 2757; x_wconf 93' lang='lat' dir='ltr'>in</span> <span class='ocrx_word' id='word_1_463' title='bbox 461 2712 563 2757; x_wconf 89' lang='lat' dir='ltr'>aliis</span> <span class='ocrx_word' id='word_1_464' title='bbox 595 2713 1012 2770; x_wconf 79' lang='lat' dir='ltr'>computationibus</span> <span class='ocrx_word' id='word_1_465' title='bbox 1051 2725 1153 2757; x_wconf 87' lang='lat' dir='ltr'>esse</span> <span class='ocrx_word' id='word_1_466' title='bbox 1184 2712 1373 2768; x_wconf 90' lang='lat' dir='ltr'>poterit,</span> <span class='ocrx_word' id='word_1_467' title='bbox 1420 2718 1468 2758; x_wconf 86' lang='lat' dir='ltr'>et</span> <span class='ocrx_word' id='word_1_468' title='bbox 1498 2713 1606 2768; x_wconf 87' lang='lat' dir='ltr'>quia</span> <span class='ocrx_word' id='word_1_469' title='bbox 1637 2711 1896 2768; x_wconf 84' lang='lat' dir='ltr'>exemplum</span> <span class='ocrx_word' id='word_1_470' title='bbox 1927 2712 2100 2768; x_wconf 86' lang='lat' dir='ltr'>ipsum,</span> <span class='ocrx_word' id='word_1_471' title='bbox 2133 2710 2348 2755; x_wconf 90' lang='lat' dir='ltr'>abutendi</span> 
     </span>
     <span class='ocr_line' id='line_1_40' title="bbox 12 2772 2347 2836; baseline -0.003 -9"><span class='ocrx_word' id='word_1_472' title='bbox 12 2777 15 2827; x_wconf 77' lang='grc' dir='ltr'>ἰ</span> <span class='ocrx_word' id='word_1_473' title='bbox 80 2772 360 2834; x_wconf 71' lang='lat' dir='ltr'>bgarithmis</span> <span class='ocrx_word' id='word_1_474' title='bbox 391 2778 449 2823; x_wconf 90' lang='lat' dir='ltr'>ad</span> <span class='ocrx_word' id='word_1_475' title='bbox 482 2779 770 2836; x_wconf 89' lang='lat' dir='ltr'>operationes</span> <span class='ocrx_word' id='word_1_476' title='bbox 801 2778 917 2824; x_wconf 89' lang='lat' dir='ltr'>tales</span> <span class='ocrx_word' id='word_1_477' title='bbox 948 2777 1282 2834; x_wconf 78' lang='lat' dir='ltr'>inartificiales,</span> <span class='ocrx_word' id='word_1_478' title='bbox 1324 2777 1381 2823; x_wconf 90' lang='lat' dir='ltr'>de</span> <span class='ocrx_word' id='word_1_479' title='bbox 1411 2777 1618 2835; x_wconf 89' lang='lat' dir='ltr'>pluribus</span> <span class='ocrx_word' id='word_1_480' title='bbox 1651 2778 1752 2823; x_wconf 90' lang='lat' dir='ltr'>aliis</span> <span class='ocrx_word' id='word_1_481' title='bbox 1785 2777 2001 2823; x_wconf 89' lang='lat' dir='ltr'>affinibus</span> <span class='ocrx_word' id='word_1_482' title='bbox 2047 2778 2194 2834; x_wconf 88' lang='lat' dir='ltr'>deque</span> <span class='ocrx_word' id='word_1_483' title='bbox 2225 2775 2347 2833; x_wconf 89' lang='lat' dir='ltr'>loga-</span> 
     </span>
     <span class='ocr_line' id='line_1_41' title="bbox 14 2840 1070 2910; baseline -0.003 -19"><span class='ocrx_word' id='word_1_484' title='bbox 14 2901 17 2910; x_wconf 28' lang='lat' dir='ltr'>y</span> <span class='ocrx_word' id='word_1_485' title='bbox 80 2840 341 2891; x_wconf 74' lang='lat' dir='ltr'>rithmorum</span> <span class='ocrx_word' id='word_1_486' title='bbox 371 2843 430 2889; x_wconf 87' lang='lat' dir='ltr'>ad</span> <span class='ocrx_word' id='word_1_487' title='bbox 460 2858 538 2890; x_wconf 88' lang='lat' dir='ltr'>eas</span> <span class='ocrx_word' id='word_1_488' title='bbox 569 2844 823 2901; x_wconf 84' lang='lat' dir='ltr'>aptitudine</span> <span class='ocrx_word' id='word_1_489' title='bbox 853 2843 1070 2888; x_wconf 90' lang='lat' dir='ltr'>monebit.</span> 
     </span>
    </p>
   </div>
   <div class='ocr_carea' id='block_1_5' title="bbox 20 2922 2349 3056">
    <p class='ocr_par' dir='ltr' id='par_1_17' title="bbox 20 2922 2349 3056">
     <span class='ocr_line' id='line_1_42' title="bbox 82 2922 2348 2996; baseline -0.001 -12"><span class='ocrx_word' id='word_1_490' title='bbox 82 2922 104 2955; x_wconf 44' lang='grc' dir='ltr'>ε’</span> <span class='ocrx_word' id='word_1_491' title='bbox 251 2941 322 2993; x_wconf 82' lang='grc'>74)</span> <span class='ocrx_word' id='word_1_492' title='bbox 353 2955 396 2995; x_wconf 86' lang='lat' dir='ltr'>p.</span> <span class='ocrx_word' id='word_1_493' title='bbox 418 2945 518 2985; x_wconf 84' lang='lat'>448.</span> <span class='ocrx_word' id='word_1_494' title='bbox 570 2941 673 2994; x_wconf 86' lang='lat' dir='ltr'>Gap.</span> <span class='ocrx_word' id='word_1_495' title='bbox 697 2942 835 2984; x_wconf 89' lang='lat' dir='ltr'><strong>XXII.</strong></span> <span class='ocrx_word' id='word_1_496' title='bbox 859 2943 964 2983; x_wconf 86' lang='lat' dir='ltr'>Tab.</span> <span class='ocrx_word' id='word_1_497' title='bbox 987 2941 1094 2983; x_wconf 87' lang='lat' dir='ltr'>Rud.</span> <span class='ocrx_word' id='word_1_498' title='bbox 1122 2941 1211 2992; x_wconf 85' lang='lat' dir='ltr'>„De</span> <span class='ocrx_word' id='word_1_499' title='bbox 1232 2937 1678 2993; x_wconf 84' lang='lat' dir='ltr'>prosthaphaeresibus</span> <span class='ocrx_word' id='word_1_500' title='bbox 1700 2941 1812 2980; x_wconf 85' lang='lat' dir='ltr'>orbis</span> <span class='ocrx_word' id='word_1_501' title='bbox 1834 2941 1993 2980; x_wconf 84' lang='lat' dir='ltr'>annui“</span> <span class='ocrx_word' id='word_1_502' title='bbox 2026 2945 2251 2996; x_wconf 78' lang='lat' dir='ltr'>praecepto</span> <span class='ocrx_word' id='word_1_503' title='bbox 2276 2942 2348 2983; x_wconf 81' lang='lat'>96.</span> 
     </span>
     <span class='ocr_line' id='line_1_43' title="bbox 20 2990 2349 3056; baseline 0 -15"><span class='ocrx_word' id='word_1_504' title='bbox 20 3010 26 3027; x_wconf 63' lang='lat'><strong><em>³</em></strong></span> <span class='ocrx_word' id='word_1_505' title='bbox 84 2990 273 3041; x_wconf 57' lang='lat' dir='ltr'>tuetur:</span> <span class='ocrx_word' id='word_1_506' title='bbox 303 2999 563 3056; x_wconf 87' lang='lat' dir='ltr'>Excerpere</span> <span class='ocrx_word' id='word_1_507' title='bbox 593 2999 664 3043; x_wconf 86' lang='lat' dir='ltr'>vel</span> <span class='ocrx_word' id='word_1_508' title='bbox 695 3003 958 3056; x_wconf 87' lang='lat' dir='ltr'>computare</span> <span class='ocrx_word' id='word_1_509' title='bbox 977 2999 1154 3055; x_wconf 85' lang='lat' dir='ltr'>prosth.</span> <span class='ocrx_word' id='word_1_510' title='bbox 1187 3011 1267 3044; x_wconf 89' lang='lat' dir='ltr'>seu</span> <span class='ocrx_word' id='word_1_511' title='bbox 1299 2997 1553 3054; x_wconf 87' lang='lat' dir='ltr'>parallaxin</span> <span class='ocrx_word' id='word_1_512' title='bbox 1576 2996 1717 3052; x_wconf 88' lang='lat' dir='ltr'>orbis,</span> <span class='ocrx_word' id='word_1_513' title='bbox 1750 3004 1789 3039; x_wconf 84' lang='lat' dir='ltr'>et</span> <span class='ocrx_word' id='word_1_514' title='bbox 1819 3000 1864 3038; x_wconf 82' lang='lat' dir='ltr'>in</span> <span class='ocrx_word' id='word_1_515' title='bbox 1885 2999 2186 3041; x_wconf 82' lang='lat' dir='ltr'>flneadditur:</span> <span class='ocrx_word' id='word_1_516' title='bbox 2219 2997 2349 3042; x_wconf 89' lang='lat' dir='ltr'>Hanc</span> 
     </span>
    </p>
   </div>
   <div class='ocr_carea' id='block_1_6' title="bbox 0 3056 2348 3516">
    <p class='ocr_par' dir='ltr' id='par_1_18' title="bbox 0 3056 2348 3516">
     <span class='ocr_line' id='line_1_44' title="bbox 84 3056 2347 3123; baseline 0 -16"><span class='ocrx_word' id='word_1_517' title='bbox 84 3056 374 3110; x_wconf 55' lang='lat' dir='ltr'>&amp;ommuniter</span> <span class='ocrx_word' id='word_1_518' title='bbox 403 3063 665 3123; x_wconf 86' lang='lat' dir='ltr'>parallaxin</span> <span class='ocrx_word' id='word_1_519' title='bbox 698 3077 779 3108; x_wconf 92' lang='lat' dir='ltr'>seu</span> <span class='ocrx_word' id='word_1_520' title='bbox 811 3063 1249 3121; x_wconf 87' lang='lat' dir='ltr'>prosthaphaeresin</span> <span class='ocrx_word' id='word_1_521' title='bbox 1280 3063 1402 3108; x_wconf 90' lang='lat' dir='ltr'>orbis</span> <span class='ocrx_word' id='word_1_522' title='bbox 1433 3057 1586 3120; x_wconf 81' lang='lat' dir='ltr'>magni</span> <span class='ocrx_word' id='word_1_523' title='bbox 1618 3063 1851 3119; x_wconf 89' lang='lat' dir='ltr'>appellant</span> <span class='ocrx_word' id='word_1_524' title='bbox 1875 3062 2149 3118; x_wconf 85' lang='lat' dir='ltr'>Copernicus</span> <span class='ocrx_word' id='word_1_525' title='bbox 2173 3067 2218 3107; x_wconf 93' lang='lat' dir='ltr'>et</span> <span class='ocrx_word' id='word_1_526' title='bbox 2237 3063 2347 3108; x_wconf 91' lang='lat' dir='ltr'>Pru-</span> 
     </span>
     <span class='ocr_line' id='line_1_45' title="bbox 0 3120 2348 3188; baseline 0.001 -17"><span class='ocrx_word' id='word_1_527' title='bbox 0 3150 5 3188; x_wconf 67' lang='lat'>3</span> <span class='ocrx_word' id='word_1_528' title='bbox 85 3120 256 3186; x_wconf 51' lang='lat' dir='ltr'>§laicae</span> <span class='ocrx_word' id='word_1_529' title='bbox 286 3135 332 3173; x_wconf 91' lang='lat' dir='ltr'>et</span> <span class='ocrx_word' id='word_1_530' title='bbox 362 3130 599 3174; x_wconf 85' lang='lat' dir='ltr'>brevitatis</span> <span class='ocrx_word' id='word_1_531' title='bbox 633 3141 772 3173; x_wconf 85' lang='lat' dir='ltr'>causa</span> <span class='ocrx_word' id='word_1_532' title='bbox 801 3129 1239 3186; x_wconf 85' lang='lat' dir='ltr'>prosthaphaeresin</span> <span class='ocrx_word' id='word_1_533' title='bbox 1281 3128 1403 3174; x_wconf 89' lang='lat' dir='ltr'>orbis</span> <span class='ocrx_word' id='word_1_534' title='bbox 1438 3128 1714 3185; x_wconf 87' lang='lat' dir='ltr'>simpliciter.</span> <span class='ocrx_word' id='word_1_535' title='bbox 1777 3127 1932 3184; x_wconf 88' lang='lat' dir='ltr'>Tycho</span> <span class='ocrx_word' id='word_1_536' title='bbox 1962 3128 2166 3172; x_wconf 85' lang='lat' dir='ltr'>Braheus</span> <span class='ocrx_word' id='word_1_537' title='bbox 2210 3128 2348 3173; x_wconf 72' lang='lat' dir='ltr'>inter-</span> 
     </span>
     <span class='ocr_line' id='line_1_46' title="bbox 0 3184 2348 3254; baseline 0.001 -16"><span class='ocrx_word' id='word_1_538' title='bbox 0 3209 28 3227; x_wconf 79' lang='lat'>›·</span> <span class='ocrx_word' id='word_1_539' title='bbox 91 3184 193 3238; x_wconf 65' lang='lat' dir='ltr'>llum</span> <span class='ocrx_word' id='word_1_540' title='bbox 221 3195 468 3252; x_wconf 86' lang='lat' dir='ltr'>appellavit</span> <span class='ocrx_word' id='word_1_541' title='bbox 498 3195 935 3251; x_wconf 83' lang='lat' dir='ltr'>prosthaphaeresin</span> <span class='ocrx_word' id='word_1_542' title='bbox 967 3197 1165 3243; x_wconf 90' lang='lat' dir='ltr'>eccentri</span> <span class='ocrx_word' id='word_1_543' title='bbox 1205 3211 1295 3242; x_wconf 91' lang='lat' dir='ltr'>non</span> <span class='ocrx_word' id='word_1_544' title='bbox 1327 3197 1461 3253; x_wconf 87' lang='lat' dir='ltr'>plane</span> <span class='ocrx_word' id='word_1_545' title='bbox 1492 3196 1699 3254; x_wconf 88' lang='lat' dir='ltr'>proprie,</span> <span class='ocrx_word' id='word_1_546' title='bbox 1747 3194 1827 3239; x_wconf 88' lang='lat' dir='ltr'>sed</span> <span class='ocrx_word' id='word_1_547' title='bbox 1860 3208 1912 3239; x_wconf 92' lang='lat' dir='ltr'>eo</span> <span class='ocrx_word' id='word_1_548' title='bbox 1945 3202 2182 3253; x_wconf 89' lang='lat' dir='ltr'>respectu,</span> <span class='ocrx_word' id='word_1_549' title='bbox 2226 3195 2348 3253; x_wconf 90' lang='lat' dir='ltr'>quod</span> 
     </span>
     <span class='ocr_line' id='line_1_47' title="bbox 24 3259 2347 3319; baseline 0 -16"><span class='ocrx_word' id='word_1_550' title='bbox 24 3282 28 3295; x_wconf 64' lang='grc' dir='ltr'><em>ι</em></span> <span class='ocrx_word' id='word_1_551' title='bbox 87 3259 285 3316; x_wconf 58' lang='lat' dir='ltr'>Quum</span> <span class='ocrx_word' id='word_1_552' title='bbox 317 3259 512 3317; x_wconf 86' lang='lat' dir='ltr'>alicujus</span> <span class='ocrx_word' id='word_1_553' title='bbox 543 3260 842 3314; x_wconf 83' lang='lat' dir='ltr'>concentrici‚</span> <span class='ocrx_word' id='word_1_554' title='bbox 885 3262 932 3306; x_wconf 91' lang='lat' dir='ltr'>in</span> <span class='ocrx_word' id='word_1_555' title='bbox 964 3275 1054 3319; x_wconf 89' lang='lat' dir='ltr'>quo</span> <span class='ocrx_word' id='word_1_556' title='bbox 1085 3261 1230 3307; x_wconf 89' lang='lat' dir='ltr'>fertur</span> <span class='ocrx_word' id='word_1_557' title='bbox 1260 3261 1553 3317; x_wconf 82' lang='lat' dir='ltr'>eccentricus‚</span> <span class='ocrx_word' id='word_1_558' title='bbox 1587 3260 1775 3316; x_wconf 82' lang='lat' dir='ltr'>ejusque</span> <span class='ocrx_word' id='word_1_559' title='bbox 1816 3259 1937 3305; x_wconf 89' lang='lat' dir='ltr'>linea</span> <span class='ocrx_word' id='word_1_560' title='bbox 1968 3261 2198 3318; x_wconf 88' lang='lat' dir='ltr'>apsidum,</span> <span class='ocrx_word' id='word_1_561' title='bbox 2245 3274 2347 3305; x_wconf 92' lang='lat' dir='ltr'>cum</span> 
     </span>
     <span class='ocr_line' id='line_1_48' title="bbox 30 3317 2346 3385; baseline -0 -15"><span class='ocrx_word' id='word_1_562' title='bbox 30 3338 33 3352; x_wconf 68' lang='lat'>²</span> <span class='ocrx_word' id='word_1_563' title='bbox 88 3317 184 3379; x_wconf 63' lang='grc' dir='ltr'>ὶβιο</span> <span class='ocrx_word' id='word_1_564' title='bbox 214 3323 318 3370; x_wconf 83' lang='grc'><strong>8010</strong></span> <span class='ocrx_word' id='word_1_565' title='bbox 360 3327 627 3372; x_wconf 86' lang='lat' dir='ltr'>circumiens</span> <span class='ocrx_word' id='word_1_566' title='bbox 672 3327 718 3371; x_wconf 89' lang='lat' dir='ltr'>in</span> <span class='ocrx_word' id='word_1_567' title='bbox 761 3340 910 3371; x_wconf 87' lang='lat' dir='ltr'>annuo</span> <span class='ocrx_word' id='word_1_568' title='bbox 957 3326 1087 3383; x_wconf 84' lang='lat' dir='ltr'>orbe,</span> <span class='ocrx_word' id='word_1_569' title='bbox 1134 3332 1349 3371; x_wconf 88' lang='lat' dir='ltr'>causetur</span> <span class='ocrx_word' id='word_1_570' title='bbox 1393 3326 1511 3370; x_wconf 88' lang='lat' dir='ltr'>hanc</span> <span class='ocrx_word' id='word_1_571' title='bbox 1549 3325 1994 3382; x_wconf 83' lang='lat' dir='ltr'>prosthaphaeresin.</span> <span class='ocrx_word' id='word_1_572' title='bbox 2057 3326 2269 3385; x_wconf 88' lang='lat' dir='ltr'>Maginus</span> <span class='ocrx_word' id='word_1_573' title='bbox 2300 3327 2346 3369; x_wconf 92' lang='lat' dir='ltr'>in</span> 
     </span>
     <span class='ocr_line' id='line_1_49' title="bbox 86 3382 2344 3450; baseline 0.001 -16"><span class='ocrx_word' id='word_1_574' title='bbox 86 3382 238 3445; x_wconf 63' lang='lat' dir='ltr'>suppl.</span> <span class='ocrx_word' id='word_1_575' title='bbox 281 3391 472 3448; x_wconf 84' lang='lat' dir='ltr'>Ephem.</span> <span class='ocrx_word' id='word_1_576' title='bbox 514 3393 715 3450; x_wconf 85' lang='lat' dir='ltr'>appellat</span> <span class='ocrx_word' id='word_1_577' title='bbox 758 3392 1073 3449; x_wconf 81' lang='lat' dir='ltr'>aequationem</span> <span class='ocrx_word' id='word_1_578' title='bbox 1120 3391 1240 3436; x_wconf 89' lang='lat' dir='ltr'>orbis</span> <span class='ocrx_word' id='word_1_579' title='bbox 1283 3391 1354 3436; x_wconf 89' lang='lat' dir='ltr'>vel</span> <span class='ocrx_word' id='word_1_580' title='bbox 1397 3390 1650 3446; x_wconf 83' lang='lat' dir='ltr'>argumenti</span> <span class='ocrx_word' id='word_1_581' title='bbox 1689 3390 1900 3448; x_wconf 84' lang='lat' dir='ltr'>planetae</span> <span class='ocrx_word' id='word_1_582' title='bbox 1940 3404 1996 3437; x_wconf 88' lang='lat' dir='ltr'>ex</span> <span class='ocrx_word' id='word_1_583' title='bbox 2037 3391 2344 3449; x_wconf 88' lang='lat' dir='ltr'>Alphonsinis.</span> 
     </span>
     <span class='ocr_line' id='line_1_50' title="bbox 4 3448 1337 3516; baseline 0.002 -19"><span class='ocrx_word' id='word_1_584' title='bbox 4 3462 7 3468; x_wconf 70' lang='lat'><strong>⁴</strong></span> <span class='ocrx_word' id='word_1_585' title='bbox 87 3448 368 3502; x_wconf 73' lang='lat' dir='ltr'>Ptolemaeus</span> <span class='ocrx_word' id='word_1_586' title='bbox 398 3458 832 3515; x_wconf 87' lang='lat' dir='ltr'>prosthaphaeresin</span> <span class='ocrx_word' id='word_1_587' title='bbox 864 3457 1053 3516; x_wconf 79' lang='lat' dir='ltr'>epicycli</span> <span class='ocrx_word' id='word_1_588' title='bbox 1085 3457 1208 3502; x_wconf 83' lang='lat' dir='ltr'>dixit.</span> <span class='ocrx_word' id='word_1_589' title='bbox 1332 3451 1337 3457; x_wconf 79' lang='grc'><em>’</em></span> 
     </span>
    </p>
   </div>
   <div class='ocr_carea' id='block_1_7' title="bbox 10 3523 2344 3638">
    <p class='ocr_par' dir='ltr' id='par_1_19' title="bbox 10 3523 2344 3638">
     <span class='ocr_line' id='line_1_51' title="bbox 256 3523 2342 3580; baseline -0.001 -16"><span class='ocrx_word' id='word_1_590' title='bbox 256 3523 403 3576; x_wconf 85' lang='lat' dir='ltr'>Capite</span> <span class='ocrx_word' id='word_1_591' title='bbox 435 3526 492 3569; x_wconf 89' lang='lat' dir='ltr'>X.</span> <span class='ocrx_word' id='word_1_592' title='bbox 522 3528 626 3569; x_wconf 82' lang='lat' dir='ltr'>Tab.</span> <span class='ocrx_word' id='word_1_593' title='bbox 659 3528 764 3566; x_wconf 83' lang='lat' dir='ltr'>Rud.</span> <span class='ocrx_word' id='word_1_594' title='bbox 797 3525 1018 3580; x_wconf 83' lang='lat' dir='ltr'>Keplerus,</span> <span class='ocrx_word' id='word_1_595' title='bbox 1052 3524 1282 3575; x_wconf 75' lang='lat' dir='ltr'>„Tabulam</span> <span class='ocrx_word' id='word_1_596' title='bbox 1315 3526 1456 3575; x_wconf 79' lang='lat' dir='ltr'>anguli</span> <span class='ocrx_word' id='word_1_597' title='bbox 1487 3526 1750 3576; x_wconf 84' lang='lat' dir='ltr'>potissimum</span> <span class='ocrx_word' id='word_1_598' title='bbox 1787 3535 1863 3576; x_wconf 86' lang='lat' dir='ltr'>pro</span> <span class='ocrx_word' id='word_1_599' title='bbox 1896 3523 2342 3576; x_wconf 84' lang='lat' dir='ltr'>prosthaphaeresibus</span> 
     </span>
     <span class='ocr_line' id='line_1_52' title="bbox 10 3579 2344 3638; baseline 0.001 -18"><span class='ocrx_word' id='word_1_600' title='bbox 10 3618 25 3634; x_wconf 7' lang='grc' dir='ltr'>Ἰ,</span> <span class='ocrx_word' id='word_1_601' title='bbox 95 3579 205 3621; x_wconf 75' lang='lat' dir='ltr'>orbis</span> <span class='ocrx_word' id='word_1_602' title='bbox 232 3582 275 3622; x_wconf 81' lang='lat' dir='ltr'>in</span> <span class='ocrx_word' id='word_1_603' title='bbox 306 3585 332 3623; x_wconf 82' lang='lat'><strong>5</strong></span> <span class='ocrx_word' id='word_1_604' title='bbox 362 3583 576 3635; x_wconf 67' lang='grc' dir='ltr'>1118110111ιι</span> <span class='ocrx_word' id='word_1_605' title='bbox 609 3584 839 3638; x_wconf 83' lang='lat' dir='ltr'>explicans,</span> <span class='ocrx_word' id='word_1_606' title='bbox 871 3586 973 3623; x_wconf 83' lang='lat' dir='ltr'>haec</span> <span class='ocrx_word' id='word_1_607' title='bbox 1003 3580 1147 3625; x_wconf 82' lang='lat' dir='ltr'>refert:</span> <span class='ocrx_word' id='word_1_608' title='bbox 1194 3581 1491 3626; x_wconf 88' lang='lat' dir='ltr'>Desideratur</span> <span class='ocrx_word' id='word_1_609' title='bbox 1522 3594 1548 3625; x_wconf 87' lang='lat' dir='ltr'>a</span> <span class='ocrx_word' id='word_1_610' title='bbox 1579 3580 1743 3625; x_wconf 86' lang='lat' dir='ltr'>tabulis</span> <span class='ocrx_word' id='word_1_611' title='bbox 1775 3579 2088 3624; x_wconf 88' lang='lat' dir='ltr'>astronomicis</span> <span class='ocrx_word' id='word_1_612' title='bbox 2130 3592 2344 3634; x_wconf 86' lang='lat' dir='ltr'>conspec-</span> 
     </span>
    </p>
   </div>
   <div class='ocr_carea' id='block_1_8' title="bbox 22 3642 2341 3934">
    <p class='ocr_par' dir='ltr' id='par_1_20' title="bbox 14 3642 2341 3934">
     <span class='ocr_line' id='line_1_53' title="bbox 22 3642 2341 3706; baseline -0.001 -19"><span class='ocrx_word' id='word_1_613' title='bbox 22 3643 26 3694; x_wconf 73' lang='grc' dir='ltr'>ἰ</span> <span class='ocrx_word' id='word_1_614' title='bbox 89 3644 163 3687; x_wconf 67' lang='lat' dir='ltr'>m</span> <span class='ocrx_word' id='word_1_615' title='bbox 191 3642 354 3703; x_wconf 79' lang='lat' dir='ltr'>&#39;aliquis</span> <span class='ocrx_word' id='word_1_616' title='bbox 386 3649 652 3694; x_wconf 85' lang='lat' dir='ltr'>varietatum</span> <span class='ocrx_word' id='word_1_617' title='bbox 682 3646 1161 3706; x_wconf 86' lang='lat' dir='ltr'>prosthaphaeresium</span> <span class='ocrx_word' id='word_1_618' title='bbox 1195 3647 1341 3698; x_wconf 89' lang='lat' dir='ltr'>orbis,</span> <span class='ocrx_word' id='word_1_619' title='bbox 1386 3652 1438 3690; x_wconf 92' lang='lat' dir='ltr'>ut</span> <span class='ocrx_word' id='word_1_620' title='bbox 1467 3646 1899 3703; x_wconf 84' lang='lat' dir='ltr'>prosthaphaeresin</span> <span class='ocrx_word' id='word_1_621' title='bbox 1927 3659 2035 3691; x_wconf 88' lang='lat' dir='ltr'>vero</span> <span class='ocrx_word' id='word_1_622' title='bbox 2077 3644 2341 3701; x_wconf 86' lang='lat' dir='ltr'>proximam,</span> 
     </span>
     <span class='ocr_line' id='line_1_54' title="bbox 23 3697 2337 3842; baseline 0 -91"><span class='ocrx_word' id='word_1_623' title='bbox 23 3697 34 3842; x_wconf 32' lang='grc' dir='ltr'>ξ</span> <span class='ocrx_word' id='word_1_624' title='bbox 90 3704 136 3751; x_wconf 75' lang='lat' dir='ltr'>ln</span> <span class='ocrx_word' id='word_1_625' title='bbox 165 3717 380 3764; x_wconf 86' lang='lat' dir='ltr'>quantum</span> <span class='ocrx_word' id='word_1_626' title='bbox 408 3714 495 3759; x_wconf 90' lang='lat' dir='ltr'>hoc</span> <span class='ocrx_word' id='word_1_627' title='bbox 524 3715 696 3771; x_wconf 90' lang='lat' dir='ltr'>patitur</span> <span class='ocrx_word' id='word_1_628' title='bbox 722 3714 837 3758; x_wconf 90' lang='lat' dir='ltr'>mira</span> <span class='ocrx_word' id='word_1_629' title='bbox 867 3712 1149 3770; x_wconf 88' lang='lat' dir='ltr'>planetarum</span> <span class='ocrx_word' id='word_1_630' title='bbox 1191 3711 1410 3767; x_wconf 85' lang='lat' dir='ltr'>varietas,</span> <span class='ocrx_word' id='word_1_631' title='bbox 1451 3724 1695 3767; x_wconf 88' lang='lat' dir='ltr'>excerpere</span> <span class='ocrx_word' id='word_1_632' title='bbox 1735 3718 1780 3756; x_wconf 89' lang='lat' dir='ltr'>et</span> <span class='ocrx_word' id='word_1_633' title='bbox 1810 3716 2028 3768; x_wconf 90' lang='lat' dir='ltr'>tanquam</span> <span class='ocrx_word' id='word_1_634' title='bbox 2058 3709 2337 3766; x_wconf 87' lang='lat' dir='ltr'>positionem</span> 
     </span>
     <span class='ocr_line' id='line_1_55' title="bbox 27 3856 32 3887; baseline 0 0"><span class='ocrx_word' id='word_1_635' title='bbox 27 3856 32 3887; x_wconf 79' lang='lat' dir='ltr'>t</span> 
     </span>
     <span class='ocr_line' id='line_1_56' title="bbox 28 3911 32 3934; baseline 0 0"><span class='ocrx_word' id='word_1_636' title='bbox 28 3911 32 3934; x_wconf 91' lang='lat' dir='ltr'>l</span> 
     </span>
    </p>
   </div>
   <div class='ocr_carea' id='block_1_9' title="bbox 0 2527 40 3618">
    <p class='ocr_par' dir='ltr' id='par_1_21' title="bbox 0 2527 40 3618">
     <span class='ocr_line' id='line_1_57' title="bbox 0 2527 40 3618; baseline 0 0"><span class='ocrx_word' id='word_1_637' title='bbox 0 2527 40 3618; x_wconf 95' lang='lat' dir='ltr'> </span> 
     </span>
    </p>
   </div>
   <div class='ocr_carea' id='block_1_10' title="bbox 90 3769 2342 3903">
    <p class='ocr_par' dir='ltr' id='par_1_22' title="bbox 90 3769 2342 3903">
     <span class='ocr_line' id='line_1_58' title="bbox 90 3769 2000 3837; baseline 0.003 -21"><span class='ocrx_word' id='word_1_638' title='bbox 90 3769 266 3820; x_wconf 71' lang='lat' dir='ltr'>felicem</span> <span class='ocrx_word' id='word_1_639' title='bbox 298 3778 509 3836; x_wconf 83' lang='lat' dir='ltr'>deinceps</span> <span class='ocrx_word' id='word_1_640' title='bbox 539 3794 623 3837; x_wconf 81' lang='lat' dir='ltr'>per</span> <span class='ocrx_word' id='word_1_641' title='bbox 654 3779 946 3837; x_wconf 83' lang='lat' dir='ltr'>logarithmos</span> <span class='ocrx_word' id='word_1_642' title='bbox 978 3777 1186 3821; x_wconf 86' lang='lat' dir='ltr'>excolere</span> <span class='ocrx_word' id='word_1_643' title='bbox 1218 3781 1264 3821; x_wconf 91' lang='lat' dir='ltr'>et</span> <span class='ocrx_word' id='word_1_644' title='bbox 1293 3775 1447 3820; x_wconf 82' lang='lat' dir='ltr'>limare</span> <span class='ocrx_word' id='word_1_645' title='bbox 1478 3775 1654 3831; x_wconf 83' lang='lat' dir='ltr'>possint</span> <span class='ocrx_word' id='word_1_646' title='bbox 1685 3777 2000 3822; x_wconf 87' lang='lat' dir='ltr'>calculatores.</span> 
     </span>
     <span class='ocr_line' id='line_1_59' title="bbox 255 3842 2342 3903; baseline 0 -16"><span class='ocrx_word' id='word_1_647' title='bbox 255 3842 339 3888; x_wconf 84' lang='lat' dir='ltr'>His</span> <span class='ocrx_word' id='word_1_648' title='bbox 379 3844 437 3889; x_wconf 90' lang='lat' dir='ltr'>de</span> <span class='ocrx_word' id='word_1_649' title='bbox 474 3846 621 3891; x_wconf 86' lang='lat' dir='ltr'>causis</span> <span class='ocrx_word' id='word_1_650' title='bbox 661 3847 896 3894; x_wconf 85' lang='lat' dir='ltr'>construxi</span> <span class='ocrx_word' id='word_1_651' title='bbox 937 3847 1032 3903; x_wconf 84' lang='lat' dir='ltr'>jam</span> <span class='ocrx_word' id='word_1_652' title='bbox 1079 3851 1185 3891; x_wconf 88' lang='lat' dir='ltr'>ante</span> <span class='ocrx_word' id='word_1_653' title='bbox 1213 3846 1377 3891; x_wconf 89' lang='lat' dir='ltr'>multos</span> <span class='ocrx_word' id='word_1_654' title='bbox 1410 3858 1552 3890; x_wconf 89' lang='lat' dir='ltr'>annos</span> <span class='ocrx_word' id='word_1_655' title='bbox 1597 3846 1798 3892; x_wconf 87' lang='lat' dir='ltr'>tabulam</span> <span class='ocrx_word' id='word_1_656' title='bbox 1831 3847 1984 3903; x_wconf 85' lang='lat' dir='ltr'>anguli</span> <span class='ocrx_word' id='word_1_657' title='bbox 2029 3845 2252 3902; x_wconf 84' lang='lat' dir='ltr'>prolixam</span> <span class='ocrx_word' id='word_1_658' title='bbox 2283 3842 2342 3889; x_wconf 86' lang='lat' dir='ltr'>ad</span> 
     </span>
    </p>
   </div>
   <div class='ocr_carea' id='block_1_11' title="bbox 0 3901 1985 4140">
    <p class='ocr_par' dir='ltr' id='par_1_23' title="bbox 0 3901 1985 4140">
     <span class='ocr_line' id='line_1_60' title="bbox 0 3901 1985 4140; baseline 0.003 -177"><span class='ocrx_word' id='word_1_659' title='bbox 0 3901 9 4140; x_wconf 40' lang='grc' dir='ltr'>ι</span> <span class='ocrx_word' id='word_1_660' title='bbox 30 3946 33 3979; x_wconf 53' lang='lat'><em>3</em></span> <span class='ocrx_word' id='word_1_661' title='bbox 174 3929 328 3973; x_wconf 72' lang='lat' dir='ltr'>Keplerl</span> <span class='ocrx_word' id='word_1_662' title='bbox 350 3931 485 3973; x_wconf 73' lang='lat' dir='ltr'>Opera.</span> <span class='ocrx_word' id='word_1_663' title='bbox 510 3934 577 3969; x_wconf 85' lang='lat' dir='ltr'>v1.</span> <span class='ocrx_word' id='word_1_664' title='bbox 1921 3925 1985 3972; x_wconf 83' lang='grc'>37</span> 
     </span>
    </p>
   </div>
  </div>
 </body>
</html>
