2554 4140
248 123 352 172 576
992 115 1047 159 Ι11
1076 113 1322 170 Epitomen
1350 114 1499 160 Notae
1532 114 1750 162 EditoriS.

244 276 328 321 per
358 274 434 306 eas
464 259 636 304 reditur
666 258 724 303 ad
755 268 868 314 opus
898 258 1132 315 praecepti
1152 258 1336 315 prioris.
1375 258 1546 304 Addita
1573 259 1803 305 vero‘illic
1832 259 2000 318 aphelii
2028 259 2252 317 planetae,
2286 259 2494 316 hicapo·

245 327 345 384 gaei
375 322 490 371 Soli's
522 322 816 379 longitudine,
848 323 1048 379 prodibit
1076 323 1204 368 l'ocus
1237 323 1369 368 Solis.

417 389 465 444 2)
499 388 736 446 Quomodo
766 393 1084 446 coynoscatnr,
1123 403 1234 434 num
1255 390 1451 446 planeta
1478 390 1539 435 sit
1569 389 1786 446 directus,
1816 392 2145 448 stationarius,
2178 405 2242 436 an
2269 394 2496 448 retrogra-

245 453 365 501 dus?
405 453 478 498 Ad
508 460 685 509 tempus
718 452 951 509 quodlibet
979 454 1264 510 propositum
1293 460 1568 510 quaerantur
1597 454 1790 510 angulus
1821 458 2180 502 commutationis
2211 456 2421 512 planetae
2451 461 2497 499 et

242 518 474 576 proportio
505 517 849 563 intervallorum
879 517 1046 563 Terrae
1077 524 1123 563 et
1145 519 1260 562 Solis
1294 518 1527 576 (adeoque,
1560 519 1599 563 si
1629 533 1719 564 non
1749 521 1814 564 vis
1846 523 1914 566 uti
1941 523 2111 568 tabella
2142 522 2399 576 stationum,
2430 521 2499 577 ip-

248 598 400 630 sorum
431 585 565 630 etiam
597 598 785 629 arcuum
816 583 1109 640 diurnorum).
1171 584 1300 628 Tunc
1330 583 1572 639 indagetur
1601 584 1792 641 angulus
1815 587 2189 641 commutationis,
2219 585 2497 642 respondens

247 651 354 695 huic
383 649 722 695 intervallorum
751 648 1047 706 proportioni,
1081 648 1158 706 qui
1189 649 1429 693 stationem
1459 649 1685 695 exhibeat.
1749 651 1796 695 Si
1815 652 1953 708 igitur
1971 654 2117 699 minor
2134 654 2272 699 fuerit
2291 653 2367 696 ille
2388 657 2498 696 tem-

240 716 446 774 porarius
487 715 846 761 commutationis
892 715 1083 772 angulus
1133 715 1220 759 hoc
1259 715 1544 768 stationario,
1590 717 1776 772 planeta
1820 719 2016 764 directus
2060 725 2150 778 est3
2202 719 2240 764 si
2279 715 2497 773 aequalis,

246 781 532 838 planetarum
563 781 989 838 superiorumunus
1019 780 1066 824 in
1098 781 1291 826 statione
1323 788 1411 837 est,
1459 783 1507 826 in
1537 783 1682 838 prima
1713 777 1944 841 quidem,'
1964 786 2004 829 si
2033 785 2290 837 orientaliS,
2337 781 2442 827 Sole
2472 795 2499 826 a

243 847 560 904 conjunctione
590 848 703 904 eJus*
720 848 778 893 ad
809 847 1067 904 oppositum
1098 846 1195 903 ejus
1226 847 1453 901 tendente,
1485 853 1531 892 at
1562 848 1599 893 si
1631 848 1941 903 occidentalis,
1974 851 2029 895 ab
2060 851 2271 907 opposito
2304 847 2362 893 ad
2392 860 2498 892 0011-

242 913 544 968 junctionem,
581 913 629 957 in
659 912 880 966 secunda,
919 912 957 956 si
986 911 1142 969 major,
1179 912 1366 969 planeta
1395 919 1465 958 est
1494 914 1798 971 retrogradus.
1861 915 1914 959 In
1951 915 2237 961 inferioribus
2270 913 2499 959 distinctio

242 982 313 1023 est
354 977 599 1023 contraria:
640 977 883 1034 vespertini
922 977 1040 1023 enim
1087 984 1215 1035 sunt,
1259 992 1360 1025 cum
1398 978 1588 1036 primam
1618 979 1859 1025 stationem
1903 980 2169 1038 conficiunt,
2205 993 2307 1025 cum
2340 992 2498 1024 secun-

246 1043 362 1101 dam,
394 1043 617 1089 matutini.

420 1126 461 1182 3)
501 1125 662 1171 Utrum
692 1125 842 1182 111αρον
871 1138 935 1169 an
963 1124 1116 1170 minor
1143 1126 1442 1174 inclinatione
1469 1129 1632 1184 futura
1660 1129 1722 1173 sit
1750 1127 1947 1173 latitudo
1959 1124 2214 1189 planetae?
2268 1124 2341 1168 Ex
2359 1123 2500 1167 direc-

236 1191 364 1236 'torio
397 1191 690 1249 computandi
718 1190 819 1236 loca
850 1190 1137 1247 planetarum
1166 1191 1214 1238 in
1243 1191 1427 1250 longum
1459 1200 1504 1239 et
1533 1193 1678 1239 latum
1709 1199 1961 1250 sequuntur
1989 1192 2078 1236 hae
2113 1190 2323 1247 regulae:
2352 1190 2400 1236 in
2436 1188 2500 1245 ἲ),

241 1256 319 1314 ’4,
366 1264 436 1315 (ς,
480 1257 660 1322 quoties
690 1254 1213 1312 anguluselongationis
1258 1264 1328 1303 est
1359 1259 1559 1305 semissis
1592 1256 1744 1314 anguli
1786 1257 2173 1313 commutationis,
2215 1257 2261 1300 in
2303 1254 2336 1311 ῼ
2378 1267 2499 1311 ver0,

245 1325 424 1380 quoties
467 1321 662 1379 angulus
704 1320 1004 1377 elongationis
1046 1334 1149 1365 cum
1188 1323 1356 1378 angulo
1399 1323 1764 1378 commutationis
1808 1323 1966 1379 implet
2010 1322 2038 1366 2
2079 1327 2257 1378 rectos,
2308 1320 2502 1366 latitudo
2546 1357 2549 1359 .

243 1393 465 1444 aequatur
493 1384 794 1440 inclinationi;
837 1387 1014 1443 quoties
1044 1388 1191 1432 minor
1221 1394 1291 1432 est
1320 1388 1396 1433 hic
1432 1389 1734 1447 elongationis
1774 1388 1987 1446 angulus,
2028 1387 2223 1449 latitudo
2256 1392 2327 1431 est
2356 1386 2502 1430 minor

248 1452 555 1509 inclinatione,
587 1451 766 1509 quoties
796 1451 952 1508 major,
982 1453 1126 1509 maj0r
1157 1457 1203 1498 et
1231 1452 1436 1500 latitudo.
1496 1455 1550 1499 In
1593 1455 1626 1512 ἕ
1665 1468 1771 1501 vero
1802 1454 1997 1500 latitudo
2042 1466 2220 1510 semper
2250 1457 2319 1498 est
2357 1451 2502 1495 minor

239 1518 551 1565 inclinatione.

413 1599 457 1658 4)
496 1599 658 1645 Utrum
688 1599 886 1645 latitudo
911 1600 1131 1657 planetae
1162 1605 1333 1647 crescat
1362 1615 1425 1646 an
1454 1601 1704 1658 decrescat,
1738 1616 1858 1649 anne
1888 1600 2145 1648 consistat?
2202 1597 2419 1646 Latitudo
2452 1596 2499 1643 in

253 1666 410 1712 eodem
437 1670 606 1721 manet,
638 1664 819 1721 quando
849 1664 1088 1709 intervalla
1117 1666 1329 1723 planetae
1360 1672 1407 1712 01
1437 1667 1618 1724 Terrae,
1656 1666 1714 1711 ad
1744 1667 1840 1711 dies
1871 1667 2103 1724 proximos
2135 1663 2374 1722 subducta,
2406 1661 2499 1707 fue-

242 1732 333 1783 rint
361 1733 407 1775 in
437 1730 731 1788 proportione
761 1729 1103 1775 inclinationum
1133 1743 1305 1788 eversa,
1338 1730 1383 1775 h.
1409 1744 1446 1776 e.
1481 1733 1676 1790 quando,
1708 1738 1926 1790 quantum
1948 1732 2111 1779 crescit
2139 1729 2351 1786 mesolog.
2374 1728 2501 1774 incli-

241 1797 439 1843 nationis
469 1797 542 1841 vel
574 1796 808 1854 decrescit,
839 1795 1105 1841 tantundem
1134 1795 1272 1840 etiam
1301 1796 1389 1852 log.
1420 1798 1784 1843 commutationis
1823 1804 2039 1856 respectu
2068 1798 2159 1854 log.
2202 1793 2500 1851 elongationis

243 1862 408 1908 crescit
436 1861 508 1907 vel
532 1861 775 1915 decrescit,
807 1861 928 1918 quod
957 1861 1057 1907 fieri
1086 1868 1239 1918 potest
1270 1863 1404 1908 varie.
1464 1864 1529 1908 Et
1557 1864 1604 1908 in
1630 1862 1670 1919 ῒ)
1709 1865 1848 1920 inque
1874 1864 1930 1922 2}-
1962 1864 2019 1910 ob
2050 1862 2356 1910 tardissimam
2375 1857 2500 1904 incli-

242 1927 438 1973 nationis
456 1925 751 1973 mutationem
769 1928 972 1973 diurnam
986 1928 1145 1987 jugum
1177 1929 1326 1986 ipsum
1338 1929 1602 1987 latitudinis,
1634 1931 1791 1987 quavis
1815 1932 1912 1976 vice
1932 1931 2166 1987 maximae,
2199 1941 2300 1974 cum
2321 1924 2502 1984 opposi-

168 1994 174 2000 ''
240 1994 439 2040 tionibus
455 1995 668 2051 planetae
683 2008 784 2040 cum
804 1995 909 2041 Sole
925 1995 1129 2052 proxime
1153 1994 1376 2052 coincidit‚
1402 2007 1429 2039 a
1449 1994 1818 2053 conjunctionum
1834 2010 1935 2042 cum
1957 1996 2061 2042 Sole
2085 1996 2242 2042 diebus
2270 1995 2502 2051 aliquanto

246 2060 350 2117 plus
380 2060 552 2106 recedit
562 2077 579 2117 ‚·
618 2061 664 2105 in
708 2061 740 2117 ζ
785 2060 841 2106 ob
881 2060 1159 2106 celerrimam
1200 2060 1534 2118 separationem
1572 2063 1748 2108 orbium
1785 2062 1975 2119 propius
2019 2075 2120 2108 sese
2159 2061 2359 2119 applicat
2397 2073 2501 2105 con-

250 2125 458 2172 sistentia
499 2125 752 2171 latitudinis
785 2125 841 2171 ad
873 2139 1104 2171 accessum
1134 2125 1346 2183 planetae
1377 2133 1518 2179 (motu
1549 2128 1799 2172 eccentrico
1838 2126 1886 2182 in
1917 2126 2078 2184 orbita)
2110 2125 2167 2171 ad
2195 2125 2501 2171 inclinationis

245 2192 466 2237 maximae
482 2191 663 2248 limites,
684 2190 845 2248 majori
866 2196 1018 2236 tamen
1038 2191 1271 2248 varietate,
1295 2205 1396 2236 cum
1415 2191 1601 2249 planeta
1624 2199 1694 2238 est
1716 2193 1836 2238 circa
1857 2192 2077 2241 stationes
2101 2191 2173 2237 vel
2192 2188 2498 2247 retrogradus.

420 2257 476 2302 In
521 2259 563 2309 ὀ·
609 2263 655 2302 01
696 2257 730 2314 ῼ
771 2270 982 2312 magnam
1018 2257 1132 2303 haec
1169 2270 1245 2302 res
1278 2258 1416 2304 habet
1444 2258 1729 2314 varietatem,
1769 2259 1857 2303 etsi
1886 2257 1963 2304 ille
1994 2257 2176 2319 quidem
2215 2256 2499 2313 superiorum

247 2327 398 2369 sectae
437 2336 539 2368 sese
581 2323 772 2381 propius
811 2323 944 2368 etiam
985 2323 1059 2368 hic
1099 2322 1320 2380 applicat,
1365 2325 1455 2369 ista
1484 2337 1590 2369 vero
1629 2322 1916 2380 inferiorum,
1948 2336 2011 2368 sc.
2042 2322 2279 2367 Mercurii:
2326 2321 2402 2366 ille
2442 2318 2499 2365 ob

250 2389 522 2446 parvitatem
551 2390 858 2435 inclinationis
897 2395 942 2434 et
977 2388 1242 2434 tarditatem
1272 2389 1658 2448 commutationis,
1702 2389 1791 2434 ista
1831 2389 1888 2434 ob
1919 2388 2275 2445 magnitudinem
2311 2385 2500 2431 inclina.-
2550 2420 2554 2426 .

242 2455 380 2500 tionis
423 2459 469 2500 et
499 2448 895 2501 commutationem
934 2454 1073 2510 paulo
1104 2453 1371 2499 breviorem.
1430 2454 1670 2510 Utcunque
1711 2459 1862 2498 tamen
1901 2453 2017 2499 haec
2048 2453 2113 2498 sic
2152 2466 2260 2498 sese.
2285 2451 2499 2504 habeant,
2534 2464 2536 2467 ·

244 2519 292 2564 in
324 2525 520 2577 utroque
551 2525 702 2565 tamen
740 2519 925 2577 planeta
955 2519 1246 2569 nihilominus
1284 2520 1405 2564 circa
1435 2519 1656 2565 stationes
1699 2525 1745 2564 et
1774 2519 2191 2576 retrogradationes
2232 2514 2500 2564 latitudines

243 2599 396 2632 eorum
434 2584 676 2642 plurimum
717 2584 889 2629 habent
930 2585 1186 2642 varietatis,
1242 2593 1292 2631 ut
1322 2586 1574 2644 praescribi
1602 2586 1759 2642 regula
1801 2585 1890 2630 alia
1934 2600 2024 2631 non
2053 2585 2221 2643 possit,
2267 2582 2356 2629 nisi
2385 2581 2506 2635 haees

242 2652 402 2708 solum,
434 2655 485 2695 ut
515 2650 716 2695 calculus
749 2663 905 2694 eorum
933 2658 1082 2708 motus
1116 2651 1368 2697 deducatur
1398 2652 1455 2697 ad
1477 2652 1606 2697 binos
1628 2652 1738 2709 dies,
1771 2651 1926 2697 datum
1960 2653 2319 2705 circumstantes,
2353 2650 2500 2692 atten-

243 2717 404 2774 dendo,
436 2729 553 2772 quae
586 2715 787 2760 membra
819 2717 1044 2773 generalis
1066 2719 1298 2778 praecepti
1319 2718 1432 2763 nihil
1453 2723 1628 2774 mutent
1659 2724 1704 2763 et
1726 2712 1952 2775 quomodo
1974 2723 2206 2764 mutentur
2226 2710 2497 2774 legarithmi,

244 2788 290 2828 et
321 2796 378 2828 an
409 2781 541 2827 nobis
573 2782 631 2826 ad
660 2781 981 2827 formationem
1011 2783 1476 2840 prosthaphaereseos
1506 2784 1772 2841 posterioris
1806 2784 2007 2837 subsidio
2040 2798 2142 2830 esse
2163 2785 2312 2841 possit
2339 2776 2499 2825 tabula

243 2847 408 2904 anguli.
471 2848 600 2893 Certe
630 2848 744 2899 haec
775 2849 971 2893 varietas
1002 2854 1131 2894 tanta
1162 2853 1253 2903 est,
1299 2855 1351 2894 ut
1381 2862 1483 2894 cum
1520 2849 1567 2894 in
1599 2849 1795 2893 Saturno
1829 2854 1874 2893 et
1904 2850 2019 2894 Jove
2067 2851 2263 2895 maxima
2293 2847 2509 2914 latitudo,
2551 2873 2554 2885 a

245 2914 311 2958 uti
342 2913 525 2973 dictum,
558 2915 793 2972 contingat
822 2914 1026 2972 proxime
1060 2913 1178 2959 diem
1209 2913 1508 2971 oppositionis
1533 2928 1641 2981 'cum
1674 2915 1791 2972 Sole,
1822 2915 1870 2960 in
1889 2903 2040 2961 Marte
2073 2929 2127 2961 ea
2155 2917 2302 2974 possit
2333 2917 2503 2963 distare

244 2981 304 3025 ad
334 2980 430 3042 dies
462 2981 532 3037 20,
565 2982 635 3034 30,
666 2981 723 3026 40
754 2987 861 3025 ante
890 2980 963 3024 vel
991 2985 1098 3037 post
1129 2979 1474 3036 oppositionem,
1505 2992 1589 3036 pro
1620 2993 1670 3024 re
1701 2986 1823 3025 nata.
1856 3007 1910 3013 —
1943 2985 2059 3035 Quae
2090 2991 2321 3039 sequuntur
2349 2989 2394 3027 in
2424 2988 2526 3029 hoo*

2519 2981 2523 2985 ”
2552 2984 2554 3008 1

2548 3009 2554 3036 l

247 3043 384 3092 capite
425 3044 618 3092 leguntur
662 3046 803 3083 annot.
846 3044 916 3082 42.
962 3046 1002 3081 et
1041 3043 1111 3083 52.
1145 3041 1329 3082 'Schema
1367 3043 1642 3092 praemissum
1683 3042 1856 3085 adhibet
1892 3043 2096 3094 Keplerus
2146 3047 2281 3097 capite
2326 3045 2402 3087 XI.
2446 3044 2503 3090 ad
2546 3063 2554 3096 ,3

248 3099 511 3148 indagandas
543 3113 621 3151 ope
651 3097 923 3152 problematis
954 3101 1199 3150 geometrici
1229 3101 1428 3140 stationes
1448 3100 1721 3151 planetarum,
1768 3112 1850 3153 quo
1883 3103 2006 3142 simul
2028 3114 2126 3142 usus
2159 3104 2501 3153 logatithmorum
2550 3095 2554 3123 ²

255 3156 533 3199 demonstratu
540 3171 572 3200 r.

419 3228 657 3274 Problema
676 3229 764 3275 1100
786 3235 877 3275 est:
908 3230 978 3274 De
1010 3228 1098 3274 alio
1119 3228 1339 3286 peculiari
1359 3241 1446 3274 usu
1467 3227 1649 3273 canonis
1670 3227 2053 3288 legarithmorum,
2084 3231 2325 3289 praecipue
2344 3231 2391 3276 in
2412 3215 2517 3287 staq'

245 3289 418 3333 tionum
439 3293 616 3346 punctis
636 3293 916 3349 indagandis.
979 3294 1050 3338 De
1079 3292 1667 3351 planetarumstationibus
1699 3293 1943 3338 artificiose
1965 3295 2238 3352 ⁴indagandis
2267 3297 2387 3343 infra
2417 3290 2500 3344 sud

2543 3126 2554 3174 ἰ

2541 3196 2551 3238 l

245 3353 345 3428 1000
375 3355 608 3400 tradentur
629 3365 886 3416 praecepta.
935 3360 1024 3422 Per
1054 3371 1108 3405 ea
1128 3372 1235 3404 vero
1256 3358 1387 3405 nobis
1407 3359 1625 3416 ingeritur
1645 3359 1892 3403 necessitas
1923 3359 2124 3405 solvendi
2146 3361 2232 3407 hoc
2252 3363 2499 3420 problema,
2537 3356 2549 3432 ff

246 3421 298 3464 Si
328 3419 417 3464 duo
447 3420 670 3477 triangula
700 3424 872 3470 obtusis
905 3425 998 3469 suis
1019 3423 1196 3479 angulis
1215 3423 1334 3468 notis
1366 3428 1411 3467 et
1440 3428 1564 3467 recto
1596 3422 1813 3480 proximis
1842 3422 1889 3466 in
1911 3424 2271 3483 eodemlpuncto
2293 3434 2505 3475 conserta
2534 3439 2544 3535 ί

247 3486 312 3532 sic
331 3485 512 3543 fuerint,
545 3492 595 3531 ut
622 3487 742 3534 latus
773 3490 1034 3537 alterutrius
1063 3489 1282 3534 lateribus
1312 3488 1476 3544 reliqui
1505 3487 1767 3540 intercedat,
1797 3487 2009 3533 subtensa
2029 3502 2133 3534 vero
2153 3491 2298 3537 latera
2326 3490 2498 3549 angulis

250 3550 427 3596 obtusis
456 3550 504 3594 in
535 3552 722 3596 eandem
751 3554 916 3599 lineam
944 3560 1117 3600 rectam
1147 3554 1415 3607 coincidant,
1464 3555 1504 3600 si
1534 3554 1665 3599 simul
1696 3553 1830 3598 etiam
1858 3552 2068 3598 binorum
2098 3568 2156 3600 ex
2186 3557 2343 3607 eadem
2371 3557 2498 3615 parte
2532 3567 2540 3609 ἐ

247 3615 442 3660 laterum
470 3617 786 3672 proportiones
816 3620 982 3665 fuerint
1009 3626 1166 3666 notae:
1211 3634 1268 3665 ex
1305 3620 1376 3665 his
1415 3622 1535 3666 notis
1564 3620 1778 3676 indagare
1816 3623 2094 3675 quantitates
2127 3620 2498 3681 angulorum,“et
2530 3638 2538 3670 2

249 3695 364 3738 quos
394 3681 539 3727 latera
551 3689 555 3695 ”
569 3681 742 3727 faciunt
774 3698 873 3728 cum
904 3687 1003 3731 basi
1034 3687 1269 3744 communi,
1301 3692 1346 3732 et
1377 3701 1490 3744 quos
1521 3687 1622 3744 ipsa
1650 3686 1767 3730 inter
1796 3697 1908 3728 sese.

247 3812 271 3857 f
423 3747 606 3860 Hicdlne
645 3756 940 3805 praeceptum
979 3748 1208 3797 sit'nimis
1246 3753 1601 3810 tenebricosum,
1646 3749 1975 3808 praemittenda
2018 3755 2088 3795 est
2131 3752 2499 3807 geometricorum
2529 3757 2535 3818 Ῑ

268 3813 439 3860 0111111111
461 3813 508 3859 111
545 3813 690 3860 'cat10.
2458 3815 2481 3826 ²
