2554 4140
482 114 716 198 Epitomes
748 141 1065 188 Astronomiae
1105 140 1245 186 Liber
1276 141 1459 186 Sextus.
1517 141 1630 185 Pars
1664 139 1886 185 Secunda.
2222 146 2330 195 439

68 296 116 344 3.
156 292 245 340 Est
281 296 329 340 et
367 304 517 340 causa
553 289 853 374 mechanica,
893 291 1092 349 theoriis
1118 287 1277 357 (quae
1314 291 1636 338 instrumenta
1673 295 1787 338 sunt
1809 289 2094 338 :ocularium
2134 289 2337 339 demon-

66 359 371 428 strationum)
422 364 629 426 propria.
715 362 841 422 Nam
901 362 1146 422 delineata
1197 363 1396 412 Saturni
1443 362 1631 410 theoria
1690 368 1739 411 et
1792 361 2161 412 accommodato
2222 363 2336 418 orbe

65 451 259 500 magne,
298 441 485 484 tantum
524 436 723 484 interest
758 438 928 501 spatii,
979 442 1033 484 ut
1070 438 1119 483 in
1158 450 1217 485 eo
1256 436 1404 484 etiam
1443 434 1589 483 Jovis
1631 440 1680 483 et
1718 435 1893 484 Martis
1950 427 2207 484 eccentrici
2248 435 2336 485 de-

64 510 210 560 scribi
246 507 473 592 idemque
513 509 737 557 omnibus
777 511 932 558 tribus
973 509 1117 571 orbis,
1157 510 1352 557 nomine
1393 513 1442 556 et
1480 521 1571 555 usu
1600 522 1830 581 magnuS,
1880 510 2151 570 quantitate
2190 510 2337 555 mini-

65 597 185 643 muS‚
224 582 405 630 servire
442 583 628 644 possit3
667 582 738 630 sic
777 584 955 646 scripto
996 583 1263 631 eccentrico
1303 580 1533 630 Mercurii
1583 582 1710 628 circa
1749 579 1913 629 Solem
1968 587 2016 629 et
2055 595 2335 630 accommo-

14 665 22 670 “
66 657 180 711 dato
229 655 275 703 ei
327 654 455 702 orbe.
489 650 668 716 mag‘no
717 657 827 718 (qui
877 660 1106 719 respectu
1155 653 1435 702 inferiorum
1468 652 1635 702 'etiam
1687 666 1738 699 re
1789 653 1898 716 ipsa
1945 646 2152 715 magnus
2194 653 2336 716 cluet,

15 3134 20 3234 ξ

19 3379 25 3456 l

22 3518 25 3530 .
71 3496 176 3533 mus
210 3492 480 3535 retrocessa
517 3500 623 3545 su0,
664 3486 927 3533 maximum
946 3482 1261 3544 humillimus,
1303 3491 1353 3533 at
1379 3483 1711 3534 diversissima
1737 3487 1922 3536 ratione
1954 3502 2077 3536 unus
2105 3494 2154 3536 et
2180 3483 2327 3548 idem,

34 1607 202 1655 .Terra
231 1611 422 1664 apparet
452 1607 537 1651 sub
557 1606 613 1657 D
646 1605 731 1649 nisi
761 1610 949 1661 tantum,
982 1605 1021 1650 si
1053 1604 1194 1648 Terra
1225 1604 1284 1647 si-

0 1695 1 1698 *
61 1673 154 1722 mul
190 1671 250 1718 sit
279 1672 325 1716 in
357 1670 416 1727 T,
448 1677 619 1728 puncto
663 1670 812 1716 lineae
844 1669 937 1726 SQ;
978 1669 1043 1714 sic
1074 1674 1125 1714 ut
1156 1682 1213 1713 ex
1243 1668 1281 1713 T

0 1739 1 1774 ἶ
62 1736 202 1783 Terra
241 1742 475 1794 spectetur
506 1737 536 1781 S
584 1737 661 1782 Sol
701 1743 747 1782 et
784 1735 822 1792 Q
863 1735 1048 1796 planeta
1087 1735 1134 1780 in
1173 1733 1284 1779 locis

63 731 243 794 quippe
281 727 437 789 major
473 729 725 790 utriusque
767 729 977 789 orbitis),
1016 732 1167 776 restat
1205 728 1350 776 etiam
1390 723 1674 776 commodus
1711 723 1850 773 locus
1877 728 2144 775 eccentrico
2172 726 2337 776 Vene-

24 853 30 859 ,
65 805 130 850 ris
156 802 291 848 >inter
330 805 589 862 utrumque
627 799 968 852 describendo,
1042 799 1151 848 Hac
1190 798 1249 848 de
1289 814 1441 849 causa
1480 803 1642 864 potest
1677 798 1822 847 etiam
1863 809 1946 861 pro
1988 799 2212 847 omnibus
2251 815 2338 848 sex

65 874 302 941 primariis
338 872 441 920 fieri
481 887 578 920 una
617 874 726 921 sola
763 873 967 948 theoria,
1009 879 1238 922 constans
1275 887 1362 921 sex
1402 872 1587 933 orbitiS,
1630 871 1789 918 minus
1829 869 2027 932 quidem
2068 866 2335 933 commode,

66 947 226 1011 quoad
266 944 614 1008 mechanicam,
654 948 809 1009 magis
848 952 1011 995 tamen
1050 947 1243 1010 proprie
1281 945 1345 994 ad
1383 946 1647 1009 genuinum
1695 943 1943 1007 exemplar
1979 946 2132 1050 ipsius
2159 945 2338 992 mundi

65 1019 271 1070 mobilis.

206 1106 446 1166 Recense,
494 1119 623 1168 quas
658 1111 891 1154 motuum
931 1107 1264 1169 apparentias
1298 1107 1500 1170 faciant
1546 1071 1644 1152 tres
1687 1105 1983 1166 superio-res.
2070 1104 2111 1151 l.
2163 1102 2330 1150 Motus

65 1168 357 1229 eccentricos
406 1179 551 1226 trium
596 1179 901 1243 superiorum
947 1179 996 1225 in
1050 1177 1274 1240 longum,
1324 1177 1495 1241 quales
1550 1176 1781 1239 descripti
1820 1181 1934 1223 sunt
1982 1175 2122 1224 libio
2146 1177 2334 1237 quinte,
2395 1215 2401 1217 ,

65 1254 317 1302 inveniunt
342 1253 609 1301 astronomi
634 1250 925 1300 concordare
943 1265 1062 1300 curn
1092 1252 1518 1301 observationibus
1551 1264 1638 1298 seu
1667 1250 1972 1313 apparentiis
1995 1247 2336 1297 tantummodo

64 1328 111 1374 in
146 1328 340 1389 punctis
378 1339 602 1374 verarum
643 1325 1005 1388 oppositionum
1045 1324 1282 1387 cujusque
1322 1339 1431 1373 cum
1469 1322 1612 1384 Sole,
1669 1323 1898 1386 dispersis
1937 1337 2021 1385 per
2061 1321 2335 1371 zodiacum.

207 1409 259 1454 In
290 1410 543 1464 schemate,
582 1407 732 1465 posito
762 1407 946 1464 planeta
977 1406 1021 1451 in
1056 1407 1115 1462 Q,
1156 1407 1284 1452 locus
1732 1434 1836 1474 rig.
1862 1430 1917 1468 85.

53 1462 161 1533 ‘ejus
192 1475 471 1520 eccentricus
502 1475 588 1519 sub
618 1473 723 1518 fixis
753 1473 839 1517 erit
858 1473 915 1529 D,
947 1473 1033 1517 etsi
1062 1485 1168 1518 vero
1189 1485 1285 1517 sae-

61 1543 163 1601 pius
191 1542 374 1599 planeta
403 1540 554 1584 veniat
582 1539 629 1582 in
662 1538 725 1594 Q,
767 1551 999 1595 nunquam
1031 1543 1183 1583 tamen
1224 1551 1281 1583 ex

62 1803 281 1862 oppositis
316 1802 363 1860 C,
395 1802 452 1846 D.

171 1881 219 1928 2.
260 1878 428 1927 Motus
461 1893 579 1928 vero
619 1878 839 1927 visibiles
877 1892 963 1926 seu
993 1882 1283 1941 apparentes

62 1954 206 2002 trium
217 1954 518 2016 superiorum
533 1958 667 2002 extra
680 1944 1040 2016 oppositionum
1053 1949 1284 1999 articulos

64 2025 376 2077 diversissimi
414 2032 527 2074 sunt
555 2025 617 2074 ab
657 2025 769 2086 illis,
809 2026 1031 2087 quisunt
1067 2022 1193 2071 libro
1220 2022 1282 2074 V.

62 2097 241 2149 traditi.
314 2098 439 2147 Nam
477 2100 519 2146 si
557 2100 806 2163 capiamus
833 2098 1165 2145 instrumentis
1205 2095 1281 2143 di-

62 2173 267 2221 stantias
291 2171 594 2236 planetarum
632 2186 662 2220 a
698 2171 806 2218 fixis
845 2183 996 2235 prope
1024 2168 1281 2235 zodiacum

65 2245 303 2295 continuis
349 2245 574 2294 noctibus
583 2281 600 2306 ,
654 2244 991 2307 explorantes,
1044 2249 1280 2306 quantum

60 2318 266 2382 quilibet
290 2325 578 2381 promoveat
606 2319 782 2381 quovis
820 2323 1036 2381 tempore
1078 2317 1142 2365 ab
1183 2332 1281 2366 una

62 2397 202 2441 nocte
239 2390 303 2440 ad
340 2391 509 2452 aliam,
549 2398 665 2440 tunc
702 2392 976 2440 invenimus
1016 2403 1100 2438 eos
1138 2395 1275 2439 tanto
1314 2394 1413 2444 fere
1453 2394 1724 2444 velociores
1764 2392 1827 2442 ad
1867 2392 2086 2454 oculum,
2141 2397 2327 2456 quanto

62 2460 185 2529 flunt
219 2466 467 2529 propiores
493 2463 598 2513 Soli
639 2478 806 2513 versus
847 2464 1146 2527 vespertinas
1173 2467 1540 2528 occultationeS,
1583 2472 1669 2516 aut
1707 2471 1890 2529 quanto
1918 2468 2078 2515 minus
2118 2468 2339 2515 exierunt

64 2550 99 2604 ᾳ
127 2536 276 2587 radiis
313 2536 443 2586 Solis
482 2543 594 2600 post
631 2538 897 2586 matutinas
935 2537 1256 2599 emersioneS,
1297 2546 1437 2592 tanto
1475 2541 1691 2589 vicissim
1729 2539 1990 2598 tardioreS,
2030 2544 2214 2602 quanto
2253 2553 2332 2587 re-

64 2612 290 2660 notiores
329 2626 359 2658 a
397 2609 541 2670 Sole,
600 2610 724 2661 adeo
763 2615 815 2657 ut
855 2608 1052 2658 tandem
1089 2608 1210 2658 fiant
1248 2613 1393 2677 plane
1433 2613 1710 2662 stationarii
1749 2612 1811 2661 ad
1854 2615 2039 2673 visum,
2095 2611 2334 2660 Saturnus

65 2682 259 2748 quidem
295 2684 419 2732 inter
458 2682 776 2746 quadrantem
815 2688 864 2731 et
900 2683 1125 2731 trientem
1161 2685 1328 2736 circuli
1366 2692 1480 2736 ante
1507 2690 1692 2750 etpost
1718 2684 1899 2744 Solem,
1940 2683 2135 2749 Jupiter
2159 2685 2334 2738 triente

65 2770 105 2822 9.
130 2755 245 2806 Sole
282 2758 515 2820 praecise,
555 2755 690 2806 Mars
727 2755 855 2805 ultra
894 2756 1146 2817 trientem,
1187 2759 1375 2809 scilicet
1413 2759 1566 2808 tribus
1608 2760 1796 2807 octavis
1835 2764 1884 2806 et
1923 2757 2113 2806 duabus
2153 2757 2335 2820 quintis

65 2829 280 2892 partibus
327 2829 491 2879 circuli
539 2835 653 2879 ante
707 2835 756 2879 et
807 2834 918 2893 post
954 2827 1135 2878 Solem.
1210 2832 1342 2881 Inter
1394 2831 1480 2880 illa
1509 2836 1712 2895 ‘puncta
1761 2845 1932 2879 versus
1973 2831 2336 2894 oppositionem
2378 2824 2384 2831 ’

66 2913 173 2957 cnm
207 2901 322 2952 Sole
360 2902 481 2952 fiunt
519 2902 664 2967 plane
703 2900 996 2964 retrogradi,
1046 2908 1095 2950 et
1140 2904 1188 2950 in
1227 2905 1321 2954 hoc
1366 2910 1502 2953 motu
1547 2902 1829 2966 retrogrado
1883 2903 2181 2953 velocissimi
2221 2908 2335 2952 sunt

67 2973 117 3038 iu
149 2975 327 3038 medic,
364 2977 493 3025 circa
531 2979 686 3040 ipsam
725 2976 1082 3039 oppositionem
1133 2977 1182 3024 in
1222 2977 1496 3042 acronycho
1544 2978 1656 3025 situ
1735 2976 1797 3024 Et
1835 2974 2072 3025 Saturnus
2120 2975 2333 3039 quidem,

99 3045 262 3099 lancta
299 3047 564 3099 altissimus
603 3055 652 3098 et
690 3048 1021 3109 tardissimus,
1071 3050 1120 3095 in
1160 3053 1428 3100 eccentrico
1481 3048 1643 3114 plures
1690 3050 1931 3098 stationes
1974 3049 2148 3110 habet,
2199 3048 2335 3098 Mars

186 3121 365 3170 illimus
402 3128 449 3171 et
489 3121 825 3171 velocissimus
864 3123 1136 3184 paucioreS,
1176 3121 1388 3198 Jupiter,
1431 3138 1517 3187 pro
1545 3137 1635 3171 sua
1660 3121 2009 3205 mediocritate,
2036 3085 2334 3172 mediocres.
2350 3114 2351 3117 ¹

17 3189 317 3263 Vicissim,
366 3200 419 3242 ut
456 3197 666 3258 quisque
706 3193 847 3243 altior
887 3199 933 3242 et
972 3209 1003 3242 a
1039 3193 1155 3244 Sole
1195 3191 1424 3245 remotior
1465 3194 1603 3243 vels
1581 3209 1633 3243 se
1674 3195 1779 3257 ipso
1832 3195 1909 3244 vel
1957 3194 2054 3245 alio
2093 3195 2334 3256 inferiore,

18 3265 141 3320 uic
185 3265 366 3315 diutius
414 3266 786 3333 deprehenditur
834 3280 1028 3315 manere
1078 3269 1419 3333 r3etrogradus
1478 3267 1717 3324 Saturnus
1772 3267 2239 3331 retrogradationem
2287 3272 2337 3316 in

71 3339 290 3401 quintum
338 3354 551 3391 mensem
598 3338 861 3403 protrahit,
913 3337 1110 3423 Jupiter
1166 3347 1375 3403 quatuor
1415 3353 1604 3389 menses
1645 3346 1876 3404 occupat,
1930 3341 2064 3391 Mars
2119 3349 2214 3391 tres
2254 3341 2334 3390 vel

73 3408 207 3474 duos,
246 3426 354 3461 cum
391 3419 552 3462 tamen
588 3428 614 3461 e
654 3412 892 3460 contrario
930 3412 1181 3461 minimum
1221 3427 1386 3462 arcum
1426 3411 1679 3475 eclipticae
1717 3419 1926 3477 pererret
1960 3416 2104 3466 trium
2145 3415 2335 3463 altissi-

6 3568 27 3631 ’ζ
74 3554 214 3609 altior
250 3556 444 3620 quidem
482 3560 759 3617 maximum,
800 3556 885 3605 sed
923 3555 1149 3605 humilior
1187 3558 1342 3606 sactus
1370 3558 1633 3618 minimum,
1673 3556 1910 3608 Saturnus
1922 3561 2082 3629 paulo
2122 3560 2234 3625 plus
2264 3557 2334 3619 7⁰,

25 3625 263 3694 Jupiter
306 3628 419 3692 10⁰,
471 3630 604 3679 Mars
644 3630 773 3679 altus
811 3643 934 3693 pene
975 3628 1090 3690 20⁰,
1144 3630 1342 3679 humilis
1382 3630 1537 3679 sactus
1590 3631 1746 3679 minus
1786 3648 1932 3696 quam
1977 3631 2082 3683 12⁰.
2162 3631 2226 3682 Ut
2266 3633 2335 3680 ita

26 3700 284 3773 secunda
319 3702 441 3753 haec
479 3703 802 3767 inaequalitas
850 3702 1110 3766 plurimum
1160 3719 1191 3751 a
1236 3703 1390 3767 prima
1441 3701 1548 3752 libri
1600 3705 1757 3767 quinti
1800 3705 1989 3788 differat
2039 3712 2087 3755 ct
2136 3720 2185 3754 re
2224 3707 2334 3767 ipsa

27 3742 327 3837 .piurimum
365 3774 545 3825 habeat
584 3775 965 3838 inaequalitatis.

216 3865 264 3915 3.
305 3862 449 3927 Quod
485 3866 660 3916 attinet
694 3870 856 3914 motus
895 3865 944 3911 in
984 3862 1161 3924 altum,
1211 3863 1518 3914 inveniuntur
1569 3862 1767 3929 quidem
1804 3863 2056 3930 planetae,
2109 3861 2334 3920 collocati
