<?xml version="1.0" encoding="UTF-8"?>
<!DOCTYPE html PUBLIC "-//W3C//DTD XHTML 1.0 Transitional//EN"
    "http://www.w3.org/TR/xhtml1/DTD/xhtml1-transitional.dtd">
<html xmlns="http://www.w3.org/1999/xhtml" xml:lang="en" lang="en">
 <head>
  <title>
</title>
<meta http-equiv="Content-Type" content="text/html;charset=utf-8" />
  <meta name='ocr-system' content='tesseract 3.04.00' />
  <meta name='ocr-capabilities' content='ocr_page ocr_carea ocr_par ocr_line ocrx_word'/>
</head>
<body>
  <div class='ocr_page' id='page_1' title='image "./operaomniaedidit06kepluoft_0632.png"; bbox 0 0 2554 4140; ppageno 0'>
   <div class='ocr_carea' id='block_1_1' title="bbox 198 146 1614 209">
    <p class='ocr_par' dir='ltr' id='par_1_1' title="bbox 198 146 1614 209">
     <span class='ocr_line' id='line_1_1' title="bbox 198 146 1614 209; baseline 0.003 -14"><span class='ocrx_word' id='word_1_1' title='bbox 198 151 300 205; x_wconf 84' lang='lat'>618</span> <span class='ocrx_word' id='word_1_2' title='bbox 996 149 1068 197; x_wconf 89' lang='lat' dir='ltr'>De</span> <span class='ocrx_word' id='word_1_3' title='bbox 1096 146 1284 195; x_wconf 78' lang='lat' dir='ltr'><strong>Tabulis</strong></span> <span class='ocrx_word' id='word_1_4' title='bbox 1312 148 1614 209; x_wconf 82' lang='lat' dir='ltr'>Rudolphinis</span> 
     </span>
    </p>
   </div>
   <div class='ocr_carea' id='block_1_2' title="bbox 130 295 2450 1676">
    <p class='ocr_par' dir='ltr' id='par_1_2' title="bbox 130 295 2447 1162">
     <span class='ocr_line' id='line_1_2' title="bbox 187 295 2444 366; baseline 0.002 -18"><span class='ocrx_word' id='word_1_5' title='bbox 187 297 253 348; x_wconf 77' lang='lat' dir='ltr'>ad</span> <span class='ocrx_word' id='word_1_6' title='bbox 297 299 488 345; x_wconf 91' lang='lat' dir='ltr'>initium</span> <span class='ocrx_word' id='word_1_7' title='bbox 531 295 699 344; x_wconf 91' lang='lat' dir='ltr'>mundi</span> <span class='ocrx_word' id='word_1_8' title='bbox 746 296 823 346; x_wconf 90' lang='lat' dir='ltr'>die</span> <span class='ocrx_word' id='word_1_9' title='bbox 875 295 1089 360; x_wconf 90' lang='lat' dir='ltr'>quodam</span> <span class='ocrx_word' id='word_1_10' title='bbox 1137 295 1313 345; x_wconf 89' lang='lat' dir='ltr'>idoneo</span> <span class='ocrx_word' id='word_1_11' title='bbox 1368 298 1584 361; x_wconf 78' lang='lat' dir='ltr'><strong>epochas</strong></span> <span class='ocrx_word' id='word_1_12' title='bbox 1645 314 1812 350; x_wconf 89' lang='lat' dir='ltr'>omnes</span> <span class='ocrx_word' id='word_1_13' title='bbox 1858 302 2163 365; x_wconf 87' lang='lat' dir='ltr'>planetarum</span> <span class='ocrx_word' id='word_1_14' title='bbox 2214 305 2444 366; x_wconf 91' lang='lat' dir='ltr'>omnium,</span> 
     </span>
     <span class='ocr_line' id='line_1_3' title="bbox 187 368 2445 441; baseline 0.003 -21"><span class='ocrx_word' id='word_1_15' title='bbox 187 373 327 433; x_wconf 85' lang='lat' dir='ltr'><strong>quasi</strong></span> <span class='ocrx_word' id='word_1_16' title='bbox 365 372 413 417; x_wconf 89' lang='lat' dir='ltr'>in</span> <span class='ocrx_word' id='word_1_17' title='bbox 451 383 550 417; x_wconf 90' lang='lat' dir='ltr'>una</span> <span class='ocrx_word' id='word_1_18' title='bbox 589 383 728 418; x_wconf 85' lang='lat' dir='ltr'>cruce</span> <span class='ocrx_word' id='word_1_19' title='bbox 766 383 854 418; x_wconf 88' lang='lat' dir='ltr'>seu</span> <span class='ocrx_word' id='word_1_20' title='bbox 892 369 1014 418; x_wconf 87' lang='lat' dir='ltr'>locis</span> <span class='ocrx_word' id='word_1_21' title='bbox 1054 368 1304 432; x_wconf 86' lang='lat' dir='ltr'>quadratis</span> <span class='ocrx_word' id='word_1_22' title='bbox 1343 383 1403 417; x_wconf 89' lang='lat' dir='ltr'>ex</span> <span class='ocrx_word' id='word_1_23' title='bbox 1443 377 1607 419; x_wconf 88' lang='lat' dir='ltr'>centro</span> <span class='ocrx_word' id='word_1_24' title='bbox 1635 372 1780 421; x_wconf 85' lang='lat' dir='ltr'>Solis</span> <span class='ocrx_word' id='word_1_25' title='bbox 1803 374 2094 438; x_wconf 72' lang='lat' dir='ltr'>dispositae,</span> <span class='ocrx_word' id='word_1_26' title='bbox 2136 378 2206 425; x_wconf 84' lang='lat' dir='ltr'>ita</span> <span class='ocrx_word' id='word_1_27' title='bbox 2242 383 2298 425; x_wconf 86' lang='lat' dir='ltr'>ut</span> <span class='ocrx_word' id='word_1_28' title='bbox 2334 393 2445 441; x_wconf 89' lang='lat' dir='ltr'>spes</span> 
     </span>
     <span class='ocr_line' id='line_1_4' title="bbox 130 434 2446 512; baseline 0.003 -21"><span class='ocrx_word' id='word_1_29' title='bbox 130 453 141 461; x_wconf 85' lang='lat'>·</span> <span class='ocrx_word' id='word_1_30' title='bbox 185 445 271 502; x_wconf 93' lang='lat' dir='ltr'>sit,</span> <span class='ocrx_word' id='word_1_31' title='bbox 324 441 599 490; x_wconf 87' lang='lat' dir='ltr'>introducta</span> <span class='ocrx_word' id='word_1_32' title='bbox 636 443 928 504; x_wconf 83' lang='lat' dir='ltr'>aequatione</span> <span class='ocrx_word' id='word_1_33' title='bbox 966 442 1174 491; x_wconf 88' lang='lat' dir='ltr'>seculari</span> <span class='ocrx_word' id='word_1_34' title='bbox 1212 434 1436 504; x_wconf 85' lang='lat' dir='ltr'>niinima,</span> <span class='ocrx_word' id='word_1_35' title='bbox 1476 446 1638 492; x_wconf 88' lang='lat' dir='ltr'>omnia</span> <span class='ocrx_word' id='word_1_36' title='bbox 1673 444 1760 494; x_wconf 91' lang='lat' dir='ltr'>illa</span> <span class='ocrx_word' id='word_1_37' title='bbox 1795 447 1904 495; x_wconf 93' lang='lat' dir='ltr'>loca</span> <span class='ocrx_word' id='word_1_38' title='bbox 1943 450 1994 495; x_wconf 91' lang='lat' dir='ltr'>in</span> <span class='ocrx_word' id='word_1_39' title='bbox 2032 454 2241 512; x_wconf 89' lang='lat' dir='ltr'>quatuor</span> <span class='ocrx_word' id='word_1_40' title='bbox 2265 458 2446 512; x_wconf 88' lang='lat' dir='ltr'>puncta</span> 
     </span>
     <span class='ocr_line' id='line_1_5' title="bbox 185 513 2445 579; baseline 0.004 -16"><span class='ocrx_word' id='word_1_41' title='bbox 185 513 450 563; x_wconf 80' lang='lat' dir='ltr'>cardinalia</span> <span class='ocrx_word' id='word_1_42' title='bbox 488 516 824 576; x_wconf 85' lang='lat' dir='ltr'>competitura.</span> <span class='ocrx_word' id='word_1_43' title='bbox 899 514 1025 563; x_wconf 91' lang='lat' dir='ltr'>Eam</span> <span class='ocrx_word' id='word_1_44' title='bbox 1062 513 1301 577; x_wconf 86' lang='lat' dir='ltr'>epocham</span> <span class='ocrx_word' id='word_1_45' title='bbox 1338 518 1568 579; x_wconf 88' lang='lat' dir='ltr'>temporis</span> <span class='ocrx_word' id='word_1_46' title='bbox 1590 517 1824 566; x_wconf 89' lang='lat' dir='ltr'>mundani</span> <span class='ocrx_word' id='word_1_47' title='bbox 1862 521 2066 569; x_wconf 89' lang='lat' dir='ltr'>concilio</span> <span class='ocrx_word' id='word_1_48' title='bbox 2106 536 2214 570; x_wconf 90' lang='lat' dir='ltr'>cum</span> <span class='ocrx_word' id='word_1_49' title='bbox 2242 522 2445 572; x_wconf 85' lang='lat' dir='ltr'>historia</span> 
     </span>
     <span class='ocr_line' id='line_1_6' title="bbox 183 584 2447 652; baseline 0.004 -17"><span class='ocrx_word' id='word_1_50' title='bbox 183 600 335 635; x_wconf 86' lang='lat' dir='ltr'>sacra.</span> <span class='ocrx_word' id='word_1_51' title='bbox 412 584 465 652; x_wconf 87' lang='grc'>4)</span> <span class='ocrx_word' id='word_1_52' title='bbox 516 587 782 649; x_wconf 91' lang='lat' dir='ltr'>Eclipticae</span> <span class='ocrx_word' id='word_1_53' title='bbox 821 587 1159 650; x_wconf 82' lang='lat' dir='ltr'>obliquitatem</span> <span class='ocrx_word' id='word_1_54' title='bbox 1200 586 1318 635; x_wconf 89' lang='lat' dir='ltr'>olim</span> <span class='ocrx_word' id='word_1_55' title='bbox 1356 588 1593 650; x_wconf 90' lang='lat' dir='ltr'>eandem,</span> <span class='ocrx_word' id='word_1_56' title='bbox 1646 590 1970 651; x_wconf 51' lang='lat' dir='ltr'>quaejhodie</span> <span class='ocrx_word' id='word_1_57' title='bbox 2021 600 2121 652; x_wconf 89' lang='lat' dir='ltr'>est,</span> <span class='ocrx_word' id='word_1_58' title='bbox 2174 597 2345 643; x_wconf 89' lang='lat' dir='ltr'>evinco</span> <span class='ocrx_word' id='word_1_59' title='bbox 2386 610 2447 645; x_wconf 86' lang='lat' dir='ltr'>ex</span> 
     </span>
     <span class='ocr_line' id='line_1_7' title="bbox 184 659 2444 730; baseline 0.004 -22"><span class='ocrx_word' id='word_1_60' title='bbox 184 659 608 722; x_wconf 89' lang='lat' dir='ltr'>conjunctionibus</span> <span class='ocrx_word' id='word_1_61' title='bbox 637 659 804 709; x_wconf 89' lang='lat' dir='ltr'>Lunae</span> <span class='ocrx_word' id='word_1_62' title='bbox 846 666 894 710; x_wconf 89' lang='lat' dir='ltr'>et</span> <span class='ocrx_word' id='word_1_63' title='bbox 931 661 1239 723; x_wconf 86' lang='lat' dir='ltr'>planetarum</span> <span class='ocrx_word' id='word_1_64' title='bbox 1279 675 1388 708; x_wconf 90' lang='lat' dir='ltr'>cum</span> <span class='ocrx_word' id='word_1_65' title='bbox 1425 660 1550 723; x_wconf 87' lang='lat' dir='ltr'>fixis,</span> <span class='ocrx_word' id='word_1_66' title='bbox 1593 678 1623 710; x_wconf 91' lang='lat' dir='ltr'>a</span> <span class='ocrx_word' id='word_1_67' title='bbox 1648 664 1904 712; x_wconf 76' lang='lat' dir='ltr'>‘veteribus</span> <span class='ocrx_word' id='word_1_68' title='bbox 1945 668 2243 728; x_wconf 85' lang='lat' dir='ltr'>consignatis</span> <span class='ocrx_word' id='word_1_69' title='bbox 2283 667 2444 730; x_wconf 90' lang='lat' dir='ltr'>adque</span> 
     </span>
     <span class='ocr_line' id='line_1_8' title="bbox 182 732 2445 801; baseline 0.004 -21"><span class='ocrx_word' id='word_1_70' title='bbox 182 747 272 781; x_wconf 89' lang='lat' dir='ltr'>nos</span> <span class='ocrx_word' id='word_1_71' title='bbox 323 735 638 782; x_wconf 78' lang='lat' dir='ltr'>conservatis,</span> <span class='ocrx_word' id='word_1_72' title='bbox 712 733 886 797; x_wconf 90' lang='lat' dir='ltr'>Itaque</span> <span class='ocrx_word' id='word_1_73' title='bbox 925 732 1261 782; x_wconf 86' lang='lat' dir='ltr'>Eratosthenis</span> <span class='ocrx_word' id='word_1_74' title='bbox 1309 733 1706 785; x_wconf 88' lang='lat' dir='ltr'>observationem</span> <span class='ocrx_word' id='word_1_75' title='bbox 1753 735 1900 798; x_wconf 88' lang='lat' dir='ltr'>hujus</span> <span class='ocrx_word' id='word_1_76' title='bbox 1949 738 2253 801; x_wconf 86' lang='lat' dir='ltr'>obliquitatis</span> <span class='ocrx_word' id='word_1_77' title='bbox 2292 743 2445 788; x_wconf 87' lang='lat' dir='ltr'>inter-</span> 
     </span>
     <span class='ocr_line' id='line_1_9' title="bbox 181 805 2444 877; baseline 0.004 -25"><span class='ocrx_word' id='word_1_78' title='bbox 181 805 481 869; x_wconf 86' lang='lat' dir='ltr'>pretandam,</span> <span class='ocrx_word' id='word_1_79' title='bbox 521 805 794 855; x_wconf 86' lang='lat' dir='ltr'>Ptolemaei</span> <span class='ocrx_word' id='word_1_80' title='bbox 834 820 948 855; x_wconf 89' lang='lat' dir='ltr'>vero</span> <span class='ocrx_word' id='word_1_81' title='bbox 987 807 1036 853; x_wconf 91' lang='lat' dir='ltr'>in</span> <span class='ocrx_word' id='word_1_82' title='bbox 1077 805 1224 854; x_wconf 89' lang='lat' dir='ltr'>dubio</span> <span class='ocrx_word' id='word_1_83' title='bbox 1264 805 1601 855; x_wconf 87' lang='lat' dir='ltr'>collocandam</span> <span class='ocrx_word' id='word_1_84' title='bbox 1639 809 1879 859; x_wconf 83' lang='lat' dir='ltr'>existimo.</span> <span class='ocrx_word' id='word_1_85' title='bbox 1958 807 2007 875; x_wconf 87' lang='lat'>5)</span> <span class='ocrx_word' id='word_1_86' title='bbox 2057 811 2115 859; x_wconf 92' lang='lat' dir='ltr'>In</span> <span class='ocrx_word' id='word_1_87' title='bbox 2152 813 2294 861; x_wconf 90' lang='lat' dir='ltr'>Luna</span> <span class='ocrx_word' id='word_1_88' title='bbox 2331 819 2444 877; x_wconf 87' lang='lat' dir='ltr'>post</span> 
     </span>
     <span class='ocr_line' id='line_1_10' title="bbox 182 879 2441 949; baseline 0.003 -23"><span class='ocrx_word' id='word_1_89' title='bbox 182 892 372 927; x_wconf 91' lang='lat' dir='ltr'>omnem</span> <span class='ocrx_word' id='word_1_90' title='bbox 413 885 701 942; x_wconf 90' lang='lat' dir='ltr'>apparatum</span> <span class='ocrx_word' id='word_1_91' title='bbox 739 879 988 944; x_wconf 88' lang='lat' dir='ltr'>Tychonis</span> <span class='ocrx_word' id='word_1_92' title='bbox 1043 885 1092 927; x_wconf 92' lang='lat' dir='ltr'>et</span> <span class='ocrx_word' id='word_1_93' title='bbox 1135 892 1299 927; x_wconf 90' lang='lat' dir='ltr'>meum</span> <span class='ocrx_word' id='word_1_94' title='bbox 1337 881 1540 942; x_wconf 84' lang='lat' dir='ltr'>transigi</span> <span class='ocrx_word' id='word_1_95' title='bbox 1591 880 1649 930; x_wconf 91' lang='lat' dir='ltr'>de</span> <span class='ocrx_word' id='word_1_96' title='bbox 1689 881 1950 943; x_wconf 88' lang='lat' dir='ltr'>eclipsibus</span> <span class='ocrx_word' id='word_1_97' title='bbox 1988 896 2085 931; x_wconf 89' lang='lat' dir='ltr'>non</span> <span class='ocrx_word' id='word_1_98' title='bbox 2122 899 2267 947; x_wconf 87' lang='lat' dir='ltr'>posse</span> <span class='ocrx_word' id='word_1_99' title='bbox 2304 892 2441 949; x_wconf 89' lang='lat' dir='ltr'>puto,</span> 
     </span>
     <span class='ocr_line' id='line_1_11' title="bbox 179 951 2438 1017; baseline 0.003 -18"><span class='ocrx_word' id='word_1_100' title='bbox 179 953 272 999; x_wconf 89' lang='lat' dir='ltr'>nisi</span> <span class='ocrx_word' id='word_1_101' title='bbox 311 951 587 1000; x_wconf 89' lang='lat' dir='ltr'>introducta</span> <span class='ocrx_word' id='word_1_102' title='bbox 624 954 821 1017; x_wconf 86' lang='lat' dir='ltr'>insuper</span> <span class='ocrx_word' id='word_1_103' title='bbox 858 952 1152 1014; x_wconf 88' lang='lat' dir='ltr'>aequatione</span> <span class='ocrx_word' id='word_1_104' title='bbox 1191 965 1379 1013; x_wconf 89' lang='lat' dir='ltr'>annua,</span> <span class='ocrx_word' id='word_1_105' title='bbox 1424 954 1529 1001; x_wconf 83' lang='lat' dir='ltr'>sive</span> <span class='ocrx_word' id='word_1_106' title='bbox 1569 954 1618 1001; x_wconf 92' lang='lat' dir='ltr'>in</span> <span class='ocrx_word' id='word_1_107' title='bbox 1662 960 1824 1002; x_wconf 92' lang='lat' dir='ltr'>motus</span> <span class='ocrx_word' id='word_1_108' title='bbox 1863 954 2033 1004; x_wconf 92' lang='lat' dir='ltr'>Lunae</span> <span class='ocrx_word' id='word_1_109' title='bbox 2081 958 2186 1007; x_wconf 86' lang='lat' dir='ltr'>sive</span> <span class='ocrx_word' id='word_1_110' title='bbox 2222 960 2273 1006; x_wconf 93' lang='lat' dir='ltr'>in</span> <span class='ocrx_word' id='word_1_111' title='bbox 2310 965 2438 1008; x_wconf 87' lang='lat' dir='ltr'>tem-</span> 
     </span>
     <span class='ocr_line' id='line_1_12' title="bbox 183 1024 2442 1114; baseline 0.003 -41"><span class='ocrx_word' id='word_1_112' title='bbox 183 1026 315 1087; x_wconf 88' lang='lat' dir='ltr'>poris</span> <span class='ocrx_word' id='word_1_113' title='bbox 367 1026 710 1088; x_wconf 89' lang='lat' dir='ltr'>aequationem</span> <span class='ocrx_word' id='word_1_114' title='bbox 756 1026 1004 1074; x_wconf 86' lang='lat' dir='ltr'>usitatam</span> <span class='ocrx_word' id='word_1_115' title='bbox 1078 1024 1218 1074; x_wconf 91' lang='lat' dir='ltr'>Haec</span> <span class='ocrx_word' id='word_1_116' title='bbox 1265 1039 1381 1073; x_wconf 88' lang='lat' dir='ltr'>vero</span> <span class='ocrx_word' id='word_1_117' title='bbox 1429 1031 1568 1088; x_wconf 89' lang='lat' dir='ltr'>sunt,</span> <span class='ocrx_word' id='word_1_118' title='bbox 1626 1041 1752 1090; x_wconf 86' lang='lat' dir='ltr'>quae</span> <span class='ocrx_word' id='word_1_119' title='bbox 1804 1042 1890 1090; x_wconf 89' lang='lat' dir='ltr'>per</span> <span class='ocrx_word' id='word_1_120' title='bbox 1935 1027 2025 1077; x_wconf 91' lang='lat' dir='ltr'>hos</span> <span class='ocrx_word' id='word_1_121' title='bbox 2065 1028 2168 1079; x_wconf 89' lang='lat' dir='ltr'>dies</span> <span class='ocrx_word' id='word_1_122' title='bbox 2203 1031 2442 1114; x_wconf 85' lang='lat' dir='ltr'>pauculos</span> 
     </span>
     <span class='ocr_line' id='line_1_13' title="bbox 183 1097 816 1162; baseline 0 -16"><span class='ocrx_word' id='word_1_123' title='bbox 183 1097 438 1160; x_wconf 83' lang='lat' dir='ltr'>Tubingae</span> <span class='ocrx_word' id='word_1_124' title='bbox 478 1113 622 1161; x_wconf 88' lang='lat' dir='ltr'>agere</span> <span class='ocrx_word' id='word_1_125' title='bbox 662 1100 816 1162; x_wconf 91' lang='lat' dir='ltr'>coepi</span> 
     </span>
    </p>

    <p class='ocr_par' dir='ltr' id='par_1_3' title="bbox 143 1170 2449 1676">
     <span class='ocr_line' id='line_1_14' title="bbox 260 1170 2448 1237; baseline 0.002 -18"><span class='ocrx_word' id='word_1_126' title='bbox 260 1207 262 1209; x_wconf 59' lang='grc'><em>»</em></span> <span class='ocrx_word' id='word_1_127' title='bbox 328 1170 444 1219; x_wconf 88' lang='lat' dir='ltr'>Jam</span> <span class='ocrx_word' id='word_1_128' title='bbox 483 1177 535 1219; x_wconf 91' lang='lat' dir='ltr'>tu</span> <span class='ocrx_word' id='word_1_129' title='bbox 574 1171 771 1234; x_wconf 89' lang='lat' dir='ltr'>dispice,</span> <span class='ocrx_word' id='word_1_130' title='bbox 813 1185 921 1219; x_wconf 92' lang='lat' dir='ltr'>cum</span> <span class='ocrx_word' id='word_1_131' title='bbox 959 1170 1181 1219; x_wconf 85' lang='lat' dir='ltr'>honestis</span> <span class='ocrx_word' id='word_1_132' title='bbox 1220 1175 1268 1219; x_wconf 91' lang='lat' dir='ltr'>et</span> <span class='ocrx_word' id='word_1_133' title='bbox 1306 1173 1594 1220; x_wconf 88' lang='lat' dir='ltr'>necessariis</span> <span class='ocrx_word' id='word_1_134' title='bbox 1633 1171 1691 1221; x_wconf 92' lang='lat' dir='ltr'>de</span> <span class='ocrx_word' id='word_1_135' title='bbox 1732 1174 1891 1221; x_wconf 88' lang='lat' dir='ltr'>causis</span> <span class='ocrx_word' id='word_1_136' title='bbox 1930 1175 2308 1237; x_wconf 75' lang='lat' dir='ltr'>tergiversentur</span> <span class='ocrx_word' id='word_1_137' title='bbox 2342 1175 2448 1224; x_wconf 91' lang='lat' dir='ltr'>No-</span> 
     </span>
     <span class='ocr_line' id='line_1_15' title="bbox 181 1243 2446 1310; baseline 0.002 -19"><span class='ocrx_word' id='word_1_138' title='bbox 181 1243 498 1306; x_wconf 87' lang='lat' dir='ltr'>ribergenses,</span> <span class='ocrx_word' id='word_1_139' title='bbox 540 1247 763 1307; x_wconf 89' lang='lat' dir='ltr'>quamvis</span> <span class='ocrx_word' id='word_1_140' title='bbox 804 1244 1245 1305; x_wconf 10' lang='lat' dir='ltr'>admonitipavitae</span> <span class='ocrx_word' id='word_1_141' title='bbox 1283 1258 1402 1306; x_wconf 87' lang='lat' dir='ltr'>suae</span> <span class='ocrx_word' id='word_1_142' title='bbox 1428 1244 1628 1307; x_wconf 86' lang='lat' dir='ltr'>gloriae,</span> <span class='ocrx_word' id='word_1_143' title='bbox 1669 1248 1885 1308; x_wconf 88' lang='lat' dir='ltr'>possitne</span> <span class='ocrx_word' id='word_1_144' title='bbox 1910 1261 2000 1308; x_wconf 87' lang='lat' dir='ltr'>per</span> <span class='ocrx_word' id='word_1_145' title='bbox 2038 1253 2225 1296; x_wconf 86' lang='lat' dir='ltr'>vestros</span> <span class='ocrx_word' id='word_1_146' title='bbox 2252 1248 2446 1310; x_wconf 87' lang='lat' dir='ltr'>Argen-</span> 
     </span>
     <span class='ocr_line' id='line_1_16' title="bbox 182 1316 2447 1382; baseline 0.002 -17"><span class='ocrx_word' id='word_1_147' title='bbox 182 1318 395 1365; x_wconf 85' lang='lat' dir='ltr'>tinenses</span> <span class='ocrx_word' id='word_1_148' title='bbox 433 1317 551 1364; x_wconf 90' lang='lat' dir='ltr'>mihi</span> <span class='ocrx_word' id='word_1_149' title='bbox 590 1319 864 1378; x_wconf 87' lang='lat' dir='ltr'>subveniri,</span> <span class='ocrx_word' id='word_1_150' title='bbox 921 1319 961 1365; x_wconf 87' lang='lat' dir='ltr'>si</span> <span class='ocrx_word' id='word_1_151' title='bbox 1002 1318 1229 1365; x_wconf 92' lang='lat' dir='ltr'>nimirum</span> <span class='ocrx_word' id='word_1_152' title='bbox 1267 1316 1348 1365; x_wconf 84' lang='lat' dir='ltr'>vel</span> <span class='ocrx_word' id='word_1_153' title='bbox 1386 1318 1480 1378; x_wconf 91' lang='lat' dir='ltr'>ipsi</span> <span class='ocrx_word' id='word_1_154' title='bbox 1519 1319 1567 1364; x_wconf 91' lang='lat' dir='ltr'>in</span> <span class='ocrx_word' id='word_1_155' title='bbox 1606 1318 2036 1382; x_wconf 89' lang='lat' dir='ltr'>Noribergensium</span> <span class='ocrx_word' id='word_1_156' title='bbox 2074 1320 2237 1369; x_wconf 86' lang='lat' dir='ltr'>locum</span> <span class='ocrx_word' id='word_1_157' title='bbox 2275 1335 2447 1370; x_wconf 89' lang='lat' dir='ltr'>succe-</span> 
     </span>
     <span class='ocr_line' id='line_1_17' title="bbox 143 1388 2448 1457; baseline 0.003 -21"><span class='ocrx_word' id='word_1_158' title='bbox 143 1444 147 1448; x_wconf 39' lang='lat'>,</span> <span class='ocrx_word' id='word_1_159' title='bbox 188 1388 298 1438; x_wconf 89' lang='lat' dir='ltr'>dere</span> <span class='ocrx_word' id='word_1_160' title='bbox 326 1391 644 1452; x_wconf 86' lang='lat' dir='ltr'>consentiant,</span> <span class='ocrx_word' id='word_1_161' title='bbox 684 1406 714 1439; x_wconf 90' lang='lat' dir='ltr'>a</span> <span class='ocrx_word' id='word_1_162' title='bbox 741 1391 947 1440; x_wconf 86' lang='lat' dir='ltr'>Caesare</span> <span class='ocrx_word' id='word_1_163' title='bbox 973 1392 1208 1452; x_wconf 89' lang='lat' dir='ltr'>requisiti,</span> <span class='ocrx_word' id='word_1_164' title='bbox 1251 1397 1336 1438; x_wconf 91' lang='lat' dir='ltr'>aut</span> <span class='ocrx_word' id='word_1_165' title='bbox 1360 1389 1799 1454; x_wconf 87' lang='lat' dir='ltr'>Noribergensibus</span> <span class='ocrx_word' id='word_1_166' title='bbox 1823 1392 2150 1454; x_wconf 88' lang='lat' dir='ltr'>persuadeant</span> <span class='ocrx_word' id='word_1_167' title='bbox 2187 1410 2274 1457; x_wconf 89' lang='lat' dir='ltr'>per</span> <span class='ocrx_word' id='word_1_168' title='bbox 2298 1395 2448 1442; x_wconf 91' lang='lat' dir='ltr'>inter-</span> 
     </span>
     <span class='ocr_line' id='line_1_18' title="bbox 183 1461 2449 1527; baseline 0.001 -17"><span class='ocrx_word' id='word_1_169' title='bbox 183 1464 432 1523; x_wconf 88' lang='lat' dir='ltr'>cessorias,</span> <span class='ocrx_word' id='word_1_170' title='bbox 460 1468 546 1511; x_wconf 91' lang='lat' dir='ltr'>aut</span> <span class='ocrx_word' id='word_1_171' title='bbox 570 1466 608 1510; x_wconf 90' lang='lat' dir='ltr'>si</span> <span class='ocrx_word' id='word_1_172' title='bbox 637 1463 1015 1526; x_wconf 89' lang='lat' dir='ltr'>Argentinenses</span> <span class='ocrx_word' id='word_1_173' title='bbox 1040 1477 1215 1511; x_wconf 86' lang='lat' dir='ltr'>nomen</span> <span class='ocrx_word' id='word_1_174' title='bbox 1245 1461 1439 1524; x_wconf 90' lang='lat' dir='ltr'>quidem</span> <span class='ocrx_word' id='word_1_175' title='bbox 1465 1465 1738 1513; x_wconf 87' lang='lat' dir='ltr'>sustineant</span> <span class='ocrx_word' id='word_1_176' title='bbox 1764 1465 1894 1527; x_wconf 87' lang='lat' dir='ltr'>apud</span> <span class='ocrx_word' id='word_1_177' title='bbox 1914 1465 2188 1527; x_wconf 87' lang='lat' dir='ltr'>Caesarem,</span> <span class='ocrx_word' id='word_1_178' title='bbox 2215 1467 2449 1516; x_wconf 90' lang='lat' dir='ltr'>Noriber-</span> 
     </span>
     <span class='ocr_line' id='line_1_19' title="bbox 181 1535 2447 1604; baseline 0.003 -23"><span class='ocrx_word' id='word_1_179' title='bbox 181 1549 354 1597; x_wconf 85' lang='lat' dir='ltr'>genses</span> <span class='ocrx_word' id='word_1_180' title='bbox 393 1549 527 1595; x_wconf 90' lang='lat' dir='ltr'>ver0,</span> <span class='ocrx_word' id='word_1_181' title='bbox 569 1538 664 1598; x_wconf 90' lang='lat' dir='ltr'>qui</span> <span class='ocrx_word' id='word_1_182' title='bbox 690 1537 863 1584; x_wconf 88' lang='lat' dir='ltr'>nolunt</span> <span class='ocrx_word' id='word_1_183' title='bbox 903 1537 1179 1598; x_wconf 88' lang='lat' dir='ltr'>opinionem</span> <span class='ocrx_word' id='word_1_184' title='bbox 1220 1535 1418 1584; x_wconf 88' lang='lat' dir='ltr'>Caesari</span> <span class='ocrx_word' id='word_1_185' title='bbox 1457 1539 1615 1598; x_wconf 89' lang='lat' dir='ltr'>petaci</span> <span class='ocrx_word' id='word_1_186' title='bbox 1652 1538 1885 1599; x_wconf 88' lang='lat' dir='ltr'>praebere</span> <span class='ocrx_word' id='word_1_187' title='bbox 1922 1541 2232 1600; x_wconf 84' lang='lat' dir='ltr'>pecuniariae</span> <span class='ocrx_word' id='word_1_188' title='bbox 2259 1541 2447 1604; x_wconf 88' lang='lat' dir='ltr'>copiae,</span> 
     </span>
     <span class='ocr_line' id='line_1_20' title="bbox 183 1602 2450 1676; baseline 0.001 -19"><span class='ocrx_word' id='word_1_189' title='bbox 183 1607 305 1658; x_wconf 83' lang='lat' dir='ltr'>clam</span> <span class='ocrx_word' id='word_1_190' title='bbox 326 1608 444 1656; x_wconf 90' lang='lat' dir='ltr'>mihi</span> <span class='ocrx_word' id='word_1_191' title='bbox 467 1608 581 1657; x_wconf 91' lang='lat' dir='ltr'>dent</span> <span class='ocrx_word' id='word_1_192' title='bbox 601 1615 686 1657; x_wconf 89' lang='lat' dir='ltr'>aut</span> <span class='ocrx_word' id='word_1_193' title='bbox 712 1609 1151 1672; x_wconf 89' lang='lat' dir='ltr'>Argentinensibus</span> <span class='ocrx_word' id='word_1_194' title='bbox 1175 1609 1390 1657; x_wconf 86' lang='lat' dir='ltr'>vicissim</span> <span class='ocrx_word' id='word_1_195' title='bbox 1411 1616 1633 1670; x_wconf 89' lang='lat' dir='ltr'>caveant,</span> <span class='ocrx_word' id='word_1_196' title='bbox 1660 1617 1745 1658; x_wconf 88' lang='lat' dir='ltr'>aut</span> <span class='ocrx_word' id='word_1_197' title='bbox 1764 1612 1806 1658; x_wconf 87' lang='lat' dir='ltr'>si</span> <span class='ocrx_word' id='word_1_198' title='bbox 1834 1610 1951 1673; x_wconf 90' lang='lat' dir='ltr'>quid</span> <span class='ocrx_word' id='word_1_199' title='bbox 1971 1602 2268 1661; x_wconf 87' lang='lat' dir='ltr'>comminisci</span> <span class='ocrx_word' id='word_1_200' title='bbox 2288 1619 2450 1676; x_wconf 78' lang='lat' dir='ltr'>potes,</span> 
     </span>
    </p>
   </div>
   <div class='ocr_carea' id='block_1_3' title="bbox 179 1693 2452 2272">
    <p class='ocr_par' dir='ltr' id='par_1_4' title="bbox 179 1693 2452 2272">
     <span class='ocr_line' id='line_1_21' title="bbox 323 1693 2446 1774; baseline 0.002 -31"><span class='ocrx_word' id='word_1_201' title='bbox 323 1693 446 1744; x_wconf 76' lang='lat' dir='ltr'>Peto</span> <span class='ocrx_word' id='word_1_202' title='bbox 486 1701 533 1744; x_wconf 92' lang='lat' dir='ltr'>et</span> <span class='ocrx_word' id='word_1_203' title='bbox 571 1695 779 1759; x_wconf 87' lang='lat' dir='ltr'>amplius</span> <span class='ocrx_word' id='word_1_204' title='bbox 818 1695 1019 1758; x_wconf 86' lang='lat' dir='ltr'>aliquid.</span> <span class='ocrx_word' id='word_1_205' title='bbox 1097 1695 1287 1744; x_wconf 88' lang='lat' dir='ltr'>Literas</span> <span class='ocrx_word' id='word_1_206' title='bbox 1327 1694 1390 1744; x_wconf 93' lang='lat' dir='ltr'>ad</span> <span class='ocrx_word' id='word_1_207' title='bbox 1428 1695 1781 1760; x_wconf 87' lang='lat' dir='ltr'>Tampachium</span> <span class='ocrx_word' id='word_1_208' title='bbox 1818 1703 1994 1761; x_wconf 84' lang='lat' dir='ltr'>postae</span> <span class='ocrx_word' id='word_1_209' title='bbox 2033 1699 2235 1774; x_wconf 90' lang='lat' dir='ltr'>tradidi,</span> <span class='ocrx_word' id='word_1_210' title='bbox 2277 1706 2446 1763; x_wconf 88' lang='lat' dir='ltr'>petens</span> 
     </span>
     <span class='ocr_line' id='line_1_22' title="bbox 183 1761 2452 1835; baseline 0.001 -18"><span class='ocrx_word' id='word_1_211' title='bbox 183 1767 427 1831; x_wconf 89' lang='lat' dir='ltr'>exemplar</span> <span class='ocrx_word' id='word_1_212' title='bbox 464 1767 861 1832; x_wconf 82' lang='lat' dir='ltr'>Hyperaspistis3</span> <span class='ocrx_word' id='word_1_213' title='bbox 912 1769 1035 1817; x_wconf 91' lang='lat' dir='ltr'>nihil</span> <span class='ocrx_word' id='word_1_214' title='bbox 1071 1768 1347 1831; x_wconf 90' lang='lat' dir='ltr'>respondet.</span> <span class='ocrx_word' id='word_1_215' title='bbox 1423 1767 1564 1832; x_wconf 84' lang='lat' dir='ltr'>Rogo</span> <span class='ocrx_word' id='word_1_216' title='bbox 1603 1771 1750 1833; x_wconf 88' lang='lat' dir='ltr'>hujus</span> <span class='ocrx_word' id='word_1_217' title='bbox 1801 1772 1871 1820; x_wconf 90' lang='lat' dir='ltr'>rei</span> <span class='ocrx_word' id='word_1_218' title='bbox 1911 1786 2020 1820; x_wconf 92' lang='lat' dir='ltr'>eum</span> <span class='ocrx_word' id='word_1_219' title='bbox 2056 1761 2327 1822; x_wconf 88' lang='lat' dir='ltr'>admoneas</span> <span class='ocrx_word' id='word_1_220' title='bbox 2365 1787 2452 1835; x_wconf 91' lang='lat' dir='ltr'>per</span> 
     </span>
     <span class='ocr_line' id='line_1_23' title="bbox 179 1840 2450 1907; baseline 0.002 -18"><span class='ocrx_word' id='word_1_221' title='bbox 179 1841 359 1901; x_wconf 80' lang='lat' dir='ltr'>literae,</span> <span class='ocrx_word' id='word_1_222' title='bbox 399 1843 441 1890; x_wconf 86' lang='lat' dir='ltr'>si</span> <span class='ocrx_word' id='word_1_223' title='bbox 477 1842 597 1891; x_wconf 83' lang='lat' dir='ltr'>forte</span> <span class='ocrx_word' id='word_1_224' title='bbox 637 1857 774 1892; x_wconf 91' lang='lat' dir='ltr'>meae</span> <span class='ocrx_word' id='word_1_225' title='bbox 809 1856 906 1890; x_wconf 92' lang='lat' dir='ltr'>non</span> <span class='ocrx_word' id='word_1_226' title='bbox 944 1843 1266 1905; x_wconf 86' lang='lat' dir='ltr'>pervenerint.</span> <span class='ocrx_word' id='word_1_227' title='bbox 1346 1840 1599 1891; x_wconf 89' lang='lat' dir='ltr'>Chemlino</span> <span class='ocrx_word' id='word_1_228' title='bbox 1639 1846 1749 1892; x_wconf 88' lang='lat' dir='ltr'>misi</span> <span class='ocrx_word' id='word_1_229' title='bbox 1787 1843 2180 1907; x_wconf 87' lang='lat' dir='ltr'>supplementum</span> <span class='ocrx_word' id='word_1_230' title='bbox 2211 1845 2450 1895; x_wconf 88' lang='lat' dir='ltr'>Chiliadis</span> 
     </span>
     <span class='ocr_line' id='line_1_24' title="bbox 181 1914 2449 1967; baseline 0.001 -4"><span class='ocrx_word' id='word_1_231' title='bbox 181 1929 268 1963; x_wconf 88' lang='lat' dir='ltr'>seu</span> <span class='ocrx_word' id='word_1_232' title='bbox 307 1914 365 1963; x_wconf 89' lang='lat' dir='ltr'>de</span> <span class='ocrx_word' id='word_1_233' title='bbox 402 1930 509 1964; x_wconf 87' lang='lat' dir='ltr'>usu.</span> <span class='ocrx_word' id='word_1_234' title='bbox 586 1916 778 1964; x_wconf 87' lang='lat' dir='ltr'>Excusa</span> <span class='ocrx_word' id='word_1_235' title='bbox 807 1917 953 1964; x_wconf 72' lang='lat' dir='ltr'>venirn</span> <span class='ocrx_word' id='word_1_236' title='bbox 993 1922 1065 1963; x_wconf 90' lang='lat' dir='ltr'>est</span> <span class='ocrx_word' id='word_1_237' title='bbox 1105 1914 1290 1963; x_wconf 90' lang='lat' dir='ltr'>Chilias</span> <span class='ocrx_word' id='word_1_238' title='bbox 1327 1927 1404 1962; x_wconf 91' lang='lat' dir='ltr'>me</span> <span class='ocrx_word' id='word_1_239' title='bbox 1445 1916 1721 1965; x_wconf 90' lang='lat' dir='ltr'>inconsulto</span> <span class='ocrx_word' id='word_1_240' title='bbox 1774 1925 1822 1965; x_wconf 90' lang='lat' dir='ltr'>et</span> <span class='ocrx_word' id='word_1_241' title='bbox 1860 1919 2028 1966; x_wconf 89' lang='lat' dir='ltr'>inscio.</span> <span class='ocrx_word' id='word_1_242' title='bbox 2107 1918 2159 1967; x_wconf 87' lang='lat' dir='ltr'>Si</span> <span class='ocrx_word' id='word_1_243' title='bbox 2196 1919 2320 1967; x_wconf 88' lang='lat' dir='ltr'>sorte</span> <span class='ocrx_word' id='word_1_244' title='bbox 2361 1933 2449 1966; x_wconf 86' lang='lat' dir='ltr'>ex-</span> 
     </span>
     <span class='ocr_line' id='line_1_25' title="bbox 180 1986 2444 2055; baseline 0 -19"><span class='ocrx_word' id='word_1_245' title='bbox 180 1986 314 2036; x_wconf 88' lang='lat' dir='ltr'>cudit</span> <span class='ocrx_word' id='word_1_246' title='bbox 357 1987 440 2036; x_wconf 92' lang='lat' dir='ltr'>ille</span> <span class='ocrx_word' id='word_1_247' title='bbox 480 1994 528 2055; x_wconf 71' lang='lat' dir='ltr'>et</span> <span class='ocrx_word' id='word_1_248' title='bbox 565 1990 608 2036; x_wconf 75' lang='lat' dir='ltr'>si</span> <span class='ocrx_word' id='word_1_249' title='bbox 649 1989 966 2050; x_wconf 87' lang='lat' dir='ltr'>Argentinam</span> <span class='ocrx_word' id='word_1_250' title='bbox 1005 1987 1157 2036; x_wconf 87' lang='lat' dir='ltr'>allata</span> <span class='ocrx_word' id='word_1_251' title='bbox 1193 1987 1371 2036; x_wconf 78' lang='lat' dir='ltr'>fuerint</span> <span class='ocrx_word' id='word_1_252' title='bbox 1409 1988 1733 2051; x_wconf 85' lang='lat' dir='ltr'>exemplaria,</span> <span class='ocrx_word' id='word_1_253' title='bbox 1785 1991 1923 2039; x_wconf 89' lang='lat' dir='ltr'>mitte</span> <span class='ocrx_word' id='word_1_254' title='bbox 1979 2005 2127 2041; x_wconf 91' lang='lat' dir='ltr'>unum</span> <span class='ocrx_word' id='word_1_255' title='bbox 2167 1991 2444 2054; x_wconf 85' lang='lat' dir='ltr'>Tubingam</span> 
     </span>
     <span class='ocr_line' id='line_1_26' title="bbox 181 2059 2443 2127; baseline 0.002 -19"><span class='ocrx_word' id='word_1_256' title='bbox 181 2059 244 2108; x_wconf 88' lang='lat' dir='ltr'>ad</span> <span class='ocrx_word' id='word_1_257' title='bbox 282 2060 659 2121; x_wconf 86' lang='lat' dir='ltr'>Schickardum,</span> <span class='ocrx_word' id='word_1_258' title='bbox 710 2063 792 2124; x_wconf 93' lang='lat' dir='ltr'>qui</span> <span class='ocrx_word' id='word_1_259' title='bbox 831 2068 879 2111; x_wconf 90' lang='lat' dir='ltr'>te</span> <span class='ocrx_word' id='word_1_260' title='bbox 931 2075 1040 2109; x_wconf 90' lang='lat' dir='ltr'>cum</span> <span class='ocrx_word' id='word_1_261' title='bbox 1082 2060 1261 2109; x_wconf 87' lang='lat' dir='ltr'>Lansio</span> <span class='ocrx_word' id='word_1_262' title='bbox 1300 2059 1482 2108; x_wconf 91' lang='lat' dir='ltr'>salutat</span> <span class='ocrx_word' id='word_1_263' title='bbox 1525 2061 1726 2125; x_wconf 85' lang='lat' dir='ltr'>jamque</span> <span class='ocrx_word' id='word_1_264' title='bbox 1774 2062 1893 2110; x_wconf 91' lang='lat' dir='ltr'>mihi</span> <span class='ocrx_word' id='word_1_265' title='bbox 1945 2074 2142 2127; x_wconf 82' lang='lat' dir='ltr'>operam</span> <span class='ocrx_word' id='word_1_266' title='bbox 2195 2063 2443 2126; x_wconf 89' lang='lat' dir='ltr'>impendet</span> 
     </span>
     <span class='ocr_line' id='line_1_27' title="bbox 182 2132 2444 2198; baseline 0.001 -16"><span class='ocrx_word' id='word_1_267' title='bbox 182 2133 515 2183; x_wconf 76' lang='lat' dir='ltr'>examinandis</span> <span class='ocrx_word' id='word_1_268' title='bbox 553 2136 672 2183; x_wconf 89' lang='lat' dir='ltr'>meis</span> <span class='ocrx_word' id='word_1_269' title='bbox 713 2134 772 2183; x_wconf 95' lang='lat' dir='ltr'>de</span> <span class='ocrx_word' id='word_1_270' title='bbox 809 2134 1104 2198; x_wconf 86' lang='lat' dir='ltr'>genealogia</span> <span class='ocrx_word' id='word_1_271' title='bbox 1131 2132 1308 2181; x_wconf 87' lang='lat' dir='ltr'>Christi</span> <span class='ocrx_word' id='word_1_272' title='bbox 1347 2134 1618 2183; x_wconf 89' lang='lat' dir='ltr'>rationibus</span> <span class='ocrx_word' id='word_1_273' title='bbox 1659 2141 1707 2183; x_wconf 92' lang='lat' dir='ltr'>et</span> <span class='ocrx_word' id='word_1_274' title='bbox 1745 2149 1853 2183; x_wconf 91' lang='lat' dir='ltr'>cum</span> <span class='ocrx_word' id='word_1_275' title='bbox 1878 2134 2164 2187; x_wconf 83' lang='lat' dir='ltr'>Rabbinicis</span> <span class='ocrx_word' id='word_1_276' title='bbox 2203 2139 2303 2186; x_wconf 88' lang='lat' dir='ltr'>suis</span> <span class='ocrx_word' id='word_1_277' title='bbox 2342 2143 2444 2185; x_wconf 84' lang='lat' dir='ltr'>tra-</span> 
     </span>
     <span class='ocr_line' id='line_1_28' title="bbox 183 2203 2323 2272; baseline 0.001 -18"><span class='ocrx_word' id='word_1_278' title='bbox 183 2205 448 2257; x_wconf 86' lang='lat' dir='ltr'>ditionibus</span> <span class='ocrx_word' id='word_1_279' title='bbox 488 2206 806 2256; x_wconf 85' lang='lat' dir='ltr'>conferendis.</span> <span class='ocrx_word' id='word_1_280' title='bbox 884 2206 1025 2255; x_wconf 89' lang='lat' dir='ltr'>Vale.</span> <span class='ocrx_word' id='word_1_281' title='bbox 1104 2207 1261 2254; x_wconf 89' lang='lat' dir='ltr'>Datae</span> <span class='ocrx_word' id='word_1_282' title='bbox 1300 2203 1778 2272; x_wconf 79' lang='lat' dir='ltr'>Tubingae20l30.</span> <span class='ocrx_word' id='word_1_283' title='bbox 1819 2207 1959 2256; x_wconf 91' lang='lat' dir='ltr'>Junii</span> <span class='ocrx_word' id='word_1_284' title='bbox 1996 2225 2125 2259; x_wconf 91' lang='lat' dir='ltr'>anno</span> <span class='ocrx_word' id='word_1_285' title='bbox 2171 2210 2323 2259; x_wconf 83' lang='lat'>1625.</span> 
     </span>
    </p>
   </div>
   <div class='ocr_carea' id='block_1_4' title="bbox 355 2288 2450 2347">
    <p class='ocr_par' dir='ltr' id='par_1_5' title="bbox 355 2288 2450 2347">
     <span class='ocr_line' id='line_1_29' title="bbox 355 2288 2450 2347; baseline 0 -12"><span class='ocrx_word' id='word_1_286' title='bbox 355 2291 753 2347; x_wconf 75' lang='lat' dir='ltr'>Bernegg&#39;erus</span> <span class='ocrx_word' id='word_1_287' title='bbox 795 2289 1050 2347; x_wconf 86' lang='lat' dir='ltr'>respondit:</span> <span class='ocrx_word' id='word_1_288' title='bbox 1093 2288 1309 2334; x_wconf 88' lang='lat' dir='ltr'>Reddidit</span> <span class='ocrx_word' id='word_1_289' title='bbox 1338 2288 1448 2332; x_wconf 92' lang='lat' dir='ltr'>mihi</span> <span class='ocrx_word' id='word_1_290' title='bbox 1479 2289 1626 2343; x_wconf 84' lang='lat' dir='ltr'>Tuas,</span> <span class='ocrx_word' id='word_1_291' title='bbox 1678 2290 1745 2334; x_wconf 85' lang='lat' dir='ltr'>vir</span> <span class='ocrx_word' id='word_1_292' title='bbox 1775 2301 1967 2344; x_wconf 81' lang='lat' dir='ltr'>summe,</span> <span class='ocrx_word' id='word_1_293' title='bbox 2017 2293 2251 2339; x_wconf 85' lang='lat' dir='ltr'>Clutenius</span> <span class='ocrx_word' id='word_1_294' title='bbox 2295 2297 2450 2337; x_wconf 87' lang='lat' dir='ltr'>noster</span> 
     </span>
    </p>
   </div>
   <div class='ocr_carea' id='block_1_5' title="bbox 181 2357 2447 2470">
    <p class='ocr_par' dir='ltr' id='par_1_6' title="bbox 181 2357 2447 2470">
     <span class='ocr_line' id='line_1_30' title="bbox 184 2357 2447 2414; baseline 0.001 -16"><span class='ocrx_word' id='word_1_295' title='bbox 184 2357 548 2414; x_wconf 80' lang='lat' dir='ltr'>(bibliothecarius</span> <span class='ocrx_word' id='word_1_296' title='bbox 578 2361 835 2410; x_wconf 83' lang='lat' dir='ltr'>Argentinae</span> <span class='ocrx_word' id='word_1_297' title='bbox 866 2364 907 2399; x_wconf 87' lang='lat' dir='ltr'>et</span> <span class='ocrx_word' id='word_1_298' title='bbox 936 2361 1147 2410; x_wconf 82' lang='lat' dir='ltr'>professor</span> <span class='ocrx_word' id='word_1_299' title='bbox 1187 2359 1384 2398; x_wconf 82' lang='lat' dir='ltr'>historiae</span> <span class='ocrx_word' id='word_1_300' title='bbox 1413 2359 1458 2397; x_wconf 91' lang='lat' dir='ltr'>in</span> <span class='ocrx_word' id='word_1_301' title='bbox 1498 2359 1734 2398; x_wconf 82' lang='lat' dir='ltr'>accademia</span> <span class='ocrx_word' id='word_1_302' title='bbox 1765 2360 2079 2411; x_wconf 82' lang='lat' dir='ltr'>Argentinensi,</span> <span class='ocrx_word' id='word_1_303' title='bbox 2125 2359 2285 2401; x_wconf 83' lang='lat' dir='ltr'>celeber</span> <span class='ocrx_word' id='word_1_304' title='bbox 2324 2362 2447 2401; x_wconf 89' lang='lat' dir='ltr'>editis</span> 
     </span>
     <span class='ocr_line' id='line_1_31' title="bbox 181 2414 1230 2470; baseline -0.001 -11"><span class='ocrx_word' id='word_1_305' title='bbox 181 2419 300 2459; x_wconf 88' lang='lat' dir='ltr'>libris</span> <span class='ocrx_word' id='word_1_306' title='bbox 331 2419 539 2459; x_wconf 84' lang='lat' dir='ltr'>historicis</span> <span class='ocrx_word' id='word_1_307' title='bbox 571 2423 611 2459; x_wconf 91' lang='lat' dir='ltr'>et</span> <span class='ocrx_word' id='word_1_308' title='bbox 638 2418 845 2469; x_wconf 86' lang='lat' dir='ltr'>juridicis.</span> <span class='ocrx_word' id='word_1_309' title='bbox 905 2418 1026 2459; x_wconf 90' lang='lat' dir='ltr'>Mort.</span> <span class='ocrx_word' id='word_1_310' title='bbox 1062 2414 1230 2470; x_wconf 84' lang='lat'>1636..)</span> 
     </span>
    </p>
   </div>
   <div class='ocr_carea' id='block_1_6' title="bbox 182 2479 2450 2603">
    <p class='ocr_par' dir='ltr' id='par_1_7' title="bbox 182 2479 2450 2602">
     <span class='ocr_line' id='line_1_32' title="bbox 334 2479 2450 2536; baseline 0.001 -11.018"><span class='ocrx_word' id='word_1_311' title='bbox 334 2481 455 2526; x_wconf 86' lang='lat' dir='ltr'>‘Etsi</span> <span class='ocrx_word' id='word_1_312' title='bbox 494 2495 593 2526; x_wconf 90' lang='lat' dir='ltr'>sum</span> <span class='ocrx_word' id='word_1_313' title='bbox 630 2481 726 2536; x_wconf 86' lang='lat' dir='ltr'>jam</span> <span class='ocrx_word' id='word_1_314' title='bbox 765 2480 956 2525; x_wconf 88' lang='lat' dir='ltr'>aliorum</span> <span class='ocrx_word' id='word_1_315' title='bbox 988 2479 1260 2530; x_wconf 89' lang='lat' dir='ltr'>studiorum,</span> <span class='ocrx_word' id='word_1_316' title='bbox 1304 2483 1455 2523; x_wconf 90' lang='lat' dir='ltr'>tamen</span> <span class='ocrx_word' id='word_1_317' title='bbox 1493 2492 1575 2534; x_wconf 90' lang='lat' dir='ltr'>pro</span> <span class='ocrx_word' id='word_1_318' title='bbox 1614 2479 1754 2524; x_wconf 88' lang='lat' dir='ltr'>veteri</span> <span class='ocrx_word' id='word_1_319' title='bbox 1796 2493 1896 2525; x_wconf 90' lang='lat' dir='ltr'>meo</span> <span class='ocrx_word' id='word_1_320' title='bbox 1927 2479 1974 2524; x_wconf 91' lang='lat' dir='ltr'>in</span> <span class='ocrx_word' id='word_1_321' title='bbox 2005 2480 2195 2525; x_wconf 82' lang='lat' dir='ltr'>divinam</span> <span class='ocrx_word' id='word_1_322' title='bbox 2225 2481 2450 2527; x_wconf 88' lang='lat' dir='ltr'>mathesin</span> 
     </span>
     <span class='ocr_line' id='line_1_33' title="bbox 182 2543 2449 2603; baseline -0 -10"><span class='ocrx_word' id='word_1_323' title='bbox 182 2560 331 2593; x_wconf 88' lang='lat' dir='ltr'>amore</span> <span class='ocrx_word' id='word_1_324' title='bbox 361 2546 547 2592; x_wconf 89' lang='lat' dir='ltr'>mirifice</span> <span class='ocrx_word' id='word_1_325' title='bbox 579 2559 678 2591; x_wconf 91' lang='lat' dir='ltr'>sum</span> <span class='ocrx_word' id='word_1_326' title='bbox 709 2546 903 2601; x_wconf 86' lang='lat' dir='ltr'>gavisus,</span> <span class='ocrx_word' id='word_1_327' title='bbox 937 2559 1038 2590; x_wconf 88' lang='lat' dir='ltr'>cum</span> <span class='ocrx_word' id='word_1_328' title='bbox 1069 2543 1124 2589; x_wconf 86' lang='lat' dir='ltr'>de</span> <span class='ocrx_word' id='word_1_329' title='bbox 1147 2544 1260 2588; x_wconf 91' lang='lat' dir='ltr'>Tab</span> <span class='ocrx_word' id='word_1_330' title='bbox 1289 2543 1407 2588; x_wconf 88' lang='lat' dir='ltr'>Rud.</span> <span class='ocrx_word' id='word_1_331' title='bbox 1442 2543 1650 2597; x_wconf 90' lang='lat' dir='ltr'>editione</span> <span class='ocrx_word' id='word_1_332' title='bbox 1680 2549 1919 2600; x_wconf 88' lang='lat' dir='ltr'>tantopere</span> <span class='ocrx_word' id='word_1_333' title='bbox 1951 2547 2166 2603; x_wconf 80' lang='lat' dir='ltr'>expetita,</span> <span class='ocrx_word' id='word_1_334' title='bbox 2200 2548 2318 2592; x_wconf 87' lang='lat' dir='ltr'>serio</span> <span class='ocrx_word' id='word_1_335' title='bbox 2351 2554 2449 2592; x_wconf 87' lang='lat' dir='ltr'>tan-</span> 
     </span>
    </p>
   </div>
   <div class='ocr_carea' id='block_1_7' title="bbox 99 2608 2446 2670">
    <p class='ocr_par' dir='ltr' id='par_1_8' title="bbox 99 2608 2446 2670">
     <span class='ocr_line' id='line_1_34' title="bbox 99 2608 2446 2670; baseline -0.001 -11"><span class='ocrx_word' id='word_1_336' title='bbox 99 2608 102 2611; x_wconf 67' lang='grc'>’</span> <span class='ocrx_word' id='word_1_337' title='bbox 181 2614 282 2659; x_wconf 91' lang='lat' dir='ltr'>dem</span> <span class='ocrx_word' id='word_1_338' title='bbox 310 2618 357 2658; x_wconf 92' lang='lat' dir='ltr'>te</span> <span class='ocrx_word' id='word_1_339' title='bbox 389 2612 588 2670; x_wconf 88' lang='lat' dir='ltr'>cogitare</span> <span class='ocrx_word' id='word_1_340' title='bbox 619 2612 831 2658; x_wconf 87' lang='lat' dir='ltr'>viderem.</span> <span class='ocrx_word' id='word_1_341' title='bbox 894 2612 1099 2667; x_wconf 86' lang='lat' dir='ltr'>Ignosce,</span> <span class='ocrx_word' id='word_1_342' title='bbox 1134 2622 1318 2666; x_wconf 86' lang='lat' dir='ltr'>quaeso,</span> <span class='ocrx_word' id='word_1_343' title='bbox 1352 2608 1390 2652; x_wconf 88' lang='lat' dir='ltr'>si</span> <span class='ocrx_word' id='word_1_344' title='bbox 1420 2608 1646 2652; x_wconf 91' lang='lat' dir='ltr'>hominem</span> <span class='ocrx_word' id='word_1_345' title='bbox 1679 2609 1814 2653; x_wconf 92' lang='lat' dir='ltr'>homo</span> <span class='ocrx_word' id='word_1_346' title='bbox 1845 2610 2135 2656; x_wconf 85' lang='lat' dir='ltr'>mortalitatis</span> <span class='ocrx_word' id='word_1_347' title='bbox 2167 2611 2446 2656; x_wconf 89' lang='lat' dir='ltr'>admoneam.</span> 
     </span>
    </p>
   </div>
   <div class='ocr_carea' id='block_1_8' title="bbox 180 2670 2451 3473">
    <p class='ocr_par' dir='ltr' id='par_1_9' title="bbox 180 2670 2451 3457">
     <span class='ocr_line' id='line_1_35' title="bbox 180 2670 2448 2732; baseline -0.001 -8"><span class='ocrx_word' id='word_1_348' title='bbox 180 2681 245 2725; x_wconf 85' lang='lat' dir='ltr'>Te</span> <span class='ocrx_word' id='word_1_349' title='bbox 277 2691 377 2725; x_wconf 89' lang='lat' dir='ltr'>sero</span> <span class='ocrx_word' id='word_1_350' title='bbox 409 2670 650 2724; x_wconf 82' lang='lat' dir='ltr'>admodum</span> <span class='ocrx_word' id='word_1_351' title='bbox 681 2675 819 2722; x_wconf 85' lang='lat' dir='ltr'>rebus</span> <span class='ocrx_word' id='word_1_352' title='bbox 850 2673 1225 2730; x_wconf 77' lang='lat' dir='ltr'>humanis&#39;eximi,</span> <span class='ocrx_word' id='word_1_353' title='bbox 1256 2673 1501 2731; x_wconf 89' lang='lat' dir='ltr'>publicum,</span> <span class='ocrx_word' id='word_1_354' title='bbox 1532 2688 1683 2719; x_wconf 90' lang='lat' dir='ltr'>meum</span> <span class='ocrx_word' id='word_1_355' title='bbox 1715 2674 1893 2732; x_wconf 91' lang='lat' dir='ltr'>quidem</span> <span class='ocrx_word' id='word_1_356' title='bbox 1917 2682 2037 2721; x_wconf 89' lang='lat' dir='ltr'>certe</span> <span class='ocrx_word' id='word_1_357' title='bbox 2068 2683 2221 2721; x_wconf 88' lang='lat' dir='ltr'>votum</span> <span class='ocrx_word' id='word_1_358' title='bbox 2240 2683 2324 2722; x_wconf 91' lang='lat' dir='ltr'>est.</span> <span class='ocrx_word' id='word_1_359' title='bbox 2360 2678 2448 2722; x_wconf 89' lang='lat' dir='ltr'>Sed</span> 
     </span>
     <span class='ocr_line' id='line_1_36' title="bbox 183 2740 2450 2800; baseline -0 -10"><span class='ocrx_word' id='word_1_360' title='bbox 183 2747 220 2791; x_wconf 87' lang='lat' dir='ltr'>si</span> <span class='ocrx_word' id='word_1_361' title='bbox 249 2751 400 2790; x_wconf 90' lang='lat' dir='ltr'>tamen</span> <span class='ocrx_word' id='word_1_362' title='bbox 420 2744 679 2789; x_wconf 88' lang='lat' dir='ltr'>humanitus</span> <span class='ocrx_word' id='word_1_363' title='bbox 702 2743 871 2800; x_wconf 89' lang='lat' dir='ltr'>aliquid</span> <span class='ocrx_word' id='word_1_364' title='bbox 892 2742 975 2786; x_wconf 87' lang='lat' dir='ltr'>tibi</span> <span class='ocrx_word' id='word_1_365' title='bbox 992 2742 1235 2796; x_wconf 87' lang='lat' dir='ltr'>contingat,</span> <span class='ocrx_word' id='word_1_366' title='bbox 1268 2753 1451 2795; x_wconf 80' lang='lat' dir='ltr'>quaeSO,</span> <span class='ocrx_word' id='word_1_367' title='bbox 1485 2740 1586 2795; x_wconf 78' lang='lat' dir='ltr'>quis</span> <span class='ocrx_word' id='word_1_368' title='bbox 1606 2741 1891 2785; x_wconf 81' lang='lat' dir='ltr'>absolvendis</span> <span class='ocrx_word' id='word_1_369' title='bbox 1922 2740 2008 2785; x_wconf 90' lang='lat' dir='ltr'>illis</span> <span class='ocrx_word' id='word_1_370' title='bbox 2031 2742 2134 2794; x_wconf 91' lang='lat' dir='ltr'>tuis,</span> <span class='ocrx_word' id='word_1_371' title='bbox 2168 2756 2284 2798; x_wconf 82' lang='lat' dir='ltr'>quae</span> <span class='ocrx_word' id='word_1_372' title='bbox 2305 2750 2450 2790; x_wconf 87' lang='lat' dir='ltr'>aeter-</span> 
     </span>
     <span class='ocr_line' id='line_1_37' title="bbox 180 2806 2446 2866; baseline -0.001 -11"><span class='ocrx_word' id='word_1_373' title='bbox 180 2810 310 2856; x_wconf 86' lang='lat' dir='ltr'>nitati</span> <span class='ocrx_word' id='word_1_374' title='bbox 341 2810 603 2864; x_wconf 85' lang='lat' dir='ltr'>destinasti,</span> <span class='ocrx_word' id='word_1_375' title='bbox 643 2823 726 2866; x_wconf 92' lang='lat' dir='ltr'>par</span> <span class='ocrx_word' id='word_1_376' title='bbox 757 2810 871 2854; x_wconf 85' lang='lat' dir='ltr'>erit‘?</span> <span class='ocrx_word' id='word_1_377' title='bbox 915 2810 1075 2864; x_wconf 87' lang='lat' dir='ltr'>Itaque</span> <span class='ocrx_word' id='word_1_378' title='bbox 1106 2812 1283 2850; x_wconf 88' lang='lat' dir='ltr'>matura</span> <span class='ocrx_word' id='word_1_379' title='bbox 1314 2810 1534 2862; x_wconf 80' lang='lat' dir='ltr'>quantum</span> <span class='ocrx_word' id='word_1_380' title='bbox 1563 2812 1694 2862; x_wconf 81' lang='lat' dir='ltr'>potes</span> <span class='ocrx_word' id='word_1_381' title='bbox 1727 2812 1772 2851; x_wconf 92' lang='lat' dir='ltr'>et</span> <span class='ocrx_word' id='word_1_382' title='bbox 1799 2806 1995 2851; x_wconf 89' lang='lat' dir='ltr'>labentis</span> <span class='ocrx_word' id='word_1_383' title='bbox 2035 2808 2132 2852; x_wconf 88' lang='lat' dir='ltr'>aevi</span> <span class='ocrx_word' id='word_1_384' title='bbox 2161 2807 2446 2855; x_wconf 86' lang='lat' dir='ltr'>velocitatem</span> 
     </span>
     <span class='ocr_line' id='line_1_38' title="bbox 181 2870 2450 2929; baseline 0 -8"><span class='ocrx_word' id='word_1_385' title='bbox 181 2876 417 2922; x_wconf 87' lang='lat' dir='ltr'>velocitate</span> <span class='ocrx_word' id='word_1_386' title='bbox 460 2875 627 2919; x_wconf 89' lang='lat' dir='ltr'>laboris</span> <span class='ocrx_word' id='word_1_387' title='bbox 671 2880 919 2929; x_wconf 89' lang='lat' dir='ltr'>anteverte;</span> <span class='ocrx_word' id='word_1_388' title='bbox 971 2883 1242 2929; x_wconf 89' lang='lat' dir='ltr'>quamquam</span> <span class='ocrx_word' id='word_1_389' title='bbox 1281 2883 1398 2925; x_wconf 90' lang='lat' dir='ltr'>equo</span> <span class='ocrx_word' id='word_1_390' title='bbox 1440 2870 1649 2915; x_wconf 85' lang='lat' dir='ltr'>alacriter</span> <span class='ocrx_word' id='word_1_391' title='bbox 1687 2871 1800 2916; x_wconf 87' lang='lat' dir='ltr'>adeo</span> <span class='ocrx_word' id='word_1_392' title='bbox 1833 2872 2030 2916; x_wconf 89' lang='lat' dir='ltr'>currenti</span> <span class='ocrx_word' id='word_1_393' title='bbox 2062 2887 2152 2917; x_wconf 93' lang='lat' dir='ltr'>non</span> <span class='ocrx_word' id='word_1_394' title='bbox 2181 2880 2273 2918; x_wconf 89' lang='lat' dir='ltr'>tam</span> <span class='ocrx_word' id='word_1_395' title='bbox 2307 2875 2450 2921; x_wconf 78' lang='lat' dir='ltr'>calca‘-</span> 
     </span>
     <span class='ocr_line' id='line_1_39' title="bbox 183 2935 2451 3001; baseline -0 -13"><span class='ocrx_word' id='word_1_396' title='bbox 183 2944 325 3001; x_wconf 86' lang='lat' dir='ltr'>ribus,</span> <span class='ocrx_word' id='word_1_397' title='bbox 357 2947 408 2988; x_wconf 91' lang='lat' dir='ltr'>ut</span> <span class='ocrx_word' id='word_1_398' title='bbox 435 2941 580 2996; x_wconf 85' lang='lat' dir='ltr'>video,</span> <span class='ocrx_word' id='word_1_399' title='bbox 615 2953 748 2996; x_wconf 88' lang='lat' dir='ltr'>quam</span> <span class='ocrx_word' id='word_1_400' title='bbox 778 2939 944 2996; x_wconf 88' lang='lat' dir='ltr'>pabulo</span> <span class='ocrx_word' id='word_1_401' title='bbox 978 2937 1173 2994; x_wconf 87' lang='lat' dir='ltr'>quodam</span> <span class='ocrx_word' id='word_1_402' title='bbox 1202 2935 1463 2993; x_wconf 87' lang='lat' dir='ltr'>pecuniario</span> <span class='ocrx_word' id='word_1_403' title='bbox 1495 2936 1633 2980; x_wconf 87' lang='lat' dir='ltr'>fuerit</span> <span class='ocrx_word' id='word_1_404' title='bbox 1663 2950 1793 2992; x_wconf 85' lang='lat' dir='ltr'>opus.</span> <span class='ocrx_word' id='word_1_405' title='bbox 1854 2936 1907 2980; x_wconf 91' lang='lat' dir='ltr'>Id</span> <span class='ocrx_word' id='word_1_406' title='bbox 1932 2936 2010 2993; x_wconf 88' lang='lat' dir='ltr'>qui</span> <span class='ocrx_word' id='word_1_407' title='bbox 2038 2939 2332 2994; x_wconf 89' lang='lat' dir='ltr'>suppeditent</span> <span class='ocrx_word' id='word_1_408' title='bbox 2356 2942 2451 2987; x_wconf 89' lang='lat' dir='ltr'>fere</span> 
     </span>
     <span class='ocr_line' id='line_1_40' title="bbox 185 3001 2449 3064; baseline -0.001 -10"><span class='ocrx_word' id='word_1_409' title='bbox 185 3010 364 3064; x_wconf 87' lang='lat' dir='ltr'>deesse,</span> <span class='ocrx_word' id='word_1_410' title='bbox 395 3006 686 3063; x_wconf 86' lang='lat' dir='ltr'>ingratissimi</span> <span class='ocrx_word' id='word_1_411' title='bbox 719 3004 859 3051; x_wconf 90' lang='lat' dir='ltr'>seculi</span> <span class='ocrx_word' id='word_1_412' title='bbox 892 3003 1184 3060; x_wconf 88' lang='lat' dir='ltr'>opprobrium</span> <span class='ocrx_word' id='word_1_413' title='bbox 1214 3007 1298 3046; x_wconf 86' lang='lat' dir='ltr'>est.</span> <span class='ocrx_word' id='word_1_414' title='bbox 1358 3001 1427 3044; x_wconf 89' lang='lat' dir='ltr'>De</span> <span class='ocrx_word' id='word_1_415' title='bbox 1457 3001 1535 3058; x_wconf 89' lang='lat' dir='ltr'>iis,</span> <span class='ocrx_word' id='word_1_416' title='bbox 1568 3015 1681 3057; x_wconf 88' lang='lat' dir='ltr'>quos</span> <span class='ocrx_word' id='word_1_417' title='bbox 1712 3002 1759 3045; x_wconf 89' lang='lat' dir='ltr'>in</span> <span class='ocrx_word' id='word_1_418' title='bbox 1788 3002 1879 3047; x_wconf 89' lang='lat' dir='ltr'>fine</span> <span class='ocrx_word' id='word_1_419' title='bbox 1910 3008 2091 3048; x_wconf 88' lang='lat' dir='ltr'>tuarum</span> <span class='ocrx_word' id='word_1_420' title='bbox 2122 3006 2354 3064; x_wconf 86' lang='lat' dir='ltr'>scripsisti,</span> <span class='ocrx_word' id='word_1_421' title='bbox 2387 3008 2449 3052; x_wconf 91' lang='lat' dir='ltr'>nil</span> 
     </span>
     <span class='ocr_line' id='line_1_41' title="bbox 185 3067 2449 3130; baseline -0.002 -11"><span class='ocrx_word' id='word_1_422' title='bbox 185 3075 360 3119; x_wconf 89' lang='lat' dir='ltr'>omnino</span> <span class='ocrx_word' id='word_1_423' title='bbox 394 3073 690 3130; x_wconf 89' lang='lat' dir='ltr'>sperandum:</span> <span class='ocrx_word' id='word_1_424' title='bbox 739 3075 1011 3115; x_wconf 87' lang='lat' dir='ltr'>mercatores</span> <span class='ocrx_word' id='word_1_425' title='bbox 1047 3068 1182 3113; x_wconf 90' lang='lat' dir='ltr'>isthic</span> <span class='ocrx_word' id='word_1_426' title='bbox 1212 3067 1648 3123; x_wconf 85' lang='lat' dir='ltr'>rerumpotiuntur‚</span> <span class='ocrx_word' id='word_1_427' title='bbox 1694 3067 1813 3123; x_wconf 86' lang='lat' dir='ltr'>quod</span> <span class='ocrx_word' id='word_1_428' title='bbox 1851 3081 1991 3112; x_wconf 89' lang='lat' dir='ltr'>unum</span> <span class='ocrx_word' id='word_1_429' title='bbox 2034 3068 2201 3113; x_wconf 89' lang='lat' dir='ltr'>dictum</span> <span class='ocrx_word' id='word_1_430' title='bbox 2243 3071 2324 3124; x_wconf 80' lang='lat' dir='ltr'>tibj</span> <span class='ocrx_word' id='word_1_431' title='bbox 2355 3079 2449 3118; x_wconf 86' lang='lat' dir='ltr'>tam</span> 
     </span>
     <span class='ocr_line' id='line_1_42' title="bbox 185 3133 2448 3196; baseline -0.001 -11"><span class='ocrx_word' id='word_1_432' title='bbox 185 3139 375 3196; x_wconf 79' lang='lat' dir='ltr'>sapienti</span> <span class='ocrx_word' id='word_1_433' title='bbox 404 3140 498 3184; x_wconf 84' lang='lat' dir='ltr'>viro</span> <span class='ocrx_word' id='word_1_434' title='bbox 531 3145 603 3184; x_wconf 88' lang='lat' dir='ltr'>sat</span> <span class='ocrx_word' id='word_1_435' title='bbox 635 3143 719 3182; x_wconf 76' lang='lat' dir='ltr'>est.</span> <span class='ocrx_word' id='word_1_436' title='bbox 779 3135 1069 3182; x_wconf 87' lang='lat' dir='ltr'>Habrechtus</span> <span class='ocrx_word' id='word_1_437' title='bbox 1100 3134 1250 3179; x_wconf 90' lang='lat' dir='ltr'>veniet</span> <span class='ocrx_word' id='word_1_438' title='bbox 1281 3133 1453 3178; x_wconf 85' lang='lat' dir='ltr'>exactis</span> <span class='ocrx_word' id='word_1_439' title='bbox 1485 3133 1698 3178; x_wconf 91' lang='lat' dir='ltr'>nundinis</span> <span class='ocrx_word' id='word_1_440' title='bbox 1729 3133 1917 3190; x_wconf 89' lang='lat' dir='ltr'>nostris,</span> <span class='ocrx_word' id='word_1_441' title='bbox 1951 3135 2040 3190; x_wconf 89' lang='lat' dir='ltr'>qui,</span> <span class='ocrx_word' id='word_1_442' title='bbox 2071 3149 2173 3180; x_wconf 90' lang='lat' dir='ltr'>cum</span> <span class='ocrx_word' id='word_1_443' title='bbox 2205 3138 2264 3181; x_wconf 87' lang='lat' dir='ltr'>sit</span> <span class='ocrx_word' id='word_1_444' title='bbox 2293 3137 2339 3181; x_wconf 92' lang='lat' dir='ltr'>in</span> <span class='ocrx_word' id='word_1_445' title='bbox 2370 3139 2448 3183; x_wconf 90' lang='lat' dir='ltr'>ali-</span> 
     </span>
     <span class='ocr_line' id='line_1_43' title="bbox 186 3198 2427 3261; baseline -0 -11"><span class='ocrx_word' id='word_1_446' title='bbox 186 3209 296 3261; x_wconf 85' lang='lat' dir='ltr'>quot</span> <span class='ocrx_word' id='word_1_447' title='bbox 323 3204 575 3260; x_wconf 84' lang='lat' dir='ltr'>principum</span> <span class='ocrx_word' id='word_1_448' title='bbox 606 3203 721 3248; x_wconf 88' lang='lat' dir='ltr'>aulis</span> <span class='ocrx_word' id='word_1_449' title='bbox 743 3201 969 3258; x_wconf 85' lang='lat' dir='ltr'>gratiosus</span> <span class='ocrx_word' id='word_1_450' title='bbox 1001 3206 1047 3245; x_wconf 86' lang='lat' dir='ltr'>et</span> <span class='ocrx_word' id='word_1_451' title='bbox 1075 3199 1267 3244; x_wconf 89' lang='lat' dir='ltr'>nominis</span> <span class='ocrx_word' id='word_1_452' title='bbox 1298 3198 1367 3242; x_wconf 87' lang='lat' dir='ltr'>tui</span> <span class='ocrx_word' id='word_1_453' title='bbox 1398 3199 1546 3242; x_wconf 87' lang='lat' dir='ltr'>cultor</span> <span class='ocrx_word' id='word_1_454' title='bbox 1575 3198 1820 3247; x_wconf 81' lang='lat' dir='ltr'>maximus,</span> <span class='ocrx_word' id='word_1_455' title='bbox 1860 3210 1963 3244; x_wconf 89' lang='lat' dir='ltr'>non·</span> <span class='ocrx_word' id='word_1_456' title='bbox 1982 3199 2061 3244; x_wconf 88' lang='lat' dir='ltr'>abs</span> <span class='ocrx_word' id='word_1_457' title='bbox 2091 3213 2140 3243; x_wconf 90' lang='lat' dir='ltr'>re</span> <span class='ocrx_word' id='word_1_458' title='bbox 2171 3201 2318 3259; x_wconf 86' lang='lat' dir='ltr'>fuerit,</span> <span class='ocrx_word' id='word_1_459' title='bbox 2352 3205 2427 3261; x_wconf 87' lang='lat' dir='ltr'>opi</span> 
     </span>
     <span class='ocr_line' id='line_1_44' title="bbox 184 3263 2348 3324; baseline -0 -9"><span class='ocrx_word' id='word_1_460' title='bbox 184 3283 278 3322; x_wconf 91' lang='lat' dir='ltr'>nor,</span> <span class='ocrx_word' id='word_1_461' title='bbox 311 3268 408 3323; x_wconf 84' lang='lat' dir='ltr'>ejus</span> <span class='ocrx_word' id='word_1_462' title='bbox 443 3269 496 3312; x_wconf 92' lang='lat' dir='ltr'>de</span> <span class='ocrx_word' id='word_1_463' title='bbox 528 3268 748 3324; x_wconf 88' lang='lat' dir='ltr'>impensis</span> <span class='ocrx_word' id='word_1_464' title='bbox 778 3267 866 3311; x_wconf 89' lang='lat' dir='ltr'>illis</span> <span class='ocrx_word' id='word_1_465' title='bbox 899 3264 1146 3320; x_wconf 88' lang='lat' dir='ltr'>consilium,</span> <span class='ocrx_word' id='word_1_466' title='bbox 1180 3263 1218 3307; x_wconf 92' lang='lat' dir='ltr'>si</span> <span class='ocrx_word' id='word_1_467' title='bbox 1247 3277 1338 3307; x_wconf 91' lang='lat' dir='ltr'>non</span> <span class='ocrx_word' id='word_1_468' title='bbox 1370 3270 1415 3307; x_wconf 92' lang='lat' dir='ltr'>et</span> <span class='ocrx_word' id='word_1_469' title='bbox 1445 3263 1660 3307; x_wconf 84' lang='lat' dir='ltr'>auxilium</span> <span class='ocrx_word' id='word_1_470' title='bbox 1690 3264 2149 3323; x_wconf 84' lang='lat' dir='ltr'>intercessionemque</span> <span class='ocrx_word' id='word_1_471' title='bbox 2177 3275 2348 3324; x_wconf 87' lang='lat' dir='ltr'>petere.</span> 
     </span>
     <span class='ocr_line' id='line_1_45' title="bbox 358 3330 2444 3392; baseline 0.001 -16"><span class='ocrx_word' id='word_1_472' title='bbox 358 3331 429 3376; x_wconf 88' lang='lat' dir='ltr'>Ad</span> <span class='ocrx_word' id='word_1_473' title='bbox 465 3338 683 3377; x_wconf 87' lang='lat' dir='ltr'>rectorem</span> <span class='ocrx_word' id='word_1_474' title='bbox 723 3333 941 3392; x_wconf 86' lang='lat' dir='ltr'>gymnasii</span> <span class='ocrx_word' id='word_1_475' title='bbox 971 3330 1393 3386; x_wconf 87' lang='lat' dir='ltr'>Frankofurtensis,</span> <span class='ocrx_word' id='word_1_476' title='bbox 1435 3335 1633 3374; x_wconf 85' lang='lat' dir='ltr'>veterem</span> <span class='ocrx_word' id='word_1_477' title='bbox 1664 3330 1877 3386; x_wconf 89' lang='lat' dir='ltr'>amicum,</span> <span class='ocrx_word' id='word_1_478' title='bbox 1920 3344 2066 3388; x_wconf 87' lang='lat' dir='ltr'>nuper</span> <span class='ocrx_word' id='word_1_479' title='bbox 2097 3332 2258 3390; x_wconf 85' lang='lat' dir='ltr'>scripsi</span> <span class='ocrx_word' id='word_1_480' title='bbox 2288 3335 2343 3378; x_wconf 90' lang='lat' dir='ltr'>de</span> <span class='ocrx_word' id='word_1_481' title='bbox 2374 3335 2444 3390; x_wconf 88' lang='lat' dir='ltr'>iis,</span> 
     </span>
     <span class='ocr_line' id='line_1_46' title="bbox 188 3395 2445 3473; baseline 0 -29"><span class='ocrx_word' id='word_1_482' title='bbox 188 3412 303 3457; x_wconf 90' lang='lat' dir='ltr'>quae</span> <span class='ocrx_word' id='word_1_483' title='bbox 334 3412 361 3442; x_wconf 90' lang='lat' dir='ltr'>a</span> <span class='ocrx_word' id='word_1_484' title='bbox 391 3398 678 3473; x_wconf 83' lang='lat' dir='ltr'>Tampachio,</span> <span class='ocrx_word' id='word_1_485' title='bbox 713 3412 739 3443; x_wconf 90' lang='lat' dir='ltr'>a</span> <span class='ocrx_word' id='word_1_486' title='bbox 771 3399 1002 3445; x_wconf 87' lang='lat' dir='ltr'>Chemlino</span> <span class='ocrx_word' id='word_1_487' title='bbox 1035 3397 1182 3442; x_wconf 87' lang='lat' dir='ltr'>curari</span> <span class='ocrx_word' id='word_1_488' title='bbox 1213 3395 1407 3440; x_wconf 87' lang='lat' dir='ltr'>voluisti</span> <span class='ocrx_word' id='word_1_489' title='bbox 1470 3396 1757 3455; x_wconf 81' lang='lat' dir='ltr'>Responsum</span> <span class='ocrx_word' id='word_1_490' title='bbox 1787 3396 1834 3439; x_wconf 91' lang='lat' dir='ltr'>in</span> <span class='ocrx_word' id='word_1_491' title='bbox 1865 3395 1961 3440; x_wconf 87' lang='lat' dir='ltr'>dies</span> <span class='ocrx_word' id='word_1_492' title='bbox 1994 3396 2193 3451; x_wconf 88' lang='lat' dir='ltr'>singulos</span> <span class='ocrx_word' id='word_1_493' title='bbox 2217 3405 2445 3457; x_wconf 81' lang='lat' dir='ltr'>exspecto,</span> 
     </span>
    </p>
   </div>
   <div class='ocr_carea' id='block_1_9' title="bbox 186 3461 2470 3575">
    <p class='ocr_par' dir='ltr' id='par_1_10' title="bbox 186 3461 2470 3575">
     <span class='ocr_line' id='line_1_47' title="bbox 186 3461 2470 3522; baseline -0.001 -12"><span class='ocrx_word' id='word_1_494' title='bbox 186 3464 298 3510; x_wconf 89' lang='lat' dir='ltr'>Vale</span> <span class='ocrx_word' id='word_1_495' title='bbox 339 3463 405 3506; x_wconf 84' lang='lat' dir='ltr'>vir</span> <span class='ocrx_word' id='word_1_496' title='bbox 442 3464 652 3520; x_wconf 86' lang='lat' dir='ltr'>maxime,</span> <span class='ocrx_word' id='word_1_497' title='bbox 695 3478 722 3508; x_wconf 90' lang='lat' dir='ltr'>a</span> <span class='ocrx_word' id='word_1_498' title='bbox 752 3465 804 3508; x_wconf 91' lang='lat' dir='ltr'>D.</span> <span class='ocrx_word' id='word_1_499' title='bbox 836 3462 1194 3521; x_wconf 88' lang='lat' dir='ltr'>Iingelshemio,</span> <span class='ocrx_word' id='word_1_500' title='bbox 1233 3461 1299 3507; x_wconf 91' lang='lat' dir='ltr'>tui</span> <span class='ocrx_word' id='word_1_501' title='bbox 1338 3461 1467 3506; x_wconf 88' lang='lat' dir='ltr'>valde</span> <span class='ocrx_word' id='word_1_502' title='bbox 1507 3462 1733 3519; x_wconf 87' lang='lat' dir='ltr'>studioso,</span> <span class='ocrx_word' id='word_1_503' title='bbox 1776 3461 1898 3506; x_wconf 87' lang='lat' dir='ltr'>salve</span> <span class='ocrx_word' id='word_1_504' title='bbox 1938 3462 2193 3519; x_wconf 88' lang='lat' dir='ltr'>plurimum.</span> <span class='ocrx_word' id='word_1_505' title='bbox 2257 3466 2448 3522; x_wconf 84' lang='lat' dir='ltr'>Argent.</span> <span class='ocrx_word' id='word_1_506' title='bbox 2466 3500 2470 3507; x_wconf 93' lang='lat'>.</span> 
     </span>
     <span class='ocr_line' id='line_1_48' title="bbox 188 3526 1333 3575; baseline -0.015 -2"><span class='ocrx_word' id='word_1_507' title='bbox 188 3529 227 3573; x_wconf 80' lang='lat'>4.</span> <span class='ocrx_word' id='word_1_508' title='bbox 258 3526 364 3575; x_wconf 79' lang='lat' dir='ltr'>Juiii</span> <span class='ocrx_word' id='word_1_509' title='bbox 395 3526 563 3571; x_wconf 86' lang='lat' dir='ltr'>Juliani</span> <span class='ocrx_word' id='word_1_510' title='bbox 597 3528 718 3572; x_wconf 80' lang='lat'>1625.</span> <span class='ocrx_word' id='word_1_511' title='bbox 1322 3550 1333 3556; x_wconf 72' lang='lat'>-</span> 
     </span>
    </p>
   </div>
   <div class='ocr_carea' id='block_1_10' title="bbox 188 3598 2477 3924">
    <p class='ocr_par' dir='ltr' id='par_1_11' title="bbox 188 3598 2477 3924">
     <span class='ocr_line' id='line_1_49' title="bbox 366 3598 2445 3660; baseline 0.001 -15"><span class='ocrx_word' id='word_1_512' title='bbox 366 3600 562 3656; x_wconf 83' lang='lat' dir='ltr'>Keplero</span> <span class='ocrx_word' id='word_1_513' title='bbox 588 3600 736 3644; x_wconf 88' lang='lat' dir='ltr'>silenti</span> <span class='ocrx_word' id='word_1_514' title='bbox 756 3601 894 3646; x_wconf 90' lang='lat' dir='ltr'>instat</span> <span class='ocrx_word' id='word_1_515' title='bbox 909 3603 1236 3658; x_wconf 86' lang='lat' dir='ltr'>Berneggerus,</span> <span class='ocrx_word' id='word_1_516' title='bbox 1268 3606 1320 3645; x_wconf 94' lang='lat' dir='ltr'>ut</span> <span class='ocrx_word' id='word_1_517' title='bbox 1339 3601 1630 3657; x_wconf 90' lang='lat' dir='ltr'>respondeat,</span> <span class='ocrx_word' id='word_1_518' title='bbox 1661 3601 1778 3644; x_wconf 87' lang='lat' dir='ltr'>inter</span> <span class='ocrx_word' id='word_1_519' title='bbox 1798 3598 1887 3643; x_wconf 87' lang='lat' dir='ltr'>alia</span> <span class='ocrx_word' id='word_1_520' title='bbox 1908 3598 2084 3645; x_wconf 87' lang='lat' dir='ltr'>dicens:</span> <span class='ocrx_word' id='word_1_521' title='bbox 2117 3601 2291 3646; x_wconf 87' lang='lat' dir='ltr'>Obnixe</span> <span class='ocrx_word' id='word_1_522' title='bbox 2321 3615 2445 3660; x_wconf 86' lang='lat' dir='ltr'>rogo,</span> 
     </span>
     <span class='ocr_line' id='line_1_50' title="bbox 188 3665 2446 3724; baseline -0.001 -10"><span class='ocrx_word' id='word_1_523' title='bbox 188 3669 261 3714; x_wconf 84' lang='lat' dir='ltr'>fac</span> <span class='ocrx_word' id='word_1_524' title='bbox 291 3672 347 3712; x_wconf 88' lang='lat' dir='ltr'>ut</span> <span class='ocrx_word' id='word_1_525' title='bbox 372 3666 565 3712; x_wconf 84' lang='lat' dir='ltr'>sciamus</span> <span class='ocrx_word' id='word_1_526' title='bbox 597 3665 702 3720; x_wconf 76' lang='lat' dir='ltr'>(ego</span> <span class='ocrx_word' id='word_1_527' title='bbox 735 3670 780 3708; x_wconf 90' lang='lat' dir='ltr'>et</span> <span class='ocrx_word' id='word_1_528' title='bbox 809 3667 863 3710; x_wconf 92' lang='lat' dir='ltr'>D.</span> <span class='ocrx_word' id='word_1_529' title='bbox 894 3667 1270 3723; x_wconf 89' lang='lat' dir='ltr'>Lingelshemius)</span> <span class='ocrx_word' id='word_1_530' title='bbox 1301 3674 1352 3712; x_wconf 90' lang='lat' dir='ltr'>ut</span> <span class='ocrx_word' id='word_1_531' title='bbox 1380 3667 1527 3722; x_wconf 85' lang='lat' dir='ltr'>vivas,</span> <span class='ocrx_word' id='word_1_532' title='bbox 1572 3673 1622 3710; x_wconf 88' lang='lat' dir='ltr'>ut</span> <span class='ocrx_word' id='word_1_533' title='bbox 1660 3666 1809 3724; x_wconf 82' lang='lat' dir='ltr'>valeas</span> <span class='ocrx_word' id='word_1_534' title='bbox 1850 3669 1894 3708; x_wconf 91' lang='lat' dir='ltr'>et</span> <span class='ocrx_word' id='word_1_535' title='bbox 1935 3666 2041 3721; x_wconf 90' lang='lat' dir='ltr'>quid</span> <span class='ocrx_word' id='word_1_536' title='bbox 2079 3679 2228 3711; x_wconf 87' lang='lat' dir='ltr'>rerum</span> <span class='ocrx_word' id='word_1_537' title='bbox 2257 3674 2446 3713; x_wconf 78' lang='lat' dir='ltr'>tractes.</span> 
     </span>
     <span class='ocr_line' id='line_1_51' title="bbox 188 3729 2444 3789; baseline -0.002 -8"><span class='ocrx_word' id='word_1_538' title='bbox 188 3737 292 3781; x_wconf 84' lang='lat' dir='ltr'>Non</span> <span class='ocrx_word' id='word_1_539' title='bbox 313 3733 395 3779; x_wconf 87' lang='lat' dir='ltr'>abs</span> <span class='ocrx_word' id='word_1_540' title='bbox 424 3745 473 3776; x_wconf 91' lang='lat' dir='ltr'>re</span> <span class='ocrx_word' id='word_1_541' title='bbox 502 3731 754 3782; x_wconf 78' lang='lat' dir='ltr'>metuimus,</span> <span class='ocrx_word' id='word_1_542' title='bbox 786 3744 841 3774; x_wconf 86' lang='lat' dir='ltr'>ne</span> <span class='ocrx_word' id='word_1_543' title='bbox 863 3733 1223 3788; x_wconf 81' lang='lat' dir='ltr'>hactemporum</span> <span class='ocrx_word' id='word_1_544' title='bbox 1244 3733 1563 3789; x_wconf 87' lang='lat' dir='ltr'>hominumque</span> <span class='ocrx_word' id='word_1_545' title='bbox 1592 3735 1718 3788; x_wconf 89' lang='lat' dir='ltr'>peste</span> <span class='ocrx_word' id='word_1_546' title='bbox 1751 3729 1885 3774; x_wconf 88' lang='lat' dir='ltr'>divini</span> <span class='ocrx_word' id='word_1_547' title='bbox 1906 3730 2071 3785; x_wconf 85' lang='lat' dir='ltr'>ingenii</span> <span class='ocrx_word' id='word_1_548' title='bbox 2101 3732 2168 3776; x_wconf 84' lang='lat' dir='ltr'>tui</span> <span class='ocrx_word' id='word_1_549' title='bbox 2201 3733 2348 3778; x_wconf 83' lang='lat' dir='ltr'>foetus</span> <span class='ocrx_word' id='word_1_550' title='bbox 2379 3734 2444 3776; x_wconf 90' lang='lat' dir='ltr'>in-</span> 
     </span>
     <span class='ocr_line' id='line_1_52' title="bbox 189 3796 2477 3854; baseline -0 -10"><span class='ocrx_word' id='word_1_551' title='bbox 189 3798 495 3854; x_wconf 81' lang='lat' dir='ltr'>tercipiantur,</span> <span class='ocrx_word' id='word_1_552' title='bbox 529 3809 630 3841; x_wconf 91' lang='lat' dir='ltr'>cum</span> <span class='ocrx_word' id='word_1_553' title='bbox 661 3800 844 3839; x_wconf 85' lang='lat' dir='ltr'>aeterna</span> <span class='ocrx_word' id='word_1_554' title='bbox 873 3796 1053 3840; x_wconf 86' lang='lat' dir='ltr'>infamia</span> <span class='ocrx_word' id='word_1_555' title='bbox 1082 3799 1267 3853; x_wconf 88' lang='lat' dir='ltr'>pessimi</span> <span class='ocrx_word' id='word_1_556' title='bbox 1297 3799 1437 3843; x_wconf 88' lang='lat' dir='ltr'>seculi</span> <span class='ocrx_word' id='word_1_557' title='bbox 1467 3805 1512 3842; x_wconf 90' lang='lat' dir='ltr'>et</span> <span class='ocrx_word' id='word_1_558' title='bbox 1533 3797 1779 3843; x_wconf 83' lang='lat' dir='ltr'>studiorum</span> <span class='ocrx_word' id='word_1_559' title='bbox 1809 3810 1899 3840; x_wconf 92' lang='lat' dir='ltr'>non</span> <span class='ocrx_word' id='word_1_560' title='bbox 1931 3796 2075 3841; x_wconf 85' lang='lat' dir='ltr'>solum</span> <span class='ocrx_word' id='word_1_561' title='bbox 2103 3797 2327 3848; x_wconf 87' lang='lat' dir='ltr'>incuriosi,</span> <span class='ocrx_word' id='word_1_562' title='bbox 2362 3797 2442 3843; x_wconf 84' lang='lat' dir='ltr'>sed</span> <span class='ocrx_word' id='word_1_563' title='bbox 2471 3823 2477 3830; x_wconf 89' lang='lat'><strong>·</strong></span> 
     </span>
     <span class='ocr_line' id='line_1_53' title="bbox 193 3861 2380 3924; baseline -0 -11"><span class='ocrx_word' id='word_1_564' title='bbox 193 3871 238 3918; x_wconf 88' lang='lat' dir='ltr'>et</span> <span class='ocrx_word' id='word_1_565' title='bbox 265 3865 313 3914; x_wconf 86' lang='lat' dir='ltr'>in</span> <span class='ocrx_word' id='word_1_566' title='bbox 344 3877 498 3916; x_wconf 76' lang='lat' dir='ltr'>eorum</span> <span class='ocrx_word' id='word_1_567' title='bbox 531 3861 774 3921; x_wconf 78' lang='lat' dir='ltr'>perniciem</span> <span class='ocrx_word' id='word_1_568' title='bbox 790 3861 921 3919; x_wconf 75' lang='lat' dir='ltr'>quasi</span> <span class='ocrx_word' id='word_1_569' title='bbox 948 3862 1182 3924; x_wconf 82' lang='lat' dir='ltr'>conjurati.</span> <span class='ocrx_word' id='word_1_570' title='bbox 1245 3865 1358 3911; x_wconf 84' lang='lat' dir='ltr'>Vale</span> <span class='ocrx_word' id='word_1_571' title='bbox 1387 3863 1530 3913; x_wconf 82' lang='lat' dir='ltr'>seculi</span> <span class='ocrx_word' id='word_1_572' title='bbox 1558 3862 1700 3910; x_wconf 85' lang='lat' dir='ltr'>nostri</span> <span class='ocrx_word' id='word_1_573' title='bbox 1727 3861 1945 3911; x_wconf 79' lang='lat' dir='ltr'>Phoenix.</span> <span class='ocrx_word' id='word_1_574' title='bbox 1975 3862 2092 3918; x_wconf 66' lang='lat'>4114.</span> <span class='ocrx_word' id='word_1_575' title='bbox 2125 3863 2216 3913; x_wconf 82' lang='lat' dir='ltr'>Jul.</span> <span class='ocrx_word' id='word_1_576' title='bbox 2251 3864 2380 3914; x_wconf 77' lang='lat'>1626.</span> 
     </span>
    </p>
   </div>
   <div class='ocr_carea' id='block_1_11' title="bbox 2515 2930 2554 4140">
    <p class='ocr_par' dir='ltr' id='par_1_12' title="bbox 2515 2930 2554 4140">
     <span class='ocr_line' id='line_1_54' title="bbox 2515 2930 2554 4140; baseline 0 0"><span class='ocrx_word' id='word_1_577' title='bbox 2515 2930 2554 4140; x_wconf 95' lang='lat' dir='ltr'> </span> 
     </span>
    </p>
   </div>
  </div>
 </body>
</html>
