2554 4140
1035 118 1175 165 Liber
1205 118 1445 192 Septimus
1862 98 1866 100 ,
2070 144 2073 147 >
2252 122 2355 170 521

114 274 330 318 centrum
357 272 404 316 et
435 281 578 316 axem
616 268 758 330 quasi
795 267 1082 330 immobileS‚
1126 267 1190 318 de
1213 281 1309 331 quo
1333 266 1457 315 libro
1497 266 1538 317 Ι.
1581 265 1809 317 Omnium
1847 268 1990 316 trium
2028 266 2152 316 inter
2177 280 2230 315 se
2254 280 2369 329 per-

110 343 371 390 mixtorum
409 339 632 403 exempla
671 345 784 388 sunt
821 343 870 388 in
909 342 1098 391 turbine
1137 341 1261 390 libro
1298 340 1338 388 Ι.
1378 338 1462 388 fol.
1509 341 1625 388 173.

258 417 421 482 Quam
469 413 588 461 huic
634 414 961 463 inclinationi
1010 418 1122 464 axis
1176 427 1386 462 causam
1437 415 1690 475 assiqnas,
1747 428 1834 462 seu
1891 428 2038 476 quem
2091 410 2372 462 motorem?

114 487 283 535 Potest
321 500 428 534 esse
465 485 550 533 illa
587 485 797 534 facultas
837 487 1074 549 animaliS,
1115 501 1240 550 quae
1277 485 1478 549 globum
1518 487 1644 533 circa
1678 500 1819 534 suum
1859 501 1998 534 axem
2037 490 2243 548 torquet,
2283 482 2370 533 sed

115 574 239 622 quae
278 558 511 607 hacteuus
551 558 748 621 quidem
779 560 1110 608 instrumentis
1149 561 1393 622 corporeis
1433 563 1480 606 et
1507 557 1825 620 dispositione
1865 559 2398 614 fibraruchontentaf

110 646 238 680 nunc
275 638 435 686 mente
480 637 645 680 utatur
682 634 906 694 insuper:
964 638 1012 681 et
1051 633 1109 681 de
1148 632 1240 681 hac
1280 646 1430 681 causa
1467 632 1648 695 mentio
1688 631 1779 678 fuit
1826 632 2005 693 injecta
2043 630 2167 680 libro
2204 631 2245 678 Ι.
2283 629 2368 678 sol.

118 706 231 756 178.
307 703 475 752 Talem
525 706 672 754 etiam
723 706 1052 754 concessimus
1101 707 1257 754 motui
1306 703 1530 767 apsidum
1579 702 1704 774 libro
1756 703 1843 754 IV.
1894 703 1978 752 sol.
2035 705 2168 765 381,
2223 703 2370 751 talem

19 803 32 809 -
110 779 264 826 motui
301 776 575 826 latitudinis
615 778 998 827 administrando
1037 778 1119 827 sol.
1161 779 1281 826 386.

256 851 427 898 Potest
456 865 569 899 vero
608 853 755 900 etiam
784 865 888 900 esse
929 865 1189 900 concursus
1217 864 1474 900 causarum
1504 848 1708 913 physice
1736 850 2050 909 moventium,
2092 853 2368 908 extraneae,

114 938 237 987 quae
292 929 366 972 est
402 926 590 986 species
629 924 758 973 Solis
797 938 1027 985 movenS,
1080 930 1128 973 et
1165 926 1406 982 internae,
1459 937 1583 985 quae
1622 928 1696 971 est
1735 921 1989 984 dispositio
2028 921 2277 982 fibrarum,
2323 928 2373 969 et

112 995 513 1059 impedimentum
553 1014 583 1046 a
622 1009 873 1058 concursu,
915 1004 969 1045 ut
1005 997 1084 1045 hic
1122 1002 1282 1045 motus
1321 995 1624 1056 tardissimus
1665 1009 1777 1044 vere
1815 1009 1912 1043 non
1951 997 2014 1043 sit
2050 1000 2236 1053 metue,
2285 993 2371 1042 scd

112 1072 174 1118 sit
212 1068 452 1131 quaedam
503 1069 656 1119 veluti
701 1071 943 1120 aberratio
998 1070 1154 1118 diurni
1205 1070 1420 1132 corporis
1468 1069 1530 1117 ab
1570 1082 1731 1116 annuo
1772 1069 1946 1127 centri,
2002 1066 2169 1131 qualia
2217 1065 2371 1114 multa

114 1144 299 1205 concipi
338 1148 567 1205 possunt,
616 1149 670 1190 ut
708 1150 911 1205 apparet
950 1143 1185 1206 exemplis
1224 1142 1462 1190 dictorum
1499 1141 1716 1191 locorum
1755 1141 1836 1190 sol.
1881 1142 2000 1189 381.
2042 1146 2089 1189 et
2127 1138 2208 1188 fol.
2249 1139 2371 1187 385.

115 1217 246 1277 3863
286 1222 334 1263 et
370 1213 497 1264 han'c
523 1217 669 1264 etiam
709 1215 1035 1264 inclinationis
1074 1217 1180 1264 axis
1204 1215 1385 1264 Terrae
1425 1229 1622 1264 causam
1650 1216 1893 1263 insinuavi
1913 1213 2037 1263 libro
2064 1213 2101 1262 Ι.
2138 1211 2220 1260 fol.
2253 1213 2369 1259 174.

113 1289 190 1338 Ita
227 1293 390 1337 essent
427 1287 582 1337 reales
622 1294 782 1337 motus
822 1294 1011 1337 tantum
1051 1287 1162 1337 duc.

256 1359 365 1423 Quo
413 1364 572 1409 minus
622 1368 784 1410 autem
832 1361 1155 1411 laborandum
1208 1362 1271 1409 sit
1320 1361 1666 1423 ingeniumque
1712 1358 2039 1422 fatigandum,
2095 1364 2148 1407 ut
2197 1357 2371 1406 modus

114 1434 262 1497 hujus
315 1447 579 1484 concursus
629 1441 845 1496 eruatur,
893 1436 1105 1484 rationes
1144 1434 1258 1483 vide
1298 1433 1438 1482 dictis
1476 1433 1621 1495 locis3
1674 1433 1886 1482 militant
1925 1434 2052 1482 enim
2098 1432 2178 1484 hic
2215 1430 2369 1480 multo

114 1509 284 1570 magis,
326 1522 472 1569 quam
511 1509 559 1555 in
596 1509 796 1571 negotio
834 1507 1168 1557 translationis
1209 1507 1432 1571 apsidum
1474 1513 1520 1555 et
1557 1506 1883 1555 latitudinum.

258 1580 391 1642 Quid
438 1583 562 1629 novi
608 1581 970 1643 deprehensum
1021 1584 1096 1630 ais
1148 1583 1283 1629 circa
1319 1587 1515 1629 motum
1551 1580 1778 1642 fixarum
1819 1586 1865 1628 et
1911 1577 2208 1640 eclipticae?
2260 1577 2372 1626 Non

114 1659 300 1702 tantum
338 1655 387 1700 in
425 1653 623 1716 longum
661 1654 785 1702 fixas
825 1654 1072 1704 discedere
1111 1659 1302 1702 constat
1340 1669 1370 1702 a
1407 1655 1622 1702 sectione
1661 1667 1812 1702 verna
1849 1651 2055 1711 zodiaci,
2080 1649 2182 1699 xsed
2223 1652 2370 1700 etiam

39 1732 42 1735 ’
116 1728 161 1773 'm
199 1725 530 1788 latitudinem3
582 1728 986 1790 septentrionales
1024 1727 1151 1775 fixae
1211 1728 1338 1775 circa
1393 1734 1644 1789 punctum
1681 1725 1943 1775 solstitiale
2001 1725 2244 1774 aestivum
2295 1725 2374 1771 in-

103 1801 373 1848 .veniuntur
397 1799 544 1848 hodie
583 1802 842 1849 viciniores
876 1799 992 1864 polo
1032 1801 1286 1862 eclipticae
1313 1798 1693 1862 septentrionali,
1734 1797 2077 1848 meridionales
2103 1811 2220 1846 vero
2247 1797 2374 1846 circa

114 1872 239 1921 hanc
274 1871 528 1936 eclipticas
566 1880 755 1936 partem
781 1875 1173 1937 appropinquant
1210 1875 1304 1936 ipsi
1332 1872 1601 1935 eclipticae.
1646 1919 1648 1922 ,
1679 1871 1819 1922 Circa
1845 1869 2102 1921 solstitiale
2138 1876 2373 1934 punctum

114 1945 367 2010 hibernum
422 1946 678 2009 analogice
727 1946 781 1994 fit
826 1946 978 2006 idem,
1032 1949 1159 1995 circa
1203 1960 1319 1995 vero
1369 1945 1584 1994 Arietem
1637 1950 1685 1995 et
1733 1945 1932 1995 Libram
1983 1958 2081 1993 non
2129 1943 2374 1993 sensibilis

117 2018 486 2082 deprehenditur
535 2019 819 2069 differentia.
898 2018 1028 2069 Vide
1075 2019 1199 2068 libro
1237 2019 1305 2068 Π.
1353 2018 1436 2067 sol.
1481 2020 1598 2068 193.
1652 2024 1699 2068 et
1740 2020 1860 2071 229.
1912 2023 1959 2067 et
1996 2018 2227 2082 Progym.
2268 2016 2373 2081 Ty-

121 2091 287 2141 chonis
325 2092 485 2141 Brahe
524 2093 733 2142 Tomum
772 2092 811 2141 I.
855 2107 885 2140 a
921 2092 1004 2141 fol.
1049 2094 1169 2141 233.
1209 2093 1259 2139 in
1296 2093 1417 2141 246.

212 2168 218 2183 ⁸
274 2164 356 2214 Sic
424 2167 571 2214 etiam
632 2166 726 2215 hoc
788 2179 971 2214 novum
1032 2164 1210 2214 accidit
1274 2163 1570 2227 Albategnio
1634 2169 1747 2213 ante
1810 2177 1964 2212 annos
2030 2163 2165 2234 750,
2242 2161 2375 2226 quod

118 2238 344 2287 minorem
406 2240 595 2288 invenit
657 2238 1033 2288 declinationem
1097 2239 1383 2302 eclipticae‚
1458 2252 1603 2300 quam
1671 2237 2019 2286 Eratosthenes
2091 2242 2140 2285 et
2202 2235 2374 2285 Ptole-

118 2325 283 2361 maeus
333 2311 600 2374 tradidere,
648 2311 939 2375 duravitque
992 2312 1115 2403 haec
1167 2311 1440 2360 imminutio
1490 2310 1554 2359 ad
1601 2324 1691 2359 nos
1731 2325 1909 2374 usque,
1960 2315 2015 2359 ut
2058 2308 2204 2359 hodie
2243 2323 2376 2358 nova

118 2385 254 2433 nobis
291 2399 390 2433 non
427 2386 506 2434 sit
2127 2410 2129 2412 -

261 2461 397 2520 Quas
443 2458 729 2521 hypotheses
782 2458 1138 2521 confinoeerunt
1186 2464 1533 2518 antecessoreS,
1586 2456 1658 2504 ad
1690 2456 1812 2504 haec
1848 2470 1985 2506 nova
2016 2456 2376 2518 phaenomena

118 2530 407 2579 salvanda?
455 2531 781 2579 Diminutioni
820 2530 1016 2593 quidem
1056 2530 1392 2579 declinationis
1432 2529 1674 2579 maximae
1714 2529 1968 2592 eclipticae
2007 2530 2069 2577 ab
2109 2533 2375 2591 aequatore

121 2616 316 2652 causam
354 2618 492 2652 suam
530 2605 782 2666 assignare
822 2603 1140 2666 neglexerunt
1191 2608 1525 2652 antecessores
1568 2616 1722 2664 usque
1762 2601 1825 2651 ad
1865 2602 2203 2665 Copernicum.
2279 2600 2375 2649 Hic

123 2690 234 2725 vero
271 2677 438 2740 polum
478 2677 687 2725 Telluris
726 2676 873 2739 hujus
909 2676 1236 2739 phaenomeni
1276 2690 1424 2725 causa
1461 2674 1723 2724 libratilem
1760 2675 1876 2724 fecit
1913 2677 1961 2722 in
2003 2673 2238 2723 diametro
2279 2675 2375 2722 cir-

120 2748 242 2808 celli‚
284 2764 409 2812 quae
449 2751 495 2796 in
535 2749 734 2812 planum
774 2748 925 2798 coluri
952 2749 1270 2798 solstitiorum
1310 2747 1493 2799 incidit.
1572 2747 1662 2796 Cui
1688 2747 1935 2799 librationi
1973 2749 2021 2795 in
2047 2752 2376 2796 transversum

107 2821 256 2871 velut
292 2824 487 2871 stamini
526 2823 779 2871 subtemen
819 2824 1024 2871 intexuit
1060 2822 1367 2871 librationem
1407 2822 1576 2881 aliam,
1632 2820 1780 2884 duplo
1822 2820 2122 2881 celeriorem,
2174 2819 2237 2869 ad
2274 2819 2376 2870 sal·
2451 2851 2453 2853 ·

121 2894 328 2944 vandam
366 2898 719 2958 praecessionis
750 2895 1175 2958 inaequalitatem,
1215 2901 1269 2944 ut
1306 2896 1376 2943 sic
1417 2910 1475 2944 ex
1500 2900 1704 2957 utraque
1746 2895 2014 2956 composita
2042 2894 2230 2957 species
2271 2894 2377 2942 exi-

121 2972 266 3017 steret
303 2968 514 3017 corollae
553 2974 829 3029 contortae3
870 2967 982 3017 vide
1020 2967 1360 3017 Nam-ationem
1398 2966 1615 3027 Rhenei,
1670 2965 1951 3029 adjunctam
1989 2966 2227 3031 Mysterio
2265 2981 2375 3015 meo

122 3037 549 3104 CosmographicO.
590 3044 792 3099 (Editioni
827 3045 1011 3099 primae.)
1046 3040 1153 3088 Alii‘
1181 3046 1399 3090 motuum
1431 3038 1642 3089 Telluris
1679 3045 1780 3088 tam
1818 3039 2162 3103 multiplicium
2200 3039 2377 3089 absur-

122 3110 270 3163 ditate
308 3115 493 3173 offensi,
534 3113 809 3161 maluerunt
846 3112 1151 3162 undecimam
1175 3114 1433 3187 sphaeram
1472 3111 1653 3160 mundo
1694 3112 2035 3175 circumjicere.
2115 3112 2180 3161 At
2203 3112 2375 3178 Tycho

122 3183 292 3246 Brahe,
334 3189 418 3249 qui
457 3188 637 3250 primus
676 3184 1025 3247 animadverit,
1081 3189 1226 3235 etiam
1263 3185 1546 3235 latitudines
1595 3199 1700 3234 esse
1741 3191 1954 3234 mutatas
1992 3185 2223 3249 fixarum,
2278 3200 2376 3235 non

38 3311 44 3321 ‚
128 3260 338 3307 omnium
376 3259 534 3318 simul,
575 3257 660 3307 sed
698 3264 884 3306 tantum
912 3260 1177 3307 vicinarum
1218 3259 1462 3322 partibus
1474 3256 1725 3320 eclipticae
1767 3259 1977 3309 maxime
2004 3222 2375 3320 declinantibus,

124 3343 180 3378 cx
218 3345 275 3380 eo
314 3332 563 3389 intellexit,
605 3346 699 3379 non
739 3331 881 3393 polos
919 3331 1086 3379 mundi
1125 3331 1203 3380 vel
1237 3331 1514 3394 aequatoris
1553 3330 1836 3389 movendos,
1876 3336 1930 3380 ut
1957 3338 2193 3395 aequator
2231 3347 2376 3381 acce-

125 3401 207 3451 dat
242 3402 303 3453 ad
342 3404 633 3469 eclipticam,
673 3404 758 3452 sed
798 3408 966 3452 contra
1002 3404 1142 3466 polos
1183 3404 1453 3467 eclipticae,
1493 3403 1691 3451 sedibus
1716 3405 1930 3477 pristinis
1968 3406 2093 3455 inter
2125 3405 2247 3455 fixas
2287 3405 2376 3455 de-

125 3477 288 3536 sertis,
341 3477 404 3524 ad
442 3478 582 3540 polos
635 3479 914 3539 aequatoris
967 3483 1015 3524 et
1052 3478 1121 3525 sic
1161 3476 1434 3539 eclipticam
1473 3475 1535 3523 ad
1574 3482 1886 3539 aequatorem
1935 3478 2192 3541 accedere3
2243 3477 2376 3541 quod

126 3550 277 3597 secuti
316 3564 482 3598 sumus
521 3551 644 3599 libro
688 3550 776 3598 111.
818 3549 898 3596 sol
943 3550 1062 3597 292.
1138 3548 1196 3597 Id
1236 3564 1349 3598 vero
1392 3563 1602 3611 quanam
1638 3550 1824 3626 ratione
1860 3550 2011 3613 fieret,
2053 3551 2222 3615 Tycho
2250 3552 2375 3599 Bra-

124 3617 243 3670 heus
279 3635 375 3670 non
415 3621 608 3685 reliquit
646 3623 955 3686 explicatum.

268 3694 400 3754 Quid
435 3709 552 3758 erqo
588 3697 726 3757 polos
764 3697 1017 3756 eclipticae
1055 3696 1317 3756 ipsamque
1355 3693 1480 3744 adeo
1526 3695 1804 3757 eclipticam
1854 3696 2048 3746 sedibus
2085 3699 2189 3745 suis
2238 3711 2375 3745 emo·-

125 3763 244 3811 vet?
281 3765 486 3815 Rursum
525 3768 652 3817 idem
690 3768 869 3817 Terrae
908 3772 1069 3815 motus
1108 3780 1297 3815 annuus
1337 3768 1464 3815 circa
1501 3766 1679 3829 Solem,
1719 3770 1760 3817 si
1800 3763 2026 3818 nimirum
2054 3769 2135 3818 ille
2176 3768 2260 3817 fiat
2288 3783 2374 3832 per

130 3836 287 3886 omnia
323 3839 493 3889 similis
529 3841 741 3890 motibus
780 3847 1046 3890 ceterorum
1083 3839 1400 3902 planetarum,
1441 3846 1496 3889 ut
1532 3843 1698 3891 monui
1734 3841 1857 3892 libro
1896 3842 1984 3892 VI.
2024 3848 2162 3907 parte
2202 3842 2241 3900 Ι,
2281 3841 2374 3892 hoc
