2560 4100
197 124 267 171 44
845 121 1080 179 Epistolae
1110 121 1295 180 Kepleri
1324 121 1604 180 aliorumque
1631 125 1814 167 mutuae

192 267 240 314 A
278 270 424 317 etiam
462 268 875 333 perpendicularis
913 277 1055 322 exeat
1093 271 1222 334 AX,
1271 271 1531 320 formatum
1577 273 1668 319 erit
1717 267 2249 333 parallelogrammum,
2299 276 2446 334 atque

193 339 287 390 hoc
325 343 463 392 initio
503 341 713 406 quidem,
761 358 871 393 cum
910 351 984 394 est
1021 345 1162 394 Luna
1204 347 1253 392 in
1293 344 1507 407 copulis,
1562 348 1865 392 attenuatum
1913 350 1987 392 est
2035 346 2085 391 in
2122 345 2303 394 lineam
2341 343 2444 404 ΑΕ,

1200 423 1250 467 ct
1286 417 1426 464 Luna
1462 418 1511 463 in
1550 415 1762 479 quadras
1805 417 2052 478 veniente,
2091 432 2281 466 rursum
2318 422 2448 465 atte-

1200 496 1376 538 nuatur
1401 490 1452 535 in
1477 488 1659 537 lineam
1684 487 1791 536 AY.
1844 487 2113 538 Maximum
2140 496 2214 538 est
2241 490 2324 550 ibi,
2363 489 2449 537 ubi

1197 568 1268 611 est
1306 562 1461 624 figura
1499 562 1807 624 quadratum,
1847 575 1912 609 sc.
1952 563 2003 609 in
2042 562 2152 611 dist.
2182 559 2276 610 45⁰
2302 578 2332 611 a
2357 559 2443 627 Θ.

1194 635 1363 683 Posito
1402 635 1550 697 igitur
1585 633 1754 681 valore
1803 634 2087 696 rectanguli-
2122 636 2321 684 maximi
2360 636 2449 682 40‘

1197 709 1316 766 30²2
1356 713 1411 754 ut
1447 706 1556 754 vult
1592 706 1792 769 Tycho‚
1832 707 1911 754 vel
1954 708 2039 755 51‘
2079 706 2147 755 0‘¹
2184 707 2446 757 secundum

1195 794 1392 828 causam
1440 778 1691 842 physicam
1739 776 1840 844 (fol.
1882 780 1983 827 565
2038 779 2182 829 dubie
2233 781 2448 829 affirma-

1194 851 1334 918 tam),
1398 851 1588 914 reliqua
1642 851 1926 913 rectangula
1988 853 2271 914 quadrantis
2327 853 2448 901 fiunt

1193 939 1447 974 mensurae
1510 924 1855 987 particularum
1922 924 2301 987 adjiciendarum
2363 939 2447 974 seu

1194 1000 1535 1047 variationum.
1594 995 1689 1046 Ubi
1716 1003 1847 1057 nota,
1887 999 1977 1046 etsi
2003 998 2218 1047 coloravi
2251 1005 2445 1048 rectan-

1194 1071 1378 1134 gulum,
1418 1071 1544 1120 sicut
1581 1071 1825 1134 triangula
1861 1072 1910 1118 in
1939 1072 2180 1134 prioribus
2219 1072 2443 1121 schema-

1195 1145 1325 1192 tibus
1364 1145 1675 1206 aequatoria,
1736 1143 1886 1191 alium
1939 1151 2101 1193 tamen
2156 1159 2261 1194 esse
2300 1145 2447 1207 hujus

1192 1232 1362 1277 usum,
1414 1231 1563 1279 quam
1600 1216 1807 1264 illorum.
1883 1217 1977 1265 Illa
2016 1220 2063 1265 in
2101 1219 2256 1281 primo
2297 1220 2446 1268 semi-

1191 1289 1368 1340 circulo
1385 1289 1689 1339 addebantur
1708 1292 1927 1352 tempori,
1951 1293 1999 1338 in
2021 1291 2236 1340 secundo
2255 1293 2446 1341 ausere-

1188 1365 1384 1424 bantur,
1446 1362 1539 1411 hoc
1590 1364 1638 1409 in
1676 1364 1831 1425 primo
1887 1370 1934 1412 et
1981 1366 2123 1413 tertio
2177 1365 2446 1427 quadrante

1194 1436 1401 1496 additur,
1441 1451 1538 1485 non
1565 1437 1787 1498 tempori,
1827 1435 1914 1484 sed
1948 1436 2059 1486 loco
2087 1437 2255 1487 Lunae
2293 1452 2446 1502 prope

196 1522 344 1569 vere,
398 1511 447 1557 in
486 1511 701 1561 secundo
741 1517 790 1561 et
829 1516 1001 1575 quarto
1040 1510 1280 1572 aufertur;
1333 1508 1417 1558 illa
1468 1510 1740 1572 quantitate
1778 1523 1868 1557 sua
1905 1524 1993 1558 seu
2030 1505 2349 1574 proportione
2382 1510 2446 1560 ad

189 1596 357 1630 aream
393 1584 543 1632 totius
569 1585 736 1634 circuli
762 1585 1014 1635 eccentrici
1043 1583 1212 1632 Lunae
1241 1583 1574 1642 censebantur,
1615 1582 1710 1630 hoc
1746 1584 1957 1643 minime,
1999 1597 2107 1631 cum
2144 1586 2301 1646 possit
2338 1599 2444 1634 esse

196 1660 298 1702 tam
335 1657 500 1719 magni
531 1672 678 1719 quam
715 1661 855 1722 parvi
883 1657 1048 1707 circuli
1079 1655 1429 1720 rectangulum,
1469 1655 1554 1704 sed
1582 1661 1768 1703 tantum
1794 1659 2105 1719 proportione
2132 1663 2302 1706 mutua
2326 1659 2449 1706 inter

193 1742 247 1793 se
284 1729 673 1791 rectangulorum
711 1737 946 1780 censetur.
1005 1730 1114 1780 Hoc
1144 1744 1243 1778 non
1268 1730 1532 1790 mirabitur,
1574 1730 1657 1791 qui
1684 1729 1841 1778 fontes
1869 1731 2121 1793 utriusque
2161 1745 2304 1780 areae
2326 1732 2449 1780 inter

195 1814 366 1850 causas
404 1802 632 1866 physicas
671 1804 892 1854 adiverit.

347 1873 645 1926 Observabis
685 1885 734 1927 et
770 1877 890 1937 hoc,
943 1875 1074 1939 quod
1121 1890 1230 1925 cum
1279 1876 1329 1922 in
1368 1874 1743 1938 Ephemeridum
1793 1875 2095 1937 praefatione
2140 1875 2449 1925 indulsissem

194 1947 529 2012 speculationi,
571 1965 718 2013 quam
755 1950 898 2000 retuli
938 1952 986 1997 in
1024 1948 1107 1997 fol.
1150 1948 1252 1997 565
1290 1949 1541 2011 Epitomes
1580 1947 1686 2010 (nbi
1724 1950 2060 2010 quaestionem
2097 1949 2180 1998 fol.
2213 1949 2338 1997 564:
2394 1949 2451 1998 Si

195 2021 603 2082 appendix....‚
642 2023 765 2073 refer
803 2023 864 2072 ad
904 2038 1046 2072 suum
1083 2021 1258 2082 locum,
1299 2035 1367 2070 sc.
1409 2020 1472 2069 ad
1510 2019 1592 2071 fol.
1626 2019 1764 2084 569),
1806 2035 2012 2084 cumque
2049 2022 2143 2071 hac
2180 2025 2364 2071 ratione
2402 2028 2452 2070 et

195 2096 444 2155 quantitas
484 2098 768 2145 variationis
806 2098 1048 2145 maximae
1086 2097 1303 2144 venisset
1338 2097 1386 2141 in
1427 2093 1641 2154 dubium,
1692 2095 1807 2156 quia
1844 2109 1931 2157 pro
1975 2092 2138 2163 40¹s2‘
2175 2095 2448 2158 speculatio

193 2166 312 2215 mihi
350 2168 682 2231 suppeditavit
709 2171 809 2230 51¹,
850 2176 897 2218 et
936 2183 1109 2218 causas
1149 2170 1296 2217 etiam
1333 2168 1563 2232 physicas
1601 2167 1815 2215 nondum
1850 2182 2045 2230 possem
2078 2169 2447 2217 accommodare

194 2243 518 2302 geometriae,
578 2248 633 2290 ut
671 2245 909 2305 oportuit,
965 2247 1018 2290 ut
1066 2244 1135 2290 ita
1188 2241 1328 2290 aliter
1380 2242 1526 2289 etiam
1565 2239 1898 2289 distribuerem
1950 2241 2075 2290 hanc
2111 2243 2447 2303 variationem,

198 2328 345 2375 quam
385 2315 555 2379 Tycho
594 2316 732 2364 fecit:
773 2315 1084 2379 postmodum
1122 2322 1315 2375 tamen,
1360 2321 1414 2361 ut
1452 2315 1656 2376 primum
1690 2313 1878 2375 justum
1914 2314 2111 2362 modum
2151 2317 2282 2381 erui,
2320 2315 2449 2378 phy-

195 2388 348 2435 sicam
394 2387 521 2436 hanc
573 2403 770 2438 causam
821 2390 1112 2451 geometrice
1161 2386 1498 2450 computandi,
1555 2388 1641 2448 qui
1678 2385 1852 2434 modus
1902 2390 2096 2449 penitus
2143 2402 2251 2436 cum
2303 2388 2448 2438 modo

198 2459 449 2524 Tychonis
488 2462 537 2508 in
576 2462 750 2510 effectu
788 2462 1043 2523 coincidit‚
1098 2460 1228 2523 quod
1273 2462 1475 2522 inquam
1526 2465 1642 2508 tunc
1691 2473 1789 2507 non
1833 2459 2223 2509 distributionem
2261 2467 2449 2511 tantum

622 472 711 513 Εἰς.
738 470 774 507 ὃ.

199 2531 531 2596 Tychonicam
571 2536 856 2583 variationis
896 2535 1204 2584 resumserim
1242 2533 1436 2596 abJecta
1473 2547 1583 2581 mea
1621 2546 1844 2593 erronea,
1892 2533 1978 2582 sed
2016 2536 2161 2582 etiam
2202 2537 2451 2597 quantita-

197 2611 294 2655 tem
334 2607 558 2671 Tychoni
597 2621 736 2657 suam
775 2609 1080 2657 restituerim.
1155 2608 1229 2656 Ex
1268 2621 1326 2656 ea
1363 2620 1414 2655 re
1452 2607 1671 2667 aestima,
1710 2620 1827 2654 num
1865 2609 2099 2656 novitatis
2127 2607 2290 2656 studio
2328 2609 2453 2656 ferar

197 2685 245 2728 et
283 2680 607 2741 obtrectandi,
648 2695 712 2729 an
747 2681 1011 2731 veritatis?
1067 2707 1069 2709 ·

347 2753 483 2802 Petis
521 2753 709 2803 radices
750 2755 1030 2817 aequalium
1068 2758 1287 2801 motuum
1335 2753 1586 2814 utriusque
1632 2747 1900 2800 luminaris·
1973 2752 2079 2800 Etsi
2117 2767 2214 2801 non
2254 2755 2448 2818 accipis,

126 2868 134 2874 γ,
200 2826 350 2875 nolim
392 2832 554 2875 tamen
593 2828 854 2888 existimes,
893 2826 943 2875 id
982 2828 1045 2876 ab
1085 2825 1270 2874 invidia
1293 2825 1549 2888 proficisci.
1624 2824 1750 2873 Nam
1785 2823 2127 2887 descriptorem
2165 2841 2263 2875 non
2290 2827 2449 2877 habco

202 2905 250 2947 et
283 2900 388 2961 jam
425 2914 455 2947 a
495 2903 523 2947 2
565 2901 812 2950 mensibus
852 2905 1081 2963 exspecto
1120 2913 1404 2961 responsum
1443 2913 1473 2946 a
1508 2897 1715 2946 Caesare
1755 2896 1814 2945 de
1854 2897 2053 2946 edendis
2092 2899 2288 2960 tabulis,
2329 2915 2450 2962 quas

210 2972 251 3019 si
289 2973 545 3022 habiturus
584 2989 636 3022 es
674 2976 903 3037 integras,
944 2987 1094 3022 causa
1130 2971 1267 3020 nulla
1304 2971 1554 3034 supererit,
1595 2984 1678 3018 cnr
1714 2985 1822 3018 mus
1848 2971 2006 3033 picem
2034 2978 2284 3035 causetur3
2322 2978 2476 3021 nunc'

203 3046 351 3106 enim,
391 3046 485 3093 nisi
524 3059 689 3095 omnes
727 3049 931 3107 mittam,
971 3059 1162 3109 semper
1198 3044 1437 3093 haerebis.
1515 3042 1582 3091 At
1618 3045 1658 3091 si
1700 3043 1879 3092 Caesar
1917 3043 2127 3104 differat,
2169 3047 2452 3110 circumspi-

205 3119 333 3166 ciam
376 3117 435 3166 de
472 3119 646 3177 scriba,
686 3120 776 3167 tibi
815 3118 1025 3169 vendam
1064 3117 1311 3181 exemplar
1349 3116 1578 3180 scriptum
1615 3131 1702 3180 pro
1742 3130 1903 3180 opera,
1950 3131 2095 3179 quam
2133 3119 2222 3167 abs
2261 3124 2308 3168 te
2346 3134 2453 3168 sum

210 3192 548 3253 requisiturus,
624 3190 846 3240 Haberes
886 3192 1097 3254 epochas
1136 3194 1184 3238 in
1225 3189 1412 3239 calculo
1451 3189 1670 3254 eclipsis,
1709 3191 1750 3238 si
1787 3203 2090 3253 agnosceres

350 3264 663 3325 In‘margine
703 3264 840 3324 dicis,
881 3270 927 3312 te
967 3265 1029 3313 ab
1070 3264 1323 3327 ellipsibus
1361 3262 1618 3312 abhorrere
1658 3276 1814 3326 eoque
1839 3262 1929 3310 tibi
1968 3263 2175 3312 obscura
2201 3278 2306 3313 esse
2346 3264 2453 3314 dia-

203 3341 477 3399 grammata
514 3335 701 3385 Lunae.
778 3336 845 3384 At
882 3337 1002 3384 nihil
1042 3337 1304 3386 admodum
1342 3342 1542 3385 nocetur
1580 3338 1743 3400 captui
1781 3335 1842 3384 ab
1882 3335 2096 3398 elliptica
2133 3337 2312 3397 forma,
2363 3340 2453 3386 etsi

198 3415 417 3473 praestet
456 3414 503 3457 te
544 3410 589 3456 ei
626 3423 933 3469 assuescere,
984 3416 1068 3457 aut
1106 3424 1355 3471 nunquam
1393 3411 1443 3456 in
1481 3408 1639 3458 Marte
1678 3409 1980 3471 computabis
2012 3409 2226 3471 justum,
2275 3415 2451 3458 utcun-

202 3498 296 3545 que
337 3482 663 3530 transformeS.
738 3481 796 3529 In
835 3481 974 3530 Luna
1013 3488 1174 3531 tamen
1212 3487 1378 3543 utere,
1421 3485 1464 3530 si
1498 3482 1634 3542 libet,
1674 3480 1852 3530 circulo
1892 3480 2206 3543 Ptolemaico,
2245 3483 2451 3545 parvula

202 3555 291 3606 erit
337 3553 634 3604 calculorum
675 3555 959 3615 differentia,
999 3569 1108 3603 cum
1132 3554 1273 3604 Luna
1309 3555 1770 3619 prosthaphaereses
1808 3568 1996 3602 annuas
2034 3569 2129 3602 non
2157 3555 2450 3606 faciatcum

203 3643 294 3677 sua
348 3627 581 3676 distantia
633 3642 663 3675 a
701 3626 865 3676 Terra.
943 3627 1017 3676 Sit
1071 3642 1187 3675 sane
1238 3642 1384 3690 supra
1422 3636 1503 3683 (fig.
1541 3632 1598 3688 4.)
1636 3632 1869 3691 punctum
1914 3626 2040 3676 idem
2089 3627 2131 3675 L
2179 3633 2226 3677 et
2275 3630 2331 3690 λ,
2390 3631 2453 3676 sit

207 3700 417 3764 angulus
454 3699 584 3748 idem
611 3698 731 3748 ΑλΒ
773 3706 820 3748 et
857 3699 1015 3761 ALB3
1053 3701 1117 3748 sit
1154 3695 1364 3762 denique
1401 3705 1562 3748 motus
1599 3699 1786 3750 medius
1819 3696 1961 3761 DQL
2000 3705 2047 3749 et
2083 3705 2187 3750 tota
2223 3701 2451 3764 prostha—

206 3773 454 3836 phaeresis
493 3771 683 3821 solutae
723 3771 873 3833 QLA.
950 3772 1089 3821 Haec
1126 3778 1372 3835 utcunque
1413 3786 1724 3836 concesserO,
1779 3779 1944 3822 manet
1980 3779 2141 3823 tamen
2185 3775 2449 3824 secundum

205 3847 400 3897 schema
440 3843 493 3896 etx
523 3845 976 3909 prosthaphaeresis
1014 3852 1261 3898 menstrua
1298 3860 1388 3895 suo
1425 3846 1550 3896 loco.
1916 3845 1938 3858 ‘
