2554 4140
1132 67 1395 126 Praecepta.
1684 57 1706 100 s
2295 80 2358 126 72
2370 79 2395 126 1

140 223 277 266 motu
315 217 381 282 Θ
418 213 719 281 Tychonico)
756 213 1068 264 intervallum
1107 214 1318 277 dierum,
1376 219 1552 280 quibus
1590 215 1660 285 Θ
1700 233 1726 267 e
1764 218 1872 268 loco
1902 217 2133 269 'natalitio
2177 226 2402 270 movetur

139 290 202 338 ad
240 291 400 338 locum
426 291 751 355 promissoriS,
793 293 842 337 et
879 294 999 351 quot
1024 294 1162 337 erunt
1187 289 1606 355 intermediiedieffi
1644 291 1846 340 totidem
1887 307 2040 341 annos
2067 296 2401 358 pronunciata

140 362 192 410 Si
231 361 313 429 Θ
342 378 438 412 non
477 369 683 425 utroque
721 364 771 408 in
808 362 1006 421 meridie
1058 361 1167 410 loca
1205 361 1291 409 illa
1327 366 1545 425 praecise
1586 365 1796 426 obtinet,
1850 366 2067 429 expende
2107 366 2399 416 differentias

138 442 185 484 et
224 452 347 498 eam,
387 451 513 499 quae
553 437 716 484 existit
752 436 799 482 in
840 434 1039 484 meridie
1077 435 1318 496 natalitio,
1359 436 1493 484 aufer
1533 437 1595 485 ab
1635 451 1707 497 ea,
1747 442 1960 500 quaein
2001 440 2200 489 meridie
2242 439 2399 490 direc-

139 510 302 570 tioniS‚
345 523 452 557 cum
491 508 686 557 residua
724 509 907 571 indaga
943 508 1089 557 horas
1126 507 1446 571 appendiceS‚
1487 524 1572 571 pro
1613 510 1740 558 binis
1779 512 1996 574 singulos
2036 513 2220 562 addens
2258 529 2398 563 men-

137 596 244 644 ses;
300 584 370 630 sic
407 581 692 644 indagatum
746 584 836 630 erit
872 587 1064 645 tempus
1104 580 1407 641 directioni3‚
1433 614 1435 617 ι
1459 597 1556 630 non
1596 579 1665 648 Θ
1703 589 1891 631 tantum
1946 585 2008 633 ad
2056 601 2198 634 suum
2235 586 2430 635 locum·

81 687 86 691 μ
134 656 442 719 promissoris
481 655 704 715 electum,
745 654 831 703 sed
864 657 1012 704 etiam
1052 661 1317 703 ceterorum
1345 655 1723 718 significatorum
1763 658 1825 704 ad
1856 657 1942 706 illa
1966 657 2089 720 loca,
2130 674 2189 708 ex
2219 654 2421 723 quibus·

134 726 306 775 ultimo
345 727 483 777 locus
520 728 601 776 hic
640 727 917 777 directionis
957 725 1027 793 Θ
1068 733 1171 776 erat
1210 728 1415 776 elicitus

279 801 481 850 Praec.
523 802 644 850 209.
720 800 860 850 Dato
897 816 1113 850 numero
1153 803 1416 849 annorum
1457 802 1677 861 alicujus
1714 802 1981 851 accidentis
2019 805 2262 867 electoque
2289 807 2397 866 ejus

132 879 178 921 et
207 877 513 935 promissore
550 880 596 921 et
630 874 997 936 siqnifioatore,
1054 876 1142 936 qui
1178 876 1241 922 sit
1275 875 1352 922 vel
1390 875 1710 935 Horoscopus
1761 875 1838 922 vel
1878 874 2103 924 Medium
2151 878 2283 927 Coeli
2321 879 2398 927 vel

134 947 268 995 Pars
293 946 584 1008 Fortunae,
626 949 875 1009 corriyere
913 953 1109 1008 tempus
1133 938 1416 996 nativitatis
1455 954 1500 995 et
1524 949 1784 1001 siclocum
1811 949 2176 1012 siqniftoatoria
2242 951 2393 1011 Pone,
2429 955 2437 964 '

133 1034 259 1081 quae
296 1027 500 1083 ponunt,
524 1020 785 1083 astrologi,
837 1019 957 1068 fides
995 1022 1059 1068 sit
1094 1035 1244 1083 penes
1284 1021 1562 1084 opinionem
1611 1021 1847 1083 cujusque
1901 1021 1959 1079 de
2000 1023 2219 1084 quolibet
2259 1026 2394 1072 acei-

131 1093 291 1142 dente.
377 1094 533 1157 Igitur
579 1108 665 1156 per
716 1093 882 1141 datum
934 1108 1186 1143 numerum
1234 1108 1468 1143 annorum
1524 1091 1722 1156 exquire
1777 1094 1939 1142 locum
1992 1095 2269 1144 directionis
2329 1097 2391 1158 Θ

99 1165 334 1228 ·ejusque
381 1182 479 1215 asc.
531 1173 729 1216 rectam.
807 1166 999 1215 Deinde
1048 1182 1136 1229 per
1174 1167 1581 1217 electumlocum
1629 1168 1910 1232 directionis
1948 1167 2109 1217 Partis
2148 1169 2395 1217 Fortunae

130 1241 372 1288 constitue
409 1239 571 1288 locum
610 1234 886 1288 directionis
925 1240 1212 1304 horoscopi,
1262 1256 1347 1306 per
1383 1241 1512 1307 hunc
1550 1240 1645 1290 loci
1694 1241 1969 1307 directionis
2009 1241 2078 1292 M.
2120 1242 2172 1290 C.
2215 1243 2274 1289 A.
2315 1241 2392 1302 R„

128 1327 159 1359 a
196 1327 293 1375 qua
339 1313 476 1362 aufer
525 1313 621 1362 loci
677 1313 954 1361 directionis
994 1311 1063 1379 Θ
1104 1315 1216 1363 Asc.
1271 1319 1452 1363 rectam
1490 1316 1622 1379 prius
1664 1315 2001 1375 constitutam,
2060 1315 2395 1377 relinquentur

127 1390 347 1450 tempora
385 1388 692 1449 aequatoria‚
733 1402 860 1449 quae
898 1388 947 1433 in
975 1387 1120 1436 horas
1160 1401 1396 1436 conversa
1436 1387 1553 1436 dant
1580 1393 1845 1436 correctum
1884 1394 2074 1450 tempus
2101 1388 2397 1441 natalitium„

127 1458 313 1508 Eadem
362 1466 582 1524 tempora
633 1458 801 1516 addita
850 1460 912 1509 ad
965 1475 1061 1509 asc.
1114 1467 1294 1510 rectam
1342 1461 1441 1510 loci
1479 1459 1548 1527 Θ
1598 1461 1809 1511 natalitii
1862 1461 1978 1508 dant
2029 1461 2088 1508 A.
2129 1461 2186 1508 R.
2228 1460 2296 1508 M.
2339 1461 2392 1509 C.

128 1531 304 1594 radicis
342 1539 391 1581 et
427 1527 514 1596 'per
550 1533 676 1582 hanc
714 1535 881 1596 ipsum·
902 1533 970 1580 M.
1001 1533 1052 1582 C.
1095 1541 1377 1594 correctum,
1416 1539 1463 1582 et
1501 1549 1584 1599 per
1611 1549 1889 1599 processum
1918 1535 2216 1597 superiorem
2244 1536 2394 1593 etiam

129 1594 789 1670 horoscopfim‘correctum‚
828 1613 881 1654 ut
921 1613 968 1655 et
1006 1606 1201 1656 Partem
1240 1609 1513 1670 Fortunae,
1556 1623 1704 1670 quam
1742 1607 1937 1655 tradunt
1977 1607 2225 1670 astrologi.
2265 1635 2339 1642 ———

271 1678 445 1729 Haec
494 1681 804 1728 hactenus
853 1681 909 1727 in
956 1683 1232 1742 gratiam
1282 1683 1493 1743 gentis
1542 1681 2010 1742 astrologicae,
2064 1695 2137 1729 ne
2192 1687 2392 1730 mater

128 1752 352 1801 vetula
410 1753 558 1817 (qua
606 1753 1038 1801 similitudine
1090 1769 1215 1802 sum
1259 1769 1410 1803 usus
1463 1755 1524 1801 in
1576 1754 1999 1816 prae‘fatione'
2059 1747 2134 1802 ad
2185 1743 2386 1803 lecto-

127 1822 272 1892 rem)
308 1841 361 1875 se
387 1826 763 1876 destitutam
803 1832 859 1875 et
898 1826 1258 1890 despectam
1296 1842 1326 1875 a
1363 1826 1510 1875 filia
1556 1829 1826 1890 ingrata·
1854 1833 1915 1876 et
1953 1822 2222 1891 superba
2251 1842 2391 1890 que-

126 1906 317 1947 ratur.

1102 2029 1435 2080 FINIS.

213 3912 370 3955 Kopion-1
391 3913 528 3956 opera.
577 3913 641 3949 VI.
1966 3887 2031 3934 46
