<?xml version="1.0" encoding="UTF-8"?>
<!DOCTYPE html PUBLIC "-//W3C//DTD XHTML 1.0 Transitional//EN"
    "http://www.w3.org/TR/xhtml1/DTD/xhtml1-transitional.dtd">
<html xmlns="http://www.w3.org/1999/xhtml" xml:lang="en" lang="en">
 <head>
  <title>
</title>
<meta http-equiv="Content-Type" content="text/html;charset=utf-8" />
  <meta name='ocr-system' content='tesseract 3.04.00' />
  <meta name='ocr-capabilities' content='ocr_page ocr_carea ocr_par ocr_line ocrx_word'/>
</head>
<body>
  <div class='ocr_page' id='page_1' title='image "./operaomniaedidit06kepluoft_0107.png"; bbox 0 0 2560 4100; ppageno 0'>
   <div class='ocr_carea' id='block_1_1' title="bbox 26 3607 36 3856">
    <p class='ocr_par' dir='ltr' id='par_1_1' title="bbox 26 3607 36 3856">
     <span class='ocr_line' id='line_1_1' title="bbox 26 3607 34 3732; baseline 0 0"><span class='ocrx_word' id='word_1_1' title='bbox 26 3607 34 3732; x_wconf 74' lang='lat' dir='ltr'>l</span> 
     </span>
     <span class='ocr_line' id='line_1_2' title="bbox 29 3739 36 3856; baseline 0 0"><span class='ocrx_word' id='word_1_2' title='bbox 29 3739 36 3856; x_wconf 66' lang='lat' dir='ltr'>l</span> 
     </span>
    </p>
   </div>
   <div class='ocr_carea' id='block_1_2' title="bbox 0 582 34 4100">
    <p class='ocr_par' dir='ltr' id='par_1_2' title="bbox 0 582 34 4100">
     <span class='ocr_line' id='line_1_3' title="bbox 0 582 34 4100; baseline 0 -67"><span class='ocrx_word' id='word_1_3' title='bbox 0 582 34 4100; x_wconf 95' lang='lat' dir='ltr'>   </span> 
     </span>
    </p>
   </div>
   <div class='ocr_carea' id='block_1_3' title="bbox 518 116 2332 174">
    <p class='ocr_par' dir='ltr' id='par_1_3' title="bbox 518 116 2332 174">
     <span class='ocr_line' id='line_1_4' title="bbox 518 116 2332 174; baseline 0.001 -11"><span class='ocrx_word' id='word_1_4' title='bbox 518 119 590 163; x_wconf 90' lang='lat' dir='ltr'>De</span> <span class='ocrx_word' id='word_1_5' title='bbox 617 117 737 163; x_wconf 89' lang='lat' dir='ltr'>Anni</span> <span class='ocrx_word' id='word_1_6' title='bbox 768 117 1032 174; x_wconf 79' lang='lat' dir='ltr'>Quantitate</span> <span class='ocrx_word' id='word_1_7' title='bbox 1061 122 1108 164; x_wconf 87' lang='lat' dir='ltr'>et</span> <span class='ocrx_word' id='word_1_8' title='bbox 1136 116 1539 174; x_wconf 85' lang='lat' dir='ltr'>Aequinoctiorum</span> <span class='ocrx_word' id='word_1_9' title='bbox 1559 116 1898 164; x_wconf 84' lang='lat' dir='ltr'>Praecessione.</span> <span class='ocrx_word' id='word_1_10' title='bbox 2266 122 2332 170; x_wconf 88' lang='grc'>93</span> 
     </span>
    </p>
   </div>
   <div class='ocr_carea' id='block_1_4' title="bbox 76 265 2340 1428">
    <p class='ocr_par' dir='ltr' id='par_1_4' title="bbox 83 265 2334 402">
     <span class='ocr_line' id='line_1_5' title="bbox 83 265 2334 335; baseline -0.002 -16.926"><span class='ocrx_word' id='word_1_11' title='bbox 83 273 290 333; x_wconf 88' lang='lat' dir='ltr'>occupat</span> <span class='ocrx_word' id='word_1_12' title='bbox 337 266 498 316; x_wconf 86' lang='lat' dir='ltr'>hodie.</span> <span class='ocrx_word' id='word_1_13' title='bbox 577 266 817 330; x_wconf 80' lang='lat' dir='ltr'><strong>Compara</strong></span> <span class='ocrx_word' id='word_1_14' title='bbox 864 281 974 317; x_wconf 92' lang='lat' dir='ltr'>cum</span> <span class='ocrx_word' id='word_1_15' title='bbox 1023 266 1177 317; x_wconf 89' lang='lat' dir='ltr'>altero</span> <span class='ocrx_word' id='word_1_16' title='bbox 1215 272 1500 329; x_wconf 86' lang='lat' dir='ltr'>argumento</span> <span class='ocrx_word' id='word_1_17' title='bbox 1555 281 1615 316; x_wconf 89' lang='lat' dir='ltr'>ex</span> <span class='ocrx_word' id='word_1_18' title='bbox 1668 267 1858 316; x_wconf 88' lang='lat' dir='ltr'>theoria</span> <span class='ocrx_word' id='word_1_19' title='bbox 1893 266 2090 328; x_wconf 89' lang='lat' dir='ltr'>Martis,</span> <span class='ocrx_word' id='word_1_20' title='bbox 2149 266 2234 314; x_wconf 90' lang='lat' dir='ltr'>ubi</span> <span class='ocrx_word' id='word_1_21' title='bbox 2275 265 2334 335; x_wconf 88' lang='lat' dir='ltr'>de</span> 
     </span>
     <span class='ocr_line' id='line_1_6' title="bbox 83 340 674 402; baseline -0.007 -11"><span class='ocrx_word' id='word_1_22' title='bbox 83 340 255 392; x_wconf 88' lang='lat' dir='ltr'>eadem</span> <span class='ocrx_word' id='word_1_23' title='bbox 291 340 388 388; x_wconf 84' lang='lat' dir='ltr'>fixa</span> <span class='ocrx_word' id='word_1_24' title='bbox 423 340 674 402; x_wconf 85' lang='lat' dir='ltr'><strong>agebatur.</strong></span> 
     </span>
    </p>

    <p class='ocr_par' dir='ltr' id='par_1_5' title="bbox 78 411 2339 989">
     <span class='ocr_line' id='line_1_7' title="bbox 233 411 2336 475; baseline -0 -13"><span class='ocrx_word' id='word_1_25' title='bbox 233 414 378 462; x_wconf 87' lang='lat' dir='ltr'>Anno</span> <span class='ocrx_word' id='word_1_26' title='bbox 417 419 667 475; x_wconf 87' lang='lat' dir='ltr'>sequente,</span> <span class='ocrx_word' id='word_1_27' title='bbox 708 414 792 475; x_wconf 92' lang='lat' dir='ltr'>qui</span> <span class='ocrx_word' id='word_1_28' title='bbox 828 418 932 462; x_wconf 90' lang='lat' dir='ltr'>erat</span> <span class='ocrx_word' id='word_1_29' title='bbox 970 414 1091 462; x_wconf 83' lang='lat'><strong>294.</strong></span> <span class='ocrx_word' id='word_1_30' title='bbox 1119 428 1165 463; x_wconf 90' lang='lat' dir='ltr'>a.</span> <span class='ocrx_word' id='word_1_31' title='bbox 1194 412 1311 474; x_wconf 61' lang='lat' dir='ltr'>Oh„</span> <span class='ocrx_word' id='word_1_32' title='bbox 1353 412 1396 461; x_wconf 92' lang='lat' dir='ltr'>d.</span> <span class='ocrx_word' id='word_1_33' title='bbox 1428 414 1475 462; x_wconf 89' lang='grc'><strong>9</strong></span> <span class='ocrx_word' id='word_1_34' title='bbox 1503 411 1649 461; x_wconf 77' lang='lat' dir='ltr'>Mart.</span> <span class='ocrx_word' id='word_1_35' title='bbox 1689 411 1736 460; x_wconf 85' lang='lat' dir='ltr'><strong>h.</strong></span> <span class='ocrx_word' id='word_1_36' title='bbox 1778 415 1824 461; x_wconf 89' lang='lat'>3.</span> <span class='ocrx_word' id='word_1_37' title='bbox 1864 413 2021 461; x_wconf 90' lang='lat' dir='ltr'>noctis</span> <span class='ocrx_word' id='word_1_38' title='bbox 2058 413 2336 475; x_wconf 84' lang='lat' dir='ltr'>incipiente,</span> 
     </span>
     <span class='ocr_line' id='line_1_8' title="bbox 81 484 2338 551; baseline -0.001 -16"><span class='ocrx_word' id='word_1_39' title='bbox 81 486 222 536; x_wconf 89' lang='lat' dir='ltr'>Luna</span> <span class='ocrx_word' id='word_1_40' title='bbox 256 485 418 535; x_wconf 90' lang='lat' dir='ltr'>media</span> <span class='ocrx_word' id='word_1_41' title='bbox 452 500 542 534; x_wconf 88' lang='lat' dir='ltr'>sua</span> <span class='ocrx_word' id='word_1_42' title='bbox 580 485 767 547; x_wconf 85' lang='lat' dir='ltr'>apside,</span> <span class='ocrx_word' id='word_1_43' title='bbox 807 500 934 549; x_wconf 88' lang='lat' dir='ltr'>quae</span> <span class='ocrx_word' id='word_1_44' title='bbox 973 493 1047 535; x_wconf 91' lang='lat' dir='ltr'>est</span> <span class='ocrx_word' id='word_1_45' title='bbox 1084 487 1148 535; x_wconf 91' lang='lat' dir='ltr'>ad</span> <span class='ocrx_word' id='word_1_46' title='bbox 1187 493 1343 534; x_wconf 91' lang='lat' dir='ltr'>ortum</span> <span class='ocrx_word' id='word_1_47' title='bbox 1381 485 1793 549; x_wconf 83' lang='lat' dir='ltr'>aequinoctialem</span> <span class='ocrx_word' id='word_1_48' title='bbox 1831 500 1989 551; x_wconf 83' lang='lat' dir='ltr'>versa,</span> <span class='ocrx_word' id='word_1_49' title='bbox 2027 488 2188 548; x_wconf 85' lang='lat' dir='ltr'>tetigit</span> <span class='ocrx_word' id='word_1_50' title='bbox 2221 484 2338 548; x_wconf 88' lang='lat' dir='ltr'>Spi-</span> 
     </span>
     <span class='ocr_line' id='line_1_9' title="bbox 84 557 2338 621; baseline -0.001 -13"><span class='ocrx_word' id='word_1_51' title='bbox 84 574 216 621; x_wconf 80' lang='lat' dir='ltr'>cam3</span> <span class='ocrx_word' id='word_1_52' title='bbox 264 561 453 608; x_wconf 88' lang='lat' dir='ltr'>transiit</span> <span class='ocrx_word' id='word_1_53' title='bbox 489 565 652 608; x_wconf 90' lang='lat' dir='ltr'>autem</span> <span class='ocrx_word' id='word_1_54' title='bbox 691 558 865 621; x_wconf 83' lang='lat' dir='ltr'>Spica,</span> <span class='ocrx_word' id='word_1_55' title='bbox 914 559 1137 608; x_wconf 85' lang='lat' dir='ltr'>auferens</span> <span class='ocrx_word' id='word_1_56' title='bbox 1178 561 1400 608; x_wconf 86' lang='lat' dir='ltr'>trientem</span> <span class='ocrx_word' id='word_1_57' title='bbox 1450 559 1671 607; x_wconf 84' lang='lat' dir='ltr'>diametri</span> <span class='ocrx_word' id='word_1_58' title='bbox 1708 557 1879 607; x_wconf 89' lang='lat' dir='ltr'>Lunae</span> <span class='ocrx_word' id='word_1_59' title='bbox 1930 573 2098 607; x_wconf 89' lang='lat' dir='ltr'>versus</span> <span class='ocrx_word' id='word_1_60' title='bbox 2139 560 2338 608; x_wconf 87' lang='lat' dir='ltr'>boream</span> 
     </span>
     <span class='ocr_line' id='line_1_10' title="bbox 84 631 2336 696; baseline -0 -15"><span class='ocrx_word' id='word_1_61' title='bbox 84 639 325 688; x_wconf 87' lang='lat' dir='ltr'>accurate.</span> <span class='ocrx_word' id='word_1_62' title='bbox 402 631 554 694; x_wconf 87' lang='lat' dir='ltr'>Atqui</span> <span class='ocrx_word' id='word_1_63' title='bbox 606 640 832 695; x_wconf 84' lang='lat' dir='ltr'>computo</span> <span class='ocrx_word' id='word_1_64' title='bbox 878 631 926 679; x_wconf 90' lang='lat' dir='ltr'><strong>h.</strong></span> <span class='ocrx_word' id='word_1_65' title='bbox 969 634 1016 679; x_wconf 97' lang='grc'><strong>2.</strong></span> <span class='ocrx_word' id='word_1_66' title='bbox 1058 634 1251 695; x_wconf 86' lang='lat' dir='ltr'>aequin.</span> <span class='ocrx_word' id='word_1_67' title='bbox 1302 631 1544 696; x_wconf 88' lang='lat' dir='ltr'>completa</span> <span class='ocrx_word' id='word_1_68' title='bbox 1590 631 1793 680; x_wconf 91' lang='lat' dir='ltr'>limbum</span> <span class='ocrx_word' id='word_1_69' title='bbox 1842 631 2125 680; x_wconf 85' lang='lat' dir='ltr'>orientalem</span> <span class='ocrx_word' id='word_1_70' title='bbox 2165 631 2336 680; x_wconf 90' lang='lat' dir='ltr'>Lunae</span> 
     </span>
     <span class='ocr_line' id='line_1_11' title="bbox 80 701 2337 773; baseline -0 -20"><span class='ocrx_word' id='word_1_71' title='bbox 80 708 129 753; x_wconf 90' lang='lat' dir='ltr'>in</span> <span class='ocrx_word' id='word_1_72' title='bbox 171 703 264 753; x_wconf 86' lang='grc'>210</span> <span class='ocrx_word' id='word_1_73' title='bbox 303 701 523 773; x_wconf 67' lang='lat'>28‘111),</span> <span class='ocrx_word' id='word_1_74' title='bbox 572 711 786 753; x_wconf 87' lang='lat' dir='ltr'>centrum</span> <span class='ocrx_word' id='word_1_75' title='bbox 824 701 893 771; x_wconf 55' lang='grc' dir='ltr'>ᾧ</span> <span class='ocrx_word' id='word_1_76' title='bbox 938 707 981 753; x_wconf 91' lang='lat'>1</span> <span class='ocrx_word' id='word_1_77' title='bbox 1023 706 1106 753; x_wconf 85' lang='lat'><strong>54.</strong></span> <span class='ocrx_word' id='word_1_78' title='bbox 1148 711 1294 754; x_wconf 87' lang='lat' dir='ltr'>austr.</span> <span class='ocrx_word' id='word_1_79' title='bbox 1332 705 1416 754; x_wconf 89' lang='lat' dir='ltr'>lat.</span> <span class='ocrx_word' id='word_1_80' title='bbox 1459 712 1508 755; x_wconf 89' lang='lat' dir='ltr'>et</span> <span class='ocrx_word' id='word_1_81' title='bbox 1545 707 1615 754; x_wconf 89' lang='lat' dir='ltr'>sic</span> <span class='ocrx_word' id='word_1_82' title='bbox 1653 711 1886 769; x_wconf 88' lang='lat' dir='ltr'>punctum</span> <span class='ocrx_word' id='word_1_83' title='bbox 1926 703 2163 765; x_wconf 86' lang='lat' dir='ltr'>diametri,</span> <span class='ocrx_word' id='word_1_84' title='bbox 2203 704 2337 767; x_wconf 92' lang='lat' dir='ltr'>quod</span> 
     </span>
     <span class='ocr_line' id='line_1_12' title="bbox 80 775 2339 846; baseline -0 -19"><span class='ocrx_word' id='word_1_85' title='bbox 80 781 304 827; x_wconf 88' lang='lat' dir='ltr'>trientem</span> <span class='ocrx_word' id='word_1_86' title='bbox 341 777 599 839; x_wconf 84' lang='lat' dir='ltr'>abscindit,</span> <span class='ocrx_word' id='word_1_87' title='bbox 638 780 686 825; x_wconf 91' lang='lat' dir='ltr'>in</span> <span class='ocrx_word' id='word_1_88' title='bbox 731 777 787 826; x_wconf 86' lang='lat'>1⁰</span> <span class='ocrx_word' id='word_1_89' title='bbox 827 779 930 839; x_wconf 82' lang='lat'>59¹,</span> <span class='ocrx_word' id='word_1_90' title='bbox 986 791 1096 825; x_wconf 91' lang='lat' dir='ltr'>cum</span> <span class='ocrx_word' id='word_1_91' title='bbox 1135 786 1264 827; x_wconf 89' lang='lat' dir='ltr'>esset</span> <span class='ocrx_word' id='word_1_92' title='bbox 1301 779 1446 828; x_wconf 87' lang='lat' dir='ltr'>stella</span> <span class='ocrx_word' id='word_1_93' title='bbox 1484 781 1532 826; x_wconf 93' lang='lat' dir='ltr'>in</span> <span class='ocrx_word' id='word_1_94' title='bbox 1573 776 1668 827; x_wconf 92' lang='grc'>210</span> <span class='ocrx_word' id='word_1_95' title='bbox 1706 779 1793 826; x_wconf 82' lang='grc'>26’</span> <span class='ocrx_word' id='word_1_96' title='bbox 1833 775 1928 846; x_wconf 73' lang='lat' dir='ltr'>m),</span> <span class='ocrx_word' id='word_1_97' title='bbox 1977 777 2063 826; x_wconf 90' lang='lat' dir='ltr'>lat.</span> <span class='ocrx_word' id='word_1_98' title='bbox 2102 777 2339 827; x_wconf 88' lang='lat' dir='ltr'>hodierna</span> 
     </span>
     <span class='ocr_line' id='line_1_13' title="bbox 85 847 2337 917; baseline 0 -17"><span class='ocrx_word' id='word_1_99' title='bbox 85 850 140 900; x_wconf 92' lang='grc'>10</span> <span class='ocrx_word' id='word_1_100' title='bbox 190 854 293 900; x_wconf 86' lang='grc'>59’.</span> <span class='ocrx_word' id='word_1_101' title='bbox 377 851 479 899; x_wconf 87' lang='lat' dir='ltr'>Ant</span> <span class='ocrx_word' id='word_1_102' title='bbox 534 852 576 898; x_wconf 92' lang='lat' dir='ltr'>si</span> <span class='ocrx_word' id='word_1_103' title='bbox 631 850 690 901; x_wconf 91' lang='lat' dir='ltr'>de</span> <span class='ocrx_word' id='word_1_104' title='bbox 738 852 893 916; x_wconf 90' lang='lat' dir='ltr'>primo</span> <span class='ocrx_word' id='word_1_105' title='bbox 945 852 1165 912; x_wconf 88' lang='lat' dir='ltr'>ingressu</span> <span class='ocrx_word' id='word_1_106' title='bbox 1217 847 1287 917; x_wconf 55' lang='lat' dir='ltr'>Q</span> <span class='ocrx_word' id='word_1_107' title='bbox 1342 853 1495 901; x_wconf 83' lang='lat' dir='ltr'>verba</span> <span class='ocrx_word' id='word_1_108' title='bbox 1544 858 1658 900; x_wconf 89' lang='lat' dir='ltr'>sunt</span> <span class='ocrx_word' id='word_1_109' title='bbox 1714 852 1956 913; x_wconf 84' lang='lat' dir='ltr'>exquisite</span> <span class='ocrx_word' id='word_1_110' title='bbox 2017 851 2337 908; x_wconf 88' lang='lat' dir='ltr'>observanda,</span> 
     </span>
     <span class='ocr_line' id='line_1_14' title="bbox 78 923 1570 989; baseline -0.001 -15"><span class='ocrx_word' id='word_1_111' title='bbox 78 924 254 989; x_wconf 90' lang='lat' dir='ltr'>Spicae</span> <span class='ocrx_word' id='word_1_112' title='bbox 290 923 374 971; x_wconf 92' lang='lat' dir='ltr'>illo</span> <span class='ocrx_word' id='word_1_113' title='bbox 412 930 631 987; x_wconf 91' lang='lat' dir='ltr'>tempore</span> <span class='ocrx_word' id='word_1_114' title='bbox 668 923 876 973; x_wconf 87' lang='lat' dir='ltr'>latitudo</span> <span class='ocrx_word' id='word_1_115' title='bbox 916 924 1158 972; x_wconf 90' lang='lat' dir='ltr'>tribuetur</span> <span class='ocrx_word' id='word_1_116' title='bbox 1204 927 1257 971; x_wconf 82' lang='lat'>1⁰</span> <span class='ocrx_word' id='word_1_117' title='bbox 1298 925 1383 972; x_wconf 80' lang='lat'>54¹</span> <span class='ocrx_word' id='word_1_118' title='bbox 1422 931 1570 974; x_wconf 87' lang='lat' dir='ltr'>austr.</span> 
     </span>
    </p>

    <p class='ocr_par' dir='ltr' id='par_1_6' title="bbox 76 995 2340 1428">
     <span class='ocr_line' id='line_1_15' title="bbox 223 995 2340 1061; baseline 0 -16"><span class='ocrx_word' id='word_1_119' title='bbox 223 997 368 1045; x_wconf 89' lang='lat' dir='ltr'>Anno</span> <span class='ocrx_word' id='word_1_120' title='bbox 419 1012 465 1046; x_wconf 94' lang='lat' dir='ltr'>a.</span> <span class='ocrx_word' id='word_1_121' title='bbox 516 996 603 1046; x_wconf 88' lang='lat' dir='ltr'><strong>Ch.</strong></span> <span class='ocrx_word' id='word_1_122' title='bbox 662 999 783 1048; x_wconf 82' lang='lat'><strong>283.</strong></span> <span class='ocrx_word' id='word_1_123' title='bbox 838 998 921 1045; x_wconf 86' lang='grc'><strong>29.</strong></span> <span class='ocrx_word' id='word_1_124' title='bbox 960 995 1077 1045; x_wconf 87' lang='lat' dir='ltr'>Jau.</span> <span class='ocrx_word' id='word_1_125' title='bbox 1133 997 1462 1046; x_wconf 85' lang='lat' dir='ltr'>Alexandriae</span> <span class='ocrx_word' id='word_1_126' title='bbox 1507 998 1555 1046; x_wconf 93' lang='lat' dir='ltr'><strong>h.</strong></span> <span class='ocrx_word' id='word_1_127' title='bbox 1607 999 1656 1049; x_wconf 88' lang='lat'>3.</span> <span class='ocrx_word' id='word_1_128' title='bbox 1712 998 1869 1046; x_wconf 90' lang='lat' dir='ltr'>noctis</span> <span class='ocrx_word' id='word_1_129' title='bbox 1927 995 2176 1046; x_wconf 81' lang='lat' dir='ltr'>desinente</span> <span class='ocrx_word' id='word_1_130' title='bbox 2227 1011 2340 1061; x_wconf 87' lang='lat' dir='ltr'>pars</span> 
     </span>
     <span class='ocr_line' id='line_1_16' title="bbox 78 1069 2332 1134; baseline -0 -15"><span class='ocrx_word' id='word_1_131' title='bbox 78 1071 248 1120; x_wconf 90' lang='lat' dir='ltr'>Lunae</span> <span class='ocrx_word' id='word_1_132' title='bbox 287 1076 435 1118; x_wconf 86' lang='lat' dir='ltr'>austr.</span> <span class='ocrx_word' id='word_1_133' title='bbox 476 1069 677 1119; x_wconf 90' lang='lat' dir='ltr'>dimidia</span> <span class='ocrx_word' id='word_1_134' title='bbox 715 1073 935 1133; x_wconf 86' lang='lat' dir='ltr'>ingressa</span> <span class='ocrx_word' id='word_1_135' title='bbox 981 1076 1055 1118; x_wconf 91' lang='lat' dir='ltr'>est</span> <span class='ocrx_word' id='word_1_136' title='bbox 1105 1071 1155 1117; x_wconf 91' lang='lat' dir='ltr'>in</span> <span class='ocrx_word' id='word_1_137' title='bbox 1195 1073 1509 1134; x_wconf 88' lang='lat' dir='ltr'>posteriorem</span> <span class='ocrx_word' id='word_1_138' title='bbox 1559 1071 1640 1119; x_wconf 87' lang='lat' dir='ltr'>vel</span> <span class='ocrx_word' id='word_1_139' title='bbox 1687 1072 1937 1119; x_wconf 86' lang='lat' dir='ltr'>semissem</span> <span class='ocrx_word' id='word_1_140' title='bbox 1988 1070 2069 1119; x_wconf 90' lang='lat' dir='ltr'>vel</span> <span class='ocrx_word' id='word_1_141' title='bbox 2109 1073 2332 1119; x_wconf 88' lang='lat' dir='ltr'>trientem</span> 
     </span>
     <span class='ocr_line' id='line_1_17' title="bbox 79 1141 2332 1206; baseline 0 -14"><span class='ocrx_word' id='word_1_142' title='bbox 79 1143 336 1193; x_wconf 91' lang='lat' dir='ltr'>Pleiadum</span> <span class='ocrx_word' id='word_1_143' title='bbox 372 1150 613 1192; x_wconf 89' lang='lat' dir='ltr'>accurate.</span> <span class='ocrx_word' id='word_1_144' title='bbox 686 1143 795 1192; x_wconf 88' lang='lat' dir='ltr'>Non</span> <span class='ocrx_word' id='word_1_145' title='bbox 836 1150 910 1191; x_wconf 89' lang='lat' dir='ltr'>est</span> <span class='ocrx_word' id='word_1_146' title='bbox 947 1141 1144 1206; x_wconf 89' lang='lat' dir='ltr'>quidem</span> <span class='ocrx_word' id='word_1_147' title='bbox 1181 1143 1305 1192; x_wconf 85' lang='lat' dir='ltr'>haee</span> <span class='ocrx_word' id='word_1_148' title='bbox 1344 1145 1621 1194; x_wconf 89' lang='lat' dir='ltr'>observatio</span> <span class='ocrx_word' id='word_1_149' title='bbox 1661 1150 1796 1192; x_wconf 90' lang='lat' dir='ltr'>extra</span> <span class='ocrx_word' id='word_1_150' title='bbox 1835 1157 2027 1193; x_wconf 89' lang='lat' dir='ltr'>omnem</span> <span class='ocrx_word' id='word_1_151' title='bbox 2060 1143 2332 1192; x_wconf 87' lang='lat' dir='ltr'>dubitatio-</span> 
     </span>
     <span class='ocr_line' id='line_1_18' title="bbox 76 1216 2330 1280; baseline 0 -15"><span class='ocrx_word' id='word_1_152' title='bbox 76 1220 151 1265; x_wconf 88' lang='lat' dir='ltr'>nis</span> <span class='ocrx_word' id='word_1_153' title='bbox 188 1217 349 1266; x_wconf 87' lang='lat' dir='ltr'>aleam</span> <span class='ocrx_word' id='word_1_154' title='bbox 383 1218 560 1280; x_wconf 86' lang='lat' dir='ltr'>posita,</span> <span class='ocrx_word' id='word_1_155' title='bbox 601 1216 734 1279; x_wconf 91' lang='lat' dir='ltr'>quod</span> <span class='ocrx_word' id='word_1_156' title='bbox 770 1216 912 1266; x_wconf 85' lang='lat' dir='ltr'>facile</span> <span class='ocrx_word' id='word_1_157' title='bbox 952 1223 1155 1280; x_wconf 88' lang='lat' dir='ltr'>apparet</span> <span class='ocrx_word' id='word_1_158' title='bbox 1202 1217 1496 1280; x_wconf 85' lang='lat' dir='ltr'>expendenti</span> <span class='ocrx_word' id='word_1_159' title='bbox 1548 1217 1743 1280; x_wconf 84' lang='lat' dir='ltr'>singula</span> <span class='ocrx_word' id='word_1_160' title='bbox 1783 1217 1947 1266; x_wconf 88' lang='lat' dir='ltr'>verba.</span> <span class='ocrx_word' id='word_1_161' title='bbox 2024 1216 2330 1266; x_wconf 88' lang='lat' dir='ltr'>Probabilis-</span> 
     </span>
     <span class='ocr_line' id='line_1_19' title="bbox 84 1287 2336 1354; baseline -0 -15"><span class='ocrx_word' id='word_1_162' title='bbox 84 1293 236 1339; x_wconf 88' lang='lat' dir='ltr'>simus</span> <span class='ocrx_word' id='word_1_163' title='bbox 275 1296 436 1339; x_wconf 89' lang='lat' dir='ltr'>tamen</span> <span class='ocrx_word' id='word_1_164' title='bbox 475 1298 685 1354; x_wconf 89' lang='lat' dir='ltr'>punctus</span> <span class='ocrx_word' id='word_1_165' title='bbox 723 1291 846 1338; x_wconf 89' lang='lat' dir='ltr'>inter</span> <span class='ocrx_word' id='word_1_166' title='bbox 884 1289 1052 1339; x_wconf 89' lang='lat' dir='ltr'>stellas</span> <span class='ocrx_word' id='word_1_167' title='bbox 1090 1289 1308 1339; x_wconf 90' lang='lat' dir='ltr'>Pleiadis</span> <span class='ocrx_word' id='word_1_168' title='bbox 1347 1291 1436 1339; x_wconf 85' lang='lat' dir='ltr'>fuit</span> <span class='ocrx_word' id='word_1_169' title='bbox 1462 1293 1531 1337; x_wconf 83' lang='lat' dir='ltr'>in</span> <span class='ocrx_word' id='word_1_170' title='bbox 1572 1287 1667 1338; x_wconf 85' lang='grc'><strong>270</strong></span> <span class='ocrx_word' id='word_1_171' title='bbox 1706 1291 1792 1338; x_wconf 81' lang='lat'>55‘</span> <span class='ocrx_word' id='word_1_172' title='bbox 1836 1291 1916 1351; x_wconf 69' lang='grc' dir='ltr'>γ’,</span> <span class='ocrx_word' id='word_1_173' title='bbox 1959 1303 2067 1338; x_wconf 83' lang='grc'><strong>011111</strong></span> <span class='ocrx_word' id='word_1_174' title='bbox 2105 1289 2193 1339; x_wconf 90' lang='lat' dir='ltr'>lat.</span> <span class='ocrx_word' id='word_1_175' title='bbox 2234 1291 2336 1338; x_wconf 92' lang='lat' dir='ltr'>bor.</span> 
     </span>
     <span class='ocr_line' id='line_1_20' title="bbox 82 1361 2339 1428; baseline -0 -16"><span class='ocrx_word' id='word_1_176' title='bbox 82 1361 140 1412; x_wconf 88' lang='lat'>3⁰</span> <span class='ocrx_word' id='word_1_177' title='bbox 182 1365 292 1424; x_wconf 81' lang='lat'>56‘,</span> <span class='ocrx_word' id='word_1_178' title='bbox 346 1369 396 1412; x_wconf 92' lang='lat' dir='ltr'>et</span> <span class='ocrx_word' id='word_1_179' title='bbox 444 1369 671 1428; x_wconf 90' lang='lat' dir='ltr'>computo</span> <span class='ocrx_word' id='word_1_180' title='bbox 723 1377 814 1425; x_wconf 90' lang='lat' dir='ltr'>ego</span> <span class='ocrx_word' id='word_1_181' title='bbox 865 1362 986 1411; x_wconf 88' lang='lat' dir='ltr'>hora</span> <span class='ocrx_word' id='word_1_182' title='bbox 1034 1378 1132 1412; x_wconf 88' lang='lat' dir='ltr'>non</span> <span class='ocrx_word' id='word_1_183' title='bbox 1176 1365 1221 1411; x_wconf 89' lang='lat'>3.</span> <span class='ocrx_word' id='word_1_184' title='bbox 1282 1363 1368 1412; x_wconf 87' lang='lat' dir='ltr'>sed</span> <span class='ocrx_word' id='word_1_185' title='bbox 1412 1368 1456 1414; x_wconf 85' lang='lat'><strong>1.</strong></span> <span class='ocrx_word' id='word_1_186' title='bbox 1498 1362 1741 1427; x_wconf 89' lang='lat' dir='ltr'>completa</span> <span class='ocrx_word' id='word_1_187' title='bbox 1792 1369 1903 1427; x_wconf 88' lang='lat' dir='ltr'>post</span> <span class='ocrx_word' id='word_1_188' title='bbox 1942 1363 2070 1412; x_wconf 85' lang='lat' dir='ltr'>Solis</span> <span class='ocrx_word' id='word_1_189' title='bbox 2112 1377 2339 1412; x_wconf 87' lang='lat' dir='ltr'>oceasum</span> 
     </span>
    </p>
   </div>
   <div class='ocr_carea' id='block_1_5' title="bbox 12 1432 2341 1503">
    <p class='ocr_par' dir='ltr' id='par_1_7' title="bbox 12 1432 2341 1503">
     <span class='ocr_line' id='line_1_21' title="bbox 12 1432 2341 1503; baseline -0 -17"><span class='ocrx_word' id='word_1_190' title='bbox 12 1474 14 1479; x_wconf 31' lang='lat'><strong>⁴</strong></span> <span class='ocrx_word' id='word_1_191' title='bbox 83 1443 301 1486; x_wconf 84' lang='lat' dir='ltr'>centrum</span> <span class='ocrx_word' id='word_1_192' title='bbox 338 1435 509 1485; x_wconf 88' lang='lat' dir='ltr'>Lunae</span> <span class='ocrx_word' id='word_1_193' title='bbox 549 1436 806 1486; x_wconf 83' lang='lat' dir='ltr'>visibiliter</span> <span class='ocrx_word' id='word_1_194' title='bbox 842 1436 891 1482; x_wconf 92' lang='lat' dir='ltr'>in</span> <span class='ocrx_word' id='word_1_195' title='bbox 931 1433 1026 1484; x_wconf 84' lang='lat'>27⁰</span> <span class='ocrx_word' id='word_1_196' title='bbox 1065 1432 1203 1503; x_wconf 72' lang='lat'>593!⁴</span> <span class='ocrx_word' id='word_1_197' title='bbox 1235 1437 1316 1498; x_wconf 72' lang='grc' dir='ltr'>Υ,</span> <span class='ocrx_word' id='word_1_198' title='bbox 1368 1437 1454 1486; x_wconf 87' lang='lat' dir='ltr'>lat.</span> <span class='ocrx_word' id='word_1_199' title='bbox 1494 1437 1633 1485; x_wconf 90' lang='lat' dir='ltr'>limbi</span> <span class='ocrx_word' id='word_1_200' title='bbox 1679 1450 1774 1484; x_wconf 91' lang='lat' dir='ltr'>non</span> <span class='ocrx_word' id='word_1_201' title='bbox 1815 1436 2070 1498; x_wconf 87' lang='lat' dir='ltr'>australis,</span> <span class='ocrx_word' id='word_1_202' title='bbox 2120 1437 2208 1485; x_wconf 91' lang='lat' dir='ltr'>sed</span> <span class='ocrx_word' id='word_1_203' title='bbox 2247 1437 2341 1485; x_wconf 93' lang='lat' dir='ltr'>bo-</span> 
     </span>
    </p>
   </div>
   <div class='ocr_carea' id='block_1_6' title="bbox 80 1504 2343 2238">
    <p class='ocr_par' dir='ltr' id='par_1_8' title="bbox 80 1504 2343 1939">
     <span class='ocr_line' id='line_1_22' title="bbox 83 1504 2340 1575; baseline 0 -18"><span class='ocrx_word' id='word_1_204' title='bbox 83 1509 230 1559; x_wconf 86' lang='lat' dir='ltr'>realis</span> <span class='ocrx_word' id='word_1_205' title='bbox 275 1504 332 1557; x_wconf 90' lang='lat'>3⁰</span> <span class='ocrx_word' id='word_1_206' title='bbox 373 1510 460 1557; x_wconf 85' lang='lat'>54¹</span> <span class='ocrx_word' id='word_1_207' title='bbox 505 1510 605 1558; x_wconf 89' lang='lat' dir='ltr'>bor.</span> <span class='ocrx_word' id='word_1_208' title='bbox 684 1510 759 1558; x_wconf 91' lang='lat' dir='ltr'>De</span> <span class='ocrx_word' id='word_1_209' title='bbox 805 1508 1077 1573; x_wconf 87' lang='lat' dir='ltr'>sphalmate</span> <span class='ocrx_word' id='word_1_210' title='bbox 1118 1529 1272 1566; x_wconf 71' lang='grc' dir='ltr'><strong><em>νοτιος</em></strong></span> <span class='ocrx_word' id='word_1_211' title='bbox 1320 1524 1406 1574; x_wconf 86' lang='lat' dir='ltr'>pro</span> <span class='ocrx_word' id='word_1_212' title='bbox 1445 1511 1633 1575; x_wconf 79' lang='grc' dir='ltr'><strong><em>βορειος</em></strong></span> <span class='ocrx_word' id='word_1_213' title='bbox 1683 1510 1806 1558; x_wconf 88' lang='grc'><strong>1111111</strong></span> <span class='ocrx_word' id='word_1_214' title='bbox 1845 1516 1919 1559; x_wconf 93' lang='lat' dir='ltr'>est</span> <span class='ocrx_word' id='word_1_215' title='bbox 1972 1524 2056 1559; x_wconf 90' lang='lat' dir='ltr'>cur</span> <span class='ocrx_word' id='word_1_216' title='bbox 2108 1509 2340 1559; x_wconf 91' lang='lat' dir='ltr'>dubitem.</span> 
     </span>
     <span class='ocr_line' id='line_1_23' title="bbox 81 1582 2342 1648; baseline 0 -17"><span class='ocrx_word' id='word_1_217' title='bbox 81 1582 209 1631; x_wconf 88' lang='lat' dir='ltr'>Nam</span> <span class='ocrx_word' id='word_1_218' title='bbox 248 1583 568 1645; x_wconf 88' lang='lat' dir='ltr'>nonagesimo</span> <span class='ocrx_word' id='word_1_219' title='bbox 606 1583 759 1646; x_wconf 88' lang='lat' dir='ltr'>gradu</span> <span class='ocrx_word' id='word_1_220' title='bbox 799 1582 942 1631; x_wconf 85' lang='lat' dir='ltr'>valde</span> <span class='ocrx_word' id='word_1_221' title='bbox 981 1582 1082 1631; x_wconf 87' lang='lat' dir='ltr'>alto</span> <span class='ocrx_word' id='word_1_222' title='bbox 1111 1585 1361 1644; x_wconf 85' lang='lat' dir='ltr'>existente,</span> <span class='ocrx_word' id='word_1_223' title='bbox 1402 1598 1606 1648; x_wconf 87' lang='lat' dir='ltr'>parvum</span> <span class='ocrx_word' id='word_1_224' title='bbox 1645 1589 1719 1631; x_wconf 90' lang='lat' dir='ltr'>est</span> <span class='ocrx_word' id='word_1_225' title='bbox 1756 1599 1786 1632; x_wconf 91' lang='lat' dir='ltr'>a</span> <span class='ocrx_word' id='word_1_226' title='bbox 1810 1583 2052 1647; x_wconf 79' lang='lat' dir='ltr'>par-allaxi</span> <span class='ocrx_word' id='word_1_227' title='bbox 2082 1583 2342 1646; x_wconf 87' lang='lat' dir='ltr'>adjumen—</span> 
     </span>
     <span class='ocr_line' id='line_1_24' title="bbox 82 1654 2340 1721; baseline 0 -17"><span class='ocrx_word' id='word_1_228' title='bbox 82 1663 186 1704; x_wconf 89' lang='lat' dir='ltr'>tum</span> <span class='ocrx_word' id='word_1_229' title='bbox 223 1655 479 1718; x_wconf 87' lang='lat' dir='ltr'>augendae</span> <span class='ocrx_word' id='word_1_230' title='bbox 516 1655 764 1704; x_wconf 87' lang='lat' dir='ltr'>latitudini</span> <span class='ocrx_word' id='word_1_231' title='bbox 803 1654 987 1705; x_wconf 85' lang='lat' dir='ltr'>visibili</span> <span class='ocrx_word' id='word_1_232' title='bbox 1035 1656 1161 1705; x_wconf 89' lang='lat' dir='ltr'>intra</span> <span class='ocrx_word' id='word_1_233' title='bbox 1201 1658 1230 1703; x_wconf 89' lang='grc'><strong>2</strong></span> <span class='ocrx_word' id='word_1_234' title='bbox 1271 1655 1416 1705; x_wconf 87' lang='lat' dir='ltr'>horas</span> <span class='ocrx_word' id='word_1_235' title='bbox 1454 1656 1534 1706; x_wconf 90' lang='lat' dir='ltr'>vel</span> <span class='ocrx_word' id='word_1_236' title='bbox 1572 1658 1754 1718; x_wconf 86' lang='lat' dir='ltr'>minus,</span> <span class='ocrx_word' id='word_1_237' title='bbox 1808 1671 1932 1719; x_wconf 88' lang='lat' dir='ltr'>quas</span> <span class='ocrx_word' id='word_1_238' title='bbox 1982 1671 2073 1719; x_wconf 87' lang='lat' dir='ltr'>ego</span> <span class='ocrx_word' id='word_1_239' title='bbox 2112 1658 2340 1721; x_wconf 90' lang='lat' dir='ltr'>anticipo.</span> 
     </span>
     <span class='ocr_line' id='line_1_25' title="bbox 84 1729 2343 1795; baseline 0 -17"><span class='ocrx_word' id='word_1_240' title='bbox 84 1729 406 1793; x_wconf 87' lang='lat' dir='ltr'>Nequaquam</span> <span class='ocrx_word' id='word_1_241' title='bbox 461 1731 607 1791; x_wconf 87' lang='lat' dir='ltr'>igitur</span> <span class='ocrx_word' id='word_1_242' title='bbox 656 1731 783 1778; x_wconf 88' lang='lat' dir='ltr'>intra</span> <span class='ocrx_word' id='word_1_243' title='bbox 819 1738 1009 1792; x_wconf 90' lang='lat' dir='ltr'>tempus</span> <span class='ocrx_word' id='word_1_244' title='bbox 1060 1735 1161 1778; x_wconf 88' lang='lat' dir='ltr'>tam</span> <span class='ocrx_word' id='word_1_245' title='bbox 1210 1730 1358 1779; x_wconf 90' lang='lat' dir='ltr'>breve</span> <span class='ocrx_word' id='word_1_246' title='bbox 1409 1730 1512 1779; x_wconf 90' lang='lat' dir='ltr'>fieri</span> <span class='ocrx_word' id='word_1_247' title='bbox 1551 1731 1754 1795; x_wconf 86' lang='lat' dir='ltr'>poterit,</span> <span class='ocrx_word' id='word_1_248' title='bbox 1805 1736 1859 1778; x_wconf 91' lang='lat' dir='ltr'>ut</span> <span class='ocrx_word' id='word_1_249' title='bbox 1895 1730 2075 1779; x_wconf 88' lang='lat' dir='ltr'>limbus</span> <span class='ocrx_word' id='word_1_250' title='bbox 2114 1731 2343 1778; x_wconf 87' lang='lat' dir='ltr'>australis</span> 
     </span>
     <span class='ocr_line' id='line_1_26' title="bbox 80 1801 2338 1896; baseline 0 -45"><span class='ocrx_word' id='word_1_251' title='bbox 80 1817 165 1867; x_wconf 89' lang='lat' dir='ltr'>per</span> <span class='ocrx_word' id='word_1_252' title='bbox 205 1803 293 1851; x_wconf 83' lang='lat'>30‘</span> <span class='ocrx_word' id='word_1_253' title='bbox 330 1801 540 1866; x_wconf 84' lang='lat' dir='ltr'>amplius</span> <span class='ocrx_word' id='word_1_254' title='bbox 579 1804 628 1849; x_wconf 89' lang='lat' dir='ltr'>in</span> <span class='ocrx_word' id='word_1_255' title='bbox 668 1803 867 1852; x_wconf 89' lang='lat' dir='ltr'>boream</span> <span class='ocrx_word' id='word_1_256' title='bbox 905 1801 1169 1864; x_wconf 89' lang='lat' dir='ltr'>attollatur,</span> <span class='ocrx_word' id='word_1_257' title='bbox 1210 1810 1264 1852; x_wconf 91' lang='lat' dir='ltr'>ut</span> <span class='ocrx_word' id='word_1_258' title='bbox 1302 1818 1368 1852; x_wconf 89' lang='lat' dir='ltr'>sc.</span> <span class='ocrx_word' id='word_1_259' title='bbox 1409 1809 1644 1896; x_wconf 82' lang='lat' dir='ltr'>appareat</span> <span class='ocrx_word' id='word_1_260' title='bbox 1681 1803 1774 1865; x_wconf 90' lang='lat' dir='ltr'>ibi,</span> <span class='ocrx_word' id='word_1_261' title='bbox 1814 1804 1900 1853; x_wconf 92' lang='lat' dir='ltr'>ubi</span> <span class='ocrx_word' id='word_1_262' title='bbox 1938 1803 2002 1852; x_wconf 90' lang='lat' dir='ltr'>ad</span> <span class='ocrx_word' id='word_1_263' title='bbox 2040 1810 2338 1853; x_wconf 89' lang='lat' dir='ltr'>momentum</span> 
     </span>
     <span class='ocr_line' id='line_1_27' title="bbox 82 1875 1215 1939; baseline 0 -15"><span class='ocrx_word' id='word_1_264' title='bbox 82 1877 385 1939; x_wconf 88' lang='lat' dir='ltr'>assignatum</span> <span class='ocrx_word' id='word_1_265' title='bbox 428 1877 654 1924; x_wconf 88' lang='lat' dir='ltr'>inventus</span> <span class='ocrx_word' id='word_1_266' title='bbox 694 1882 769 1925; x_wconf 91' lang='lat' dir='ltr'>est</span> <span class='ocrx_word' id='word_1_267' title='bbox 804 1875 984 1924; x_wconf 91' lang='lat' dir='ltr'>limbus</span> <span class='ocrx_word' id='word_1_268' title='bbox 1023 1876 1215 1925; x_wconf 73' lang='lat' dir='ltr'>boreuS.</span> 
     </span>
    </p>

    <p class='ocr_par' dir='ltr' id='par_1_9' title="bbox 85 1946 2342 2238">
     <span class='ocr_line' id='line_1_28' title="bbox 231 1946 2342 2013; baseline 0 -16"><span class='ocrx_word' id='word_1_269' title='bbox 231 1947 416 1997; x_wconf 87' lang='lat' dir='ltr'>Eodem</span> <span class='ocrx_word' id='word_1_270' title='bbox 462 1963 590 1997; x_wconf 89' lang='lat' dir='ltr'>anno</span> <span class='ocrx_word' id='word_1_271' title='bbox 630 1950 749 2001; x_wconf 86' lang='lat'><strong>283.</strong></span> <span class='ocrx_word' id='word_1_272' title='bbox 797 1964 840 1998; x_wconf 89' lang='lat' dir='ltr'>a.</span> <span class='ocrx_word' id='word_1_273' title='bbox 883 1948 998 2009; x_wconf 62' lang='lat' dir='ltr'>Ch„</span> <span class='ocrx_word' id='word_1_274' title='bbox 1049 1951 1206 1999; x_wconf 90' lang='lat' dir='ltr'>noctis</span> <span class='ocrx_word' id='word_1_275' title='bbox 1244 1963 1369 2013; x_wconf 89' lang='lat' dir='ltr'>quae</span> <span class='ocrx_word' id='word_1_276' title='bbox 1418 1950 1638 2012; x_wconf 89' lang='lat' dir='ltr'>sequitur</span> <span class='ocrx_word' id='word_1_277' title='bbox 1696 1950 1743 1998; x_wconf 93' lang='lat'><strong>9.</strong></span> <span class='ocrx_word' id='word_1_278' title='bbox 1790 1946 1929 1999; x_wconf 90' lang='lat' dir='ltr'>Nov.</span> <span class='ocrx_word' id='word_1_279' title='bbox 1971 1949 2094 1999; x_wconf 89' lang='lat' dir='ltr'>hora</span> <span class='ocrx_word' id='word_1_280' title='bbox 2145 1951 2225 1998; x_wconf 93' lang='grc'>10.</span> <span class='ocrx_word' id='word_1_281' title='bbox 2283 1963 2342 1998; x_wconf 86' lang='lat' dir='ltr'>ex</span> 
     </span>
     <span class='ocr_line' id='line_1_29' title="bbox 85 2018 2341 2089; baseline 0 -19"><span class='ocrx_word' id='word_1_282' title='bbox 85 2021 283 2071; x_wconf 89' lang='lat' dir='ltr'>dimidio</span> <span class='ocrx_word' id='word_1_283' title='bbox 322 2024 619 2083; x_wconf 87' lang='lat' dir='ltr'>transmissa,</span> <span class='ocrx_word' id='word_1_284' title='bbox 670 2037 780 2071; x_wconf 93' lang='lat' dir='ltr'>cum</span> <span class='ocrx_word' id='word_1_285' title='bbox 816 2018 886 2089; x_wconf 56' lang='grc' dir='ltr'>ᾧ</span> <span class='ocrx_word' id='word_1_286' title='bbox 927 2037 987 2072; x_wconf 87' lang='lat' dir='ltr'>ex</span> <span class='ocrx_word' id='word_1_287' title='bbox 1024 2022 1274 2072; x_wconf 84' lang='lat' dir='ltr'>horizonte</span> <span class='ocrx_word' id='word_1_288' title='bbox 1323 2024 1620 2083; x_wconf 87' lang='lat' dir='ltr'>emersisset,</span> <span class='ocrx_word' id='word_1_289' title='bbox 1679 2025 1906 2086; x_wconf 88' lang='lat' dir='ltr'>apparuit</span> <span class='ocrx_word' id='word_1_290' title='bbox 1944 2023 2092 2087; x_wconf 84' lang='lat' dir='ltr'>Spica</span> <span class='ocrx_word' id='word_1_291' title='bbox 2141 2029 2341 2085; x_wconf 87' lang='lat' dir='ltr'>tangere</span> 
     </span>
     <span class='ocr_line' id='line_1_30' title="bbox 85 2093 2342 2163; baseline -0 -18"><span class='ocrx_word' id='word_1_292' title='bbox 85 2095 331 2145; x_wconf 86' lang='lat' dir='ltr'>borealem</span> <span class='ocrx_word' id='word_1_293' title='bbox 358 2095 464 2158; x_wconf 86' lang='lat' dir='ltr'>ejus</span> <span class='ocrx_word' id='word_1_294' title='bbox 490 2101 676 2160; x_wconf 88' lang='lat' dir='ltr'>partem</span> <span class='ocrx_word' id='word_1_295' title='bbox 696 2102 935 2145; x_wconf 87' lang='lat' dir='ltr'>accurate.</span> <span class='ocrx_word' id='word_1_296' title='bbox 974 2095 1128 2159; x_wconf 86' lang='lat' dir='ltr'>Atqui</span> <span class='ocrx_word' id='word_1_297' title='bbox 1156 2102 1383 2161; x_wconf 91' lang='lat' dir='ltr'>computo</span> <span class='ocrx_word' id='word_1_298' title='bbox 1413 2110 1504 2159; x_wconf 88' lang='lat' dir='ltr'>ego</span> <span class='ocrx_word' id='word_1_299' title='bbox 1538 2095 1671 2144; x_wconf 90' lang='lat' dir='ltr'>horis</span> <span class='ocrx_word' id='word_1_300' title='bbox 1703 2097 1750 2145; x_wconf 90' lang='lat'><strong>9.</strong></span> <span class='ocrx_word' id='word_1_301' title='bbox 1777 2097 1864 2144; x_wconf 83' lang='lat'>30‘</span> <span class='ocrx_word' id='word_1_302' title='bbox 1889 2104 2001 2161; x_wconf 87' lang='lat' dir='ltr'>post</span> <span class='ocrx_word' id='word_1_303' title='bbox 2022 2093 2092 2163; x_wconf 73' lang='grc' dir='ltr'>Θ</span> <span class='ocrx_word' id='word_1_304' title='bbox 2113 2110 2342 2145; x_wconf 90' lang='lat' dir='ltr'>occasum</span> 
     </span>
     <span class='ocr_line' id='line_1_31' title="bbox 85 2165 2338 2238; baseline -0 -20"><span class='ocrx_word' id='word_1_305' title='bbox 85 2167 410 2219; x_wconf 86' lang='lat' dir='ltr'>Alexandriae</span> <span class='ocrx_word' id='word_1_306' title='bbox 457 2175 673 2218; x_wconf 87' lang='lat' dir='ltr'>centrum</span> <span class='ocrx_word' id='word_1_307' title='bbox 710 2165 779 2236; x_wconf 55' lang='lat' dir='ltr'>Q</span> <span class='ocrx_word' id='word_1_308' title='bbox 819 2171 867 2216; x_wconf 90' lang='lat' dir='ltr'>in</span> <span class='ocrx_word' id='word_1_309' title='bbox 908 2165 1004 2216; x_wconf 92' lang='grc'>210</span> <span class='ocrx_word' id='word_1_310' title='bbox 1041 2165 1196 2237; x_wconf 67' lang='lat' dir='ltr'>41¹J2‘</span> <span class='ocrx_word' id='word_1_311' title='bbox 1236 2166 1332 2238; x_wconf 76' lang='lat' dir='ltr'>m),</span> <span class='ocrx_word' id='word_1_312' title='bbox 1385 2184 1492 2218; x_wconf 91' lang='lat' dir='ltr'>cum</span> <span class='ocrx_word' id='word_1_313' title='bbox 1546 2174 1675 2218; x_wconf 87' lang='lat' dir='ltr'>esset</span> <span class='ocrx_word' id='word_1_314' title='bbox 1712 2168 1859 2234; x_wconf 84' lang='lat' dir='ltr'>Spica</span> <span class='ocrx_word' id='word_1_315' title='bbox 1902 2172 1951 2217; x_wconf 90' lang='lat' dir='ltr'>in</span> <span class='ocrx_word' id='word_1_316' title='bbox 1991 2169 2086 2219; x_wconf 86' lang='grc'>210</span> <span class='ocrx_word' id='word_1_317' title='bbox 2127 2170 2213 2218; x_wconf 81' lang='grc'>36’</span> <span class='ocrx_word' id='word_1_318' title='bbox 2254 2166 2338 2237; x_wconf 71' lang='lat' dir='ltr'>rip,</span> 
     </span>
    </p>
   </div>
   <div class='ocr_carea' id='block_1_7' title="bbox 19 2231 2347 2747">
    <p class='ocr_par' dir='ltr' id='par_1_10' title="bbox 19 2231 2347 2747">
     <span class='ocr_line' id='line_1_32' title="bbox 19 2231 2345 2312; baseline 0 -21"><span class='ocrx_word' id='word_1_319' title='bbox 19 2231 23 2312; x_wconf 29' lang='grc' dir='ltr'>ᾗ</span> <span class='ocrx_word' id='word_1_320' title='bbox 84 2242 389 2291; x_wconf 88' lang='lat' dir='ltr'>latitudinem</span> <span class='ocrx_word' id='word_1_321' title='bbox 433 2244 591 2291; x_wconf 88' lang='lat' dir='ltr'>visam</span> <span class='ocrx_word' id='word_1_322' title='bbox 627 2242 766 2292; x_wconf 92' lang='lat' dir='ltr'>limbi</span> <span class='ocrx_word' id='word_1_323' title='bbox 802 2243 906 2291; x_wconf 89' lang='lat' dir='ltr'>bor.</span> <span class='ocrx_word' id='word_1_324' title='bbox 953 2238 1007 2290; x_wconf 91' lang='grc'>10</span> <span class='ocrx_word' id='word_1_325' title='bbox 1047 2239 1205 2311; x_wconf 74' lang='lat' dir='ltr'><strong><em>53¹s4‘</em></strong></span> <span class='ocrx_word' id='word_1_326' title='bbox 1243 2248 1419 2304; x_wconf 88' lang='lat' dir='ltr'>austr.,</span> <span class='ocrx_word' id='word_1_327' title='bbox 1472 2257 1580 2291; x_wconf 91' lang='lat' dir='ltr'>cum</span> <span class='ocrx_word' id='word_1_328' title='bbox 1619 2242 1767 2307; x_wconf 87' lang='lat' dir='ltr'>Spica</span> <span class='ocrx_word' id='word_1_329' title='bbox 1804 2241 1950 2292; x_wconf 91' lang='lat' dir='ltr'>hodie</span> <span class='ocrx_word' id='word_1_330' title='bbox 2002 2243 2084 2294; x_wconf 84' lang='lat' dir='ltr'>lat.</span> <span class='ocrx_word' id='word_1_331' title='bbox 2125 2243 2345 2291; x_wconf 88' lang='lat' dir='ltr'>obtineat</span> 
     </span>
     <span class='ocr_line' id='line_1_33' title="bbox 21 2314 2343 2380; baseline 0.002 -20"><span class='ocrx_word' id='word_1_332' title='bbox 21 2346 23 2359; x_wconf 86' lang='lat'><strong>.</strong></span> <span class='ocrx_word' id='word_1_333' title='bbox 90 2314 146 2364; x_wconf 89' lang='grc'>10</span> <span class='ocrx_word' id='word_1_334' title='bbox 173 2316 259 2364; x_wconf 85' lang='grc'>59’</span> <span class='ocrx_word' id='word_1_335' title='bbox 297 2323 446 2363; x_wconf 86' lang='lat' dir='ltr'>austr.</span> <span class='ocrx_word' id='word_1_336' title='bbox 521 2315 695 2379; x_wconf 89' lang='lat' dir='ltr'>Itaque</span> <span class='ocrx_word' id='word_1_337' title='bbox 733 2322 864 2366; x_wconf 86' lang='lat' dir='ltr'>tecta</span> <span class='ocrx_word' id='word_1_338' title='bbox 899 2315 1072 2365; x_wconf 88' lang='lat' dir='ltr'>suisset</span> <span class='ocrx_word' id='word_1_339' title='bbox 1108 2316 1206 2365; x_wconf 86' lang='lat' dir='ltr'>fixa</span> <span class='ocrx_word' id='word_1_340' title='bbox 1244 2331 1275 2366; x_wconf 93' lang='lat' dir='ltr'>a</span> <span class='ocrx_word' id='word_1_341' title='bbox 1301 2316 1442 2365; x_wconf 90' lang='lat' dir='ltr'>Luna</span> <span class='ocrx_word' id='word_1_342' title='bbox 1480 2317 1817 2380; x_wconf 87' lang='lat' dir='ltr'>coepissetque</span> <span class='ocrx_word' id='word_1_343' title='bbox 1857 2331 2099 2380; x_wconf 89' lang='lat' dir='ltr'>emergere</span> <span class='ocrx_word' id='word_1_344' title='bbox 2138 2331 2168 2364; x_wconf 90' lang='lat' dir='ltr'>a</span> <span class='ocrx_word' id='word_1_345' title='bbox 2205 2321 2343 2380; x_wconf 86' lang='lat' dir='ltr'>parte</span> 
     </span>
     <span class='ocr_line' id='line_1_34' title="bbox 88 2388 2342 2454; baseline 0.002 -19.886"><span class='ocrx_word' id='word_1_346' title='bbox 88 2389 258 2437; x_wconf 87' lang='lat' dir='ltr'>Lunae</span> <span class='ocrx_word' id='word_1_347' title='bbox 295 2391 422 2437; x_wconf 90' lang='lat' dir='ltr'>inter</span> <span class='ocrx_word' id='word_1_348' title='bbox 460 2389 659 2438; x_wconf 87' lang='lat' dir='ltr'>boream</span> <span class='ocrx_word' id='word_1_349' title='bbox 697 2395 745 2438; x_wconf 91' lang='lat' dir='ltr'>et</span> <span class='ocrx_word' id='word_1_350' title='bbox 784 2388 1147 2438; x_wconf 81' lang='lat' dir='ltr'>occidentalem.</span> <span class='ocrx_word' id='word_1_351' title='bbox 1225 2390 1327 2438; x_wconf 91' lang='lat' dir='ltr'>Aut</span> <span class='ocrx_word' id='word_1_352' title='bbox 1362 2392 1403 2437; x_wconf 87' lang='lat' dir='ltr'>si</span> <span class='ocrx_word' id='word_1_353' title='bbox 1444 2389 1594 2438; x_wconf 87' lang='lat' dir='ltr'>verba</span> <span class='ocrx_word' id='word_1_354' title='bbox 1633 2389 1962 2439; x_wconf 87' lang='lat' dir='ltr'>observatoris</span> <span class='ocrx_word' id='word_1_355' title='bbox 2003 2390 2062 2440; x_wconf 88' lang='lat' dir='ltr'>de</span> <span class='ocrx_word' id='word_1_356' title='bbox 2099 2390 2342 2454; x_wconf 87' lang='lat' dir='ltr'>ipsissimo</span> 
     </span>
     <span class='ocr_line' id='line_1_35' title="bbox 23 2461 2342 2527; baseline -0 -17"><span class='ocrx_word' id='word_1_357' title='bbox 23 2492 25 2515; x_wconf 77' lang='lat'><strong><em>‚</em></strong></span> <span class='ocrx_word' id='word_1_358' title='bbox 89 2469 269 2527; x_wconf 87' lang='lat' dir='ltr'>puncto</span> <span class='ocrx_word' id='word_1_359' title='bbox 319 2461 509 2510; x_wconf 90' lang='lat' dir='ltr'>boreali</span> <span class='ocrx_word' id='word_1_360' title='bbox 554 2464 764 2511; x_wconf 87' lang='lat' dir='ltr'>maxime</span> <span class='ocrx_word' id='word_1_361' title='bbox 812 2469 975 2512; x_wconf 86' lang='lat' dir='ltr'>essent</span> <span class='ocrx_word' id='word_1_362' title='bbox 1021 2462 1362 2526; x_wconf 84' lang='lat' dir='ltr'>intelligenda,</span> <span class='ocrx_word' id='word_1_363' title='bbox 1417 2469 1532 2511; x_wconf 90' lang='lat' dir='ltr'>tunc</span> <span class='ocrx_word' id='word_1_364' title='bbox 1577 2462 1700 2512; x_wconf 91' lang='lat' dir='ltr'>haec</span> <span class='ocrx_word' id='word_1_365' title='bbox 1739 2463 2019 2513; x_wconf 86' lang='lat' dir='ltr'>observatio</span> <span class='ocrx_word' id='word_1_366' title='bbox 2071 2469 2342 2524; x_wconf 88' lang='lat' dir='ltr'>testaretur,</span> 
     </span>
     <span class='ocr_line' id='line_1_36' title="bbox 22 2534 2346 2600; baseline -0.001 -15"><span class='ocrx_word' id='word_1_367' title='bbox 22 2552 26 2568; x_wconf 69' lang='grc'><em>’</em></span> <span class='ocrx_word' id='word_1_368' title='bbox 89 2536 264 2600; x_wconf 85' lang='lat' dir='ltr'>Spicae</span> <span class='ocrx_word' id='word_1_369' title='bbox 301 2534 608 2585; x_wconf 89' lang='lat' dir='ltr'>latitudinem</span> <span class='ocrx_word' id='word_1_370' title='bbox 647 2536 765 2584; x_wconf 91' lang='lat' dir='ltr'>olim</span> <span class='ocrx_word' id='word_1_371' title='bbox 802 2536 951 2585; x_wconf 87' lang='lat' dir='ltr'>fuisse</span> <span class='ocrx_word' id='word_1_372' title='bbox 987 2537 1223 2586; x_wconf 89' lang='lat' dir='ltr'>minorem</span> <span class='ocrx_word' id='word_1_373' title='bbox 1262 2551 1410 2600; x_wconf 86' lang='lat' dir='ltr'>quam</span> <span class='ocrx_word' id='word_1_374' title='bbox 1447 2535 1608 2596; x_wconf 89' lang='lat' dir='ltr'>hodie,</span> <span class='ocrx_word' id='word_1_375' title='bbox 1650 2551 1758 2585; x_wconf 91' lang='lat' dir='ltr'>cum</span> <span class='ocrx_word' id='word_1_376' title='bbox 1796 2543 1958 2585; x_wconf 85' lang='lat' dir='ltr'>tamen</span> <span class='ocrx_word' id='word_1_377' title='bbox 1987 2536 2217 2595; x_wconf 86' lang='lat' dir='ltr'>Braheus,</span> <span class='ocrx_word' id='word_1_378' title='bbox 2261 2538 2346 2599; x_wconf 91' lang='lat' dir='ltr'>qui</span> 
     </span>
     <span class='ocr_line' id='line_1_37' title="bbox 25 2608 2346 2673; baseline -0.001 -15"><span class='ocrx_word' id='word_1_379' title='bbox 25 2657 27 2666; x_wconf 87' lang='grc'>,</span> <span class='ocrx_word' id='word_1_380' title='bbox 91 2609 392 2672; x_wconf 87' lang='lat' dir='ltr'>obliquitatis</span> <span class='ocrx_word' id='word_1_381' title='bbox 429 2610 748 2658; x_wconf 87' lang='lat' dir='ltr'>mutationem</span> <span class='ocrx_word' id='word_1_382' title='bbox 786 2610 981 2673; x_wconf 90' lang='lat' dir='ltr'>recipit,</span> <span class='ocrx_word' id='word_1_383' title='bbox 1038 2624 1098 2658; x_wconf 86' lang='lat' dir='ltr'>ex</span> <span class='ocrx_word' id='word_1_384' title='bbox 1137 2611 1239 2659; x_wconf 86' lang='lat' dir='ltr'>suis</span> <span class='ocrx_word' id='word_1_385' title='bbox 1278 2610 1543 2659; x_wconf 88' lang='lat' dir='ltr'>ratiociniis</span> <span class='ocrx_word' id='word_1_386' title='bbox 1582 2615 1785 2672; x_wconf 87' lang='lat' dir='ltr'>cogatur</span> <span class='ocrx_word' id='word_1_387' title='bbox 1823 2609 1997 2673; x_wconf 85' lang='lat' dir='ltr'>Spicae</span> <span class='ocrx_word' id='word_1_388' title='bbox 2039 2608 2346 2658; x_wconf 88' lang='lat' dir='ltr'>latitudinem</span> 
     </span>
     <span class='ocr_line' id='line_1_38' title="bbox 26 2681 2347 2747; baseline 0 -17"><span class='ocrx_word' id='word_1_389' title='bbox 26 2697 27 2703; x_wconf 53' lang='lat'>¹</span> <span class='ocrx_word' id='word_1_390' title='bbox 90 2681 360 2746; x_wconf 88' lang='lat' dir='ltr'>relinquere</span> <span class='ocrx_word' id='word_1_391' title='bbox 413 2682 764 2733; x_wconf 88' lang='lat' dir='ltr'>invariabilem.</span> <span class='ocrx_word' id='word_1_392' title='bbox 861 2683 1102 2747; x_wconf 90' lang='lat' dir='ltr'>Compara</span> <span class='ocrx_word' id='word_1_393' title='bbox 1159 2698 1274 2747; x_wconf 89' lang='lat' dir='ltr'>ergo</span> <span class='ocrx_word' id='word_1_394' title='bbox 1330 2683 1457 2733; x_wconf 91' lang='lat' dir='ltr'>hanc</span> <span class='ocrx_word' id='word_1_395' title='bbox 1514 2682 1907 2733; x_wconf 86' lang='lat' dir='ltr'>observationem</span> <span class='ocrx_word' id='word_1_396' title='bbox 1965 2697 2074 2733; x_wconf 91' lang='lat' dir='ltr'>cum</span> <span class='ocrx_word' id='word_1_397' title='bbox 2130 2681 2347 2732; x_wconf 88' lang='lat' dir='ltr'>secunda</span> 
     </span>
    </p>
   </div>
   <div class='ocr_carea' id='block_1_8' title="bbox 90 2756 2349 3330">
    <p class='ocr_par' dir='ltr' id='par_1_11' title="bbox 93 2756 366 2811">
     <span class='ocr_line' id='line_1_39' title="bbox 93 2756 366 2811; baseline -0.011 -5"><span class='ocrx_word' id='word_1_398' title='bbox 93 2757 206 2806; x_wconf 86' lang='lat' dir='ltr'>anni</span> <span class='ocrx_word' id='word_1_399' title='bbox 246 2756 366 2811; x_wconf 73' lang='lat'><strong>294.</strong></span> 
     </span>
    </p>

    <p class='ocr_par' dir='ltr' id='par_1_12' title="bbox 90 2827 2349 3261">
     <span class='ocr_line' id='line_1_40' title="bbox 238 2827 2347 2893; baseline 0 -17"><span class='ocrx_word' id='word_1_400' title='bbox 238 2828 384 2877; x_wconf 85' lang='lat' dir='ltr'>Anno</span> <span class='ocrx_word' id='word_1_401' title='bbox 425 2827 512 2876; x_wconf 86' lang='lat' dir='ltr'><strong>Ch.</strong></span> <span class='ocrx_word' id='word_1_402' title='bbox 557 2829 640 2877; x_wconf 90' lang='grc'>92.</span> <span class='ocrx_word' id='word_1_403' title='bbox 693 2829 777 2877; x_wconf 86' lang='grc'><strong>29.</strong></span> <span class='ocrx_word' id='word_1_404' title='bbox 815 2827 943 2877; x_wconf 87' lang='lat' dir='ltr'>Nov.</span> <span class='ocrx_word' id='word_1_405' title='bbox 996 2827 1044 2875; x_wconf 93' lang='grc'>11.</span> <span class='ocrx_word' id='word_1_406' title='bbox 1100 2830 1260 2877; x_wconf 90' lang='lat' dir='ltr'>noetis</span> <span class='ocrx_word' id='word_1_407' title='bbox 1300 2830 1347 2877; x_wconf 90' lang='lat'><strong>3.</strong></span> <span class='ocrx_word' id='word_1_408' title='bbox 1399 2829 1660 2893; x_wconf 89' lang='lat' dir='ltr'>incipiente</span> <span class='ocrx_word' id='word_1_409' title='bbox 1713 2828 1882 2878; x_wconf 89' lang='lat' dir='ltr'>Lunae</span> <span class='ocrx_word' id='word_1_410' title='bbox 1937 2842 2086 2878; x_wconf 89' lang='lat' dir='ltr'>cornu</span> <span class='ocrx_word' id='word_1_411' title='bbox 2135 2827 2347 2878; x_wconf 88' lang='lat' dir='ltr'>australe</span> 
     </span>
     <span class='ocr_line' id='line_1_41' title="bbox 98 2900 2344 2966; baseline -0.001 -14"><span class='ocrx_word' id='word_1_412' title='bbox 98 2900 364 2952; x_wconf 87' lang='lat' dir='ltr'>occultavit</span> <span class='ocrx_word' id='word_1_413' title='bbox 414 2908 699 2964; x_wconf 84' lang='lat' dir='ltr'>sequentem</span> <span class='ocrx_word' id='word_1_414' title='bbox 754 2900 1016 2950; x_wconf 86' lang='lat' dir='ltr'>australem</span> <span class='ocrx_word' id='word_1_415' title='bbox 1071 2908 1257 2965; x_wconf 89' lang='lat' dir='ltr'>partem</span> <span class='ocrx_word' id='word_1_416' title='bbox 1309 2901 1541 2950; x_wconf 86' lang='lat' dir='ltr'>Pleiadis.</span> <span class='ocrx_word' id='word_1_417' title='bbox 1630 2901 1783 2964; x_wconf 92' lang='lat' dir='ltr'>Atqui</span> <span class='ocrx_word' id='word_1_418' title='bbox 1853 2906 2079 2966; x_wconf 87' lang='lat' dir='ltr'>computo</span> <span class='ocrx_word' id='word_1_419' title='bbox 2133 2901 2264 2950; x_wconf 88' lang='lat' dir='ltr'>horis</span> <span class='ocrx_word' id='word_1_420' title='bbox 2315 2904 2344 2949; x_wconf 90' lang='grc'><strong>2</strong></span> 
     </span>
     <span class='ocr_line' id='line_1_42' title="bbox 90 2970 2346 3042; baseline -0.001 -17"><span class='ocrx_word' id='word_1_421' title='bbox 90 2974 530 3038; x_wconf 82' lang='lat' dir='ltr'>aequinoctialibus</span> <span class='ocrx_word' id='word_1_422' title='bbox 607 2980 721 3038; x_wconf 87' lang='lat' dir='ltr'>post</span> <span class='ocrx_word' id='word_1_423' title='bbox 783 2988 1012 3023; x_wconf 87' lang='lat' dir='ltr'>occasum</span> <span class='ocrx_word' id='word_1_424' title='bbox 1061 2972 1131 3040; x_wconf 75' lang='grc' dir='ltr'>Θ</span> <span class='ocrx_word' id='word_1_425' title='bbox 1189 2976 1241 3022; x_wconf 88' lang='lat' dir='ltr'>&#39;in</span> <span class='ocrx_word' id='word_1_426' title='bbox 1295 2974 1530 3038; x_wconf 83' lang='lat' dir='ltr'>Bithynia</span> <span class='ocrx_word' id='word_1_427' title='bbox 1593 2975 1846 3038; x_wconf 88' lang='lat' dir='ltr'>completis</span> <span class='ocrx_word' id='word_1_428' title='bbox 1898 2981 2111 3024; x_wconf 88' lang='lat' dir='ltr'>centrum</span> <span class='ocrx_word' id='word_1_429' title='bbox 2157 2970 2226 3042; x_wconf 56' lang='lat' dir='ltr'>Q</span> <span class='ocrx_word' id='word_1_430' title='bbox 2284 2975 2346 3023; x_wconf 88' lang='lat' dir='ltr'>ad</span> 
     </span>
     <span class='ocr_line' id='line_1_43' title="bbox 96 3045 2349 3110; baseline -0 -13"><span class='ocrx_word' id='word_1_431' title='bbox 96 3049 254 3097; x_wconf 78' lang='lat' dir='ltr'>visum</span> <span class='ocrx_word' id='word_1_432' title='bbox 291 3049 340 3095; x_wconf 91' lang='lat' dir='ltr'>in</span> <span class='ocrx_word' id='word_1_433' title='bbox 380 3045 441 3095; x_wconf 89' lang='grc'><strong>20</strong></span> <span class='ocrx_word' id='word_1_434' title='bbox 484 3049 570 3096; x_wconf 85' lang='lat'>51¹</span> <span class='ocrx_word' id='word_1_435' title='bbox 621 3047 706 3108; x_wconf 65' lang='grc' dir='ltr'>ὅ,</span> <span class='ocrx_word' id='word_1_436' title='bbox 757 3061 866 3096; x_wconf 85' lang='grc'><strong>011111</strong></span> <span class='ocrx_word' id='word_1_437' title='bbox 902 3047 987 3095; x_wconf 87' lang='lat' dir='ltr'>lat.</span> <span class='ocrx_word' id='word_1_438' title='bbox 1026 3046 1164 3097; x_wconf 92' lang='lat' dir='ltr'>limbi</span> <span class='ocrx_word' id='word_1_439' title='bbox 1201 3053 1349 3097; x_wconf 84' lang='lat' dir='ltr'>austr.</span> <span class='ocrx_word' id='word_1_440' title='bbox 1391 3045 1450 3095; x_wconf 84' lang='lat'>4⁰</span> <span class='ocrx_word' id='word_1_441' title='bbox 1488 3048 1539 3095; x_wconf 85' lang='lat'>4¹</span> <span class='ocrx_word' id='word_1_442' title='bbox 1578 3047 1704 3110; x_wconf 82' lang='lat' dir='ltr'>bor.,</span> <span class='ocrx_word' id='word_1_443' title='bbox 1746 3061 1854 3096; x_wconf 88' lang='lat' dir='ltr'>eum</span> <span class='ocrx_word' id='word_1_444' title='bbox 1891 3048 2028 3098; x_wconf 91' lang='lat' dir='ltr'>locus</span> <span class='ocrx_word' id='word_1_445' title='bbox 2066 3049 2190 3098; x_wconf 90' lang='lat' dir='ltr'>inter</span> <span class='ocrx_word' id='word_1_446' title='bbox 2227 3047 2349 3096; x_wconf 85' lang='lat' dir='ltr'>fixas</span> 
     </span>
     <span class='ocr_line' id='line_1_44' title="bbox 98 3118 2349 3184; baseline -0 -14"><span class='ocrx_word' id='word_1_447' title='bbox 98 3120 261 3184; x_wconf 80' lang='lat' dir='ltr'>quoad</span> <span class='ocrx_word' id='word_1_448' title='bbox 282 3119 636 3184; x_wconf 83' lang='lat' dir='ltr'>longitudinem</span> <span class='ocrx_word' id='word_1_449' title='bbox 672 3119 867 3183; x_wconf 90' lang='lat' dir='ltr'>quidem</span> <span class='ocrx_word' id='word_1_450' title='bbox 905 3121 1180 3183; x_wconf 87' lang='lat' dir='ltr'>ambigatur</span> <span class='ocrx_word' id='word_1_451' title='bbox 1217 3122 1342 3170; x_wconf 88' lang='lat' dir='ltr'>inter</span> <span class='ocrx_word' id='word_1_452' title='bbox 1381 3121 1498 3168; x_wconf 82' lang='lat'><strong>2.41</strong></span> <span class='ocrx_word' id='word_1_453' title='bbox 1535 3118 1580 3180; x_wconf 66' lang='grc' dir='ltr'>ὅ</span> <span class='ocrx_word' id='word_1_454' title='bbox 1632 3126 1680 3169; x_wconf 90' lang='lat' dir='ltr'>et</span> <span class='ocrx_word' id='word_1_455' title='bbox 1705 3122 1789 3171; x_wconf 83' lang='lat'><strong>3.2</strong></span> <span class='ocrx_word' id='word_1_456' title='bbox 1823 3118 1867 3181; x_wconf 67' lang='grc' dir='ltr'>ὅ</span> <span class='ocrx_word' id='word_1_457' title='bbox 1919 3128 1968 3172; x_wconf 93' lang='lat' dir='ltr'>et</span> <span class='ocrx_word' id='word_1_458' title='bbox 1996 3122 2115 3171; x_wconf 85' lang='lat'><strong>3.37</strong></span> <span class='ocrx_word' id='word_1_459' title='bbox 2149 3119 2223 3184; x_wconf 69' lang='grc' dir='ltr'>ὅ,</span> <span class='ocrx_word' id='word_1_460' title='bbox 2262 3120 2349 3170; x_wconf 91' lang='lat' dir='ltr'>sed</span> 
     </span>
     <span class='ocr_line' id='line_1_45' title="bbox 99 3189 1461 3261; baseline -0.001 -18"><span class='ocrx_word' id='word_1_461' title='bbox 99 3193 402 3244; x_wconf 83' lang='lat' dir='ltr'>latitudinem</span> <span class='ocrx_word' id='word_1_462' title='bbox 440 3193 586 3242; x_wconf 90' lang='lat' dir='ltr'>hodie</span> <span class='ocrx_word' id='word_1_463' title='bbox 626 3193 805 3243; x_wconf 88' lang='lat' dir='ltr'>habeat</span> <span class='ocrx_word' id='word_1_464' title='bbox 842 3194 889 3242; x_wconf 84' lang='lat'><strong>4.</strong></span> <span class='ocrx_word' id='word_1_465' title='bbox 932 3195 961 3240; x_wconf 91' lang='grc'><strong>2</strong></span> <span class='ocrx_word' id='word_1_466' title='bbox 1003 3193 1082 3242; x_wconf 87' lang='lat' dir='ltr'>vel</span> <span class='ocrx_word' id='word_1_467' title='bbox 1122 3195 1170 3241; x_wconf 89' lang='lat'><strong>4.</strong></span> <span class='ocrx_word' id='word_1_468' title='bbox 1211 3189 1318 3261; x_wconf 55' lang='lat'>272</span> <span class='ocrx_word' id='word_1_469' title='bbox 1359 3192 1461 3241; x_wconf 89' lang='lat' dir='ltr'>bor.</span> 
     </span>
    </p>

    <p class='ocr_par' dir='ltr' id='par_1_13' title="bbox 243 3265 2348 3330">
     <span class='ocr_line' id='line_1_46' title="bbox 243 3265 2348 3330; baseline -0 -14"><span class='ocrx_word' id='word_1_470' title='bbox 243 3266 388 3317; x_wconf 91' lang='lat' dir='ltr'>Anno</span> <span class='ocrx_word' id='word_1_471' title='bbox 443 3266 529 3317; x_wconf 89' lang='lat' dir='ltr'><strong>Ch.</strong></span> <span class='ocrx_word' id='word_1_472' title='bbox 573 3268 657 3317; x_wconf 88' lang='lat'><strong>98.</strong></span> <span class='ocrx_word' id='word_1_473' title='bbox 719 3267 801 3315; x_wconf 86' lang='grc'>10.</span> <span class='ocrx_word' id='word_1_474' title='bbox 848 3265 962 3315; x_wconf 82' lang='lat' dir='ltr'>Jan.</span> <span class='ocrx_word' id='word_1_475' title='bbox 1012 3280 1114 3329; x_wconf 89' lang='lat' dir='ltr'>seq.</span> <span class='ocrx_word' id='word_1_476' title='bbox 1172 3268 1331 3315; x_wconf 87' lang='lat' dir='ltr'>n&#39;octis</span> <span class='ocrx_word' id='word_1_477' title='bbox 1385 3265 1432 3313; x_wconf 91' lang='lat' dir='ltr'><strong>h.</strong></span> <span class='ocrx_word' id='word_1_478' title='bbox 1488 3267 1570 3317; x_wconf 92' lang='lat'><strong>11.</strong></span> <span class='ocrx_word' id='word_1_479' title='bbox 1627 3266 1828 3330; x_wconf 90' lang='lat' dir='ltr'>impleta</span> <span class='ocrx_word' id='word_1_480' title='bbox 1878 3267 2022 3317; x_wconf 82' lang='lat' dir='ltr'>refert</span> <span class='ocrx_word' id='word_1_481' title='bbox 2076 3266 2348 3328; x_wconf 71' lang='lat' dir='ltr'>MenelauS,</span> 
     </span>
    </p>
   </div>
   <div class='ocr_carea' id='block_1_9' title="bbox 22 3337 2347 3411">
    <p class='ocr_par' dir='ltr' id='par_1_14' title="bbox 22 3337 2347 3411">
     <span class='ocr_line' id='line_1_47' title="bbox 22 3337 2347 3411; baseline -0 -22"><span class='ocrx_word' id='word_1_482' title='bbox 22 3395 27 3411; x_wconf 19' lang='grc' dir='ltr'><strong>ἶ</strong></span> <span class='ocrx_word' id='word_1_483' title='bbox 97 3337 282 3391; x_wconf 85' lang='lat' dir='ltr'>Romae</span> <span class='ocrx_word' id='word_1_484' title='bbox 319 3342 608 3390; x_wconf 81' lang='lat' dir='ltr'>observasse</span> <span class='ocrx_word' id='word_1_485' title='bbox 642 3339 839 3404; x_wconf 89' lang='lat' dir='ltr'>Spicam</span> <span class='ocrx_word' id='word_1_486' title='bbox 878 3354 909 3387; x_wconf 91' lang='lat' dir='ltr'>a</span> <span class='ocrx_word' id='word_1_487' title='bbox 947 3338 1087 3388; x_wconf 90' lang='lat' dir='ltr'>Luna</span> <span class='ocrx_word' id='word_1_488' title='bbox 1126 3338 1449 3404; x_wconf 84' lang='lat' dir='ltr'>occultatam,</span> <span class='ocrx_word' id='word_1_489' title='bbox 1500 3353 1600 3388; x_wconf 90' lang='lat' dir='ltr'>non</span> <span class='ocrx_word' id='word_1_490' title='bbox 1641 3343 1768 3389; x_wconf 88' lang='lat' dir='ltr'>enim</span> <span class='ocrx_word' id='word_1_491' title='bbox 1807 3341 1965 3390; x_wconf 87' lang='lat' dir='ltr'>visam</span> <span class='ocrx_word' id='word_1_492' title='bbox 2003 3354 2108 3390; x_wconf 87' lang='lat' dir='ltr'>esse</span> <span class='ocrx_word' id='word_1_493' title='bbox 2136 3340 2347 3405; x_wconf 87' lang='lat' dir='ltr'>Spicam,</span> 
     </span>
    </p>
   </div>
   <div class='ocr_carea' id='block_1_10' title="bbox 99 3411 2350 3770">
    <p class='ocr_par' dir='ltr' id='par_1_15' title="bbox 99 3411 2350 3770">
     <span class='ocr_line' id='line_1_48' title="bbox 99 3411 2347 3477; baseline 0 -16"><span class='ocrx_word' id='word_1_494' title='bbox 99 3418 151 3461; x_wconf 88' lang='lat' dir='ltr'>at</span> <span class='ocrx_word' id='word_1_495' title='bbox 182 3413 230 3462; x_wconf 87' lang='lat' dir='ltr'><strong>h.</strong></span> <span class='ocrx_word' id='word_1_496' title='bbox 275 3416 356 3462; x_wconf 94' lang='grc'>11.</span> <span class='ocrx_word' id='word_1_497' title='bbox 397 3414 646 3463; x_wconf 86' lang='lat' dir='ltr'>desinente</span> <span class='ocrx_word' id='word_1_498' title='bbox 698 3419 966 3477; x_wconf 87' lang='lat' dir='ltr'>spectatam</span> <span class='ocrx_word' id='word_1_499' title='bbox 1006 3425 1114 3461; x_wconf 86' lang='lat' dir='ltr'>esse</span> <span class='ocrx_word' id='word_1_500' title='bbox 1159 3411 1532 3475; x_wconf 86' lang='lat' dir='ltr'>praecedentem</span> <span class='ocrx_word' id='word_1_501' title='bbox 1576 3420 1791 3463; x_wconf 90' lang='lat' dir='ltr'>centrum</span> <span class='ocrx_word' id='word_1_502' title='bbox 1830 3413 2000 3464; x_wconf 87' lang='lat' dir='ltr'>Lunae</span> <span class='ocrx_word' id='word_1_503' title='bbox 2039 3415 2198 3462; x_wconf 85' lang='lat' dir='ltr'>minus</span> <span class='ocrx_word' id='word_1_504' title='bbox 2239 3413 2347 3462; x_wconf 89' lang='lat' dir='ltr'>dia-</span> 
     </span>
     <span class='ocr_line' id='line_1_49' title="bbox 100 3485 2348 3551; baseline 0 -18"><span class='ocrx_word' id='word_1_505' title='bbox 100 3492 252 3536; x_wconf 86' lang='lat' dir='ltr'>metro</span> <span class='ocrx_word' id='word_1_506' title='bbox 289 3488 458 3550; x_wconf 88' lang='lat' dir='ltr'>ipsius,</span> <span class='ocrx_word' id='word_1_507' title='bbox 499 3485 773 3549; x_wconf 88' lang='lat' dir='ltr'>aequaliter</span> <span class='ocrx_word' id='word_1_508' title='bbox 812 3486 1071 3534; x_wconf 87' lang='lat' dir='ltr'>distantem</span> <span class='ocrx_word' id='word_1_509' title='bbox 1110 3500 1141 3534; x_wconf 92' lang='lat' dir='ltr'>a</span> <span class='ocrx_word' id='word_1_510' title='bbox 1179 3486 1421 3534; x_wconf 81' lang='lat' dir='ltr'>cornibus.</span> <span class='ocrx_word' id='word_1_511' title='bbox 1497 3485 1649 3549; x_wconf 86' lang='lat' dir='ltr'>Atqui</span> <span class='ocrx_word' id='word_1_512' title='bbox 1704 3493 1934 3551; x_wconf 90' lang='lat' dir='ltr'>computo</span> <span class='ocrx_word' id='word_1_513' title='bbox 1971 3493 2084 3550; x_wconf 90' lang='lat' dir='ltr'>post</span> <span class='ocrx_word' id='word_1_514' title='bbox 2123 3501 2348 3536; x_wconf 88' lang='lat' dir='ltr'>occasum</span> 
     </span>
     <span class='ocr_line' id='line_1_50' title="bbox 100 3555 2346 3628; baseline 0 -23"><span class='ocrx_word' id='word_1_515' title='bbox 100 3555 228 3608; x_wconf 85' lang='lat' dir='ltr'>Solis</span> <span class='ocrx_word' id='word_1_516' title='bbox 263 3558 396 3609; x_wconf 88' lang='lat' dir='ltr'>horis</span> <span class='ocrx_word' id='word_1_517' title='bbox 432 3562 627 3623; x_wconf 92' lang='lat' dir='ltr'>aequin.</span> <span class='ocrx_word' id='word_1_518' title='bbox 673 3556 812 3626; x_wconf 67' lang='lat'>11¹!2</span> <span class='ocrx_word' id='word_1_519' title='bbox 851 3558 1054 3607; x_wconf 91' lang='lat' dir='ltr'>limbum</span> <span class='ocrx_word' id='word_1_520' title='bbox 1093 3571 1192 3607; x_wconf 90' lang='lat' dir='ltr'>occ.</span> <span class='ocrx_word' id='word_1_521' title='bbox 1217 3557 1384 3608; x_wconf 88' lang='lat' dir='ltr'>Lunae</span> <span class='ocrx_word' id='word_1_522' title='bbox 1423 3558 1473 3606; x_wconf 91' lang='lat' dir='ltr'>in</span> <span class='ocrx_word' id='word_1_523' title='bbox 1514 3556 1609 3608; x_wconf 90' lang='grc'><strong>260</strong></span> <span class='ocrx_word' id='word_1_524' title='bbox 1641 3560 1726 3610; x_wconf 83' lang='lat'>56‘</span> <span class='ocrx_word' id='word_1_525' title='bbox 1766 3558 1859 3628; x_wconf 77' lang='grc' dir='ltr'><strong>1η),</strong></span> <span class='ocrx_word' id='word_1_526' title='bbox 1898 3560 1983 3609; x_wconf 92' lang='lat' dir='ltr'>lat.</span> <span class='ocrx_word' id='word_1_527' title='bbox 2026 3562 2174 3610; x_wconf 90' lang='lat' dir='ltr'>centri</span> <span class='ocrx_word' id='word_1_528' title='bbox 2205 3562 2250 3608; x_wconf 94' lang='lat'>1</span> <span class='ocrx_word' id='word_1_529' title='bbox 2281 3560 2346 3607; x_wconf 84' lang='lat'>53</span> 
     </span>
     <span class='ocr_line' id='line_1_51' title="bbox 101 3627 2350 3701; baseline -0 -22"><span class='ocrx_word' id='word_1_530' title='bbox 101 3636 275 3693; x_wconf 82' lang='lat' dir='ltr'>austr.,</span> <span class='ocrx_word' id='word_1_531' title='bbox 313 3646 423 3682; x_wconf 90' lang='lat' dir='ltr'>cum</span> <span class='ocrx_word' id='word_1_532' title='bbox 460 3639 590 3683; x_wconf 87' lang='lat' dir='ltr'>esset</span> <span class='ocrx_word' id='word_1_533' title='bbox 627 3632 770 3682; x_wconf 92' lang='lat' dir='ltr'>stella</span> <span class='ocrx_word' id='word_1_534' title='bbox 807 3634 857 3679; x_wconf 91' lang='lat' dir='ltr'>in</span> <span class='ocrx_word' id='word_1_535' title='bbox 897 3629 991 3681; x_wconf 85' lang='grc'><strong>260</strong></span> <span class='ocrx_word' id='word_1_536' title='bbox 1031 3627 1190 3697; x_wconf 72' lang='lat' dir='ltr'><strong><em>58¹s3‘</em></strong></span> <span class='ocrx_word' id='word_1_537' title='bbox 1230 3629 1325 3701; x_wconf 77' lang='lat' dir='ltr'>m),</span> <span class='ocrx_word' id='word_1_538' title='bbox 1363 3631 1448 3680; x_wconf 91' lang='lat' dir='ltr'>lat.</span> <span class='ocrx_word' id='word_1_539' title='bbox 1487 3632 1633 3682; x_wconf 92' lang='lat' dir='ltr'>hodie</span> <span class='ocrx_word' id='word_1_540' title='bbox 1679 3636 1722 3682; x_wconf 90' lang='lat'><strong>1.</strong></span> <span class='ocrx_word' id='word_1_541' title='bbox 1766 3635 1853 3682; x_wconf 64' lang='lat'>591</span> <span class='ocrx_word' id='word_1_542' title='bbox 1890 3638 2038 3683; x_wconf 88' lang='lat' dir='ltr'>austr.</span> <span class='ocrx_word' id='word_1_543' title='bbox 2053 3671 2068 3699; x_wconf 88' lang='lat'>,</span> <span class='ocrx_word' id='word_1_544' title='bbox 2121 3634 2260 3696; x_wconf 86' lang='lat' dir='ltr'>quasi</span> <span class='ocrx_word' id='word_1_545' title='bbox 2302 3637 2350 3679; x_wconf 90' lang='lat' dir='ltr'>et</span> 
     </span>
     <span class='ocr_line' id='line_1_52' title="bbox 101 3700 2347 3770; baseline 0.001 -20"><span class='ocrx_word' id='word_1_546' title='bbox 101 3700 182 3753; x_wconf 88' lang='lat' dir='ltr'>hic</span> <span class='ocrx_word' id='word_1_547' title='bbox 216 3703 362 3768; x_wconf 84' lang='lat' dir='ltr'>hujus</span> <span class='ocrx_word' id='word_1_548' title='bbox 398 3705 569 3755; x_wconf 87' lang='lat' dir='ltr'>stellae</span> <span class='ocrx_word' id='word_1_549' title='bbox 607 3705 842 3767; x_wconf 89' lang='lat' dir='ltr'>latitudo,</span> <span class='ocrx_word' id='word_1_550' title='bbox 888 3711 943 3753; x_wconf 92' lang='lat' dir='ltr'>ut</span> <span class='ocrx_word' id='word_1_551' title='bbox 979 3718 1127 3767; x_wconf 86' lang='lat' dir='ltr'>supra</span> <span class='ocrx_word' id='word_1_552' title='bbox 1166 3704 1266 3765; x_wconf 86' lang='lat' dir='ltr'>bis,</span> <span class='ocrx_word' id='word_1_553' title='bbox 1313 3706 1457 3754; x_wconf 86' lang='lat' dir='ltr'>fuerit</span> <span class='ocrx_word' id='word_1_554' title='bbox 1499 3708 1544 3757; x_wconf 93' lang='lat'><strong>1.</strong></span> <span class='ocrx_word' id='word_1_555' title='bbox 1587 3707 1669 3755; x_wconf 88' lang='lat'><strong>53.</strong></span> <span class='ocrx_word' id='word_1_556' title='bbox 1711 3713 1858 3757; x_wconf 80' lang='lat' dir='ltr'>austr.</span> <span class='ocrx_word' id='word_1_557' title='bbox 1876 3743 1889 3770; x_wconf 89' lang='lat'>,</span> <span class='ocrx_word' id='word_1_558' title='bbox 1944 3706 2183 3770; x_wconf 88' lang='lat' dir='ltr'>siquidem</span> <span class='ocrx_word' id='word_1_559' title='bbox 2234 3717 2347 3753; x_wconf 88' lang='lat' dir='ltr'>vere</span> 
     </span>
    </p>
   </div>
   <div class='ocr_carea' id='block_1_11' title="bbox 23 3777 1437 3842">
    <p class='ocr_par' dir='ltr' id='par_1_16' title="bbox 23 3777 1437 3842">
     <span class='ocr_line' id='line_1_53' title="bbox 23 3777 1437 3842; baseline 0.001 -17"><span class='ocrx_word' id='word_1_560' title='bbox 23 3831 24 3835; x_wconf 11' lang='grc' dir='ltr'><strong>Ἰ</strong></span> <span class='ocrx_word' id='word_1_561' title='bbox 102 3781 154 3825; x_wconf 85' lang='lat' dir='ltr'>et</span> <span class='ocrx_word' id='word_1_562' title='bbox 187 3784 355 3828; x_wconf 81' lang='lat' dir='ltr'>exacte</span> <span class='ocrx_word' id='word_1_563' title='bbox 391 3778 661 3842; x_wconf 90' lang='lat' dir='ltr'>aequaliter</span> <span class='ocrx_word' id='word_1_564' title='bbox 699 3794 730 3828; x_wconf 88' lang='lat' dir='ltr'>a</span> <span class='ocrx_word' id='word_1_565' title='bbox 767 3778 994 3828; x_wconf 88' lang='lat' dir='ltr'>cornibus</span> <span class='ocrx_word' id='word_1_566' title='bbox 1031 3777 1179 3840; x_wconf 81' lang='lat' dir='ltr'>Spica</span> <span class='ocrx_word' id='word_1_567' title='bbox 1216 3777 1437 3827; x_wconf 76' lang='lat' dir='ltr'>abfuerit.</span> 
     </span>
    </p>
   </div>
   <div class='ocr_carea' id='block_1_12' title="bbox 246 3848 2348 3919">
    <p class='ocr_par' dir='ltr' id='par_1_17' title="bbox 246 3848 2348 3919">
     <span class='ocr_line' id='line_1_54' title="bbox 246 3848 2348 3919; baseline 0 -22"><span class='ocrx_word' id='word_1_568' title='bbox 246 3849 428 3900; x_wconf 84' lang='lat' dir='ltr'>Eodem</span> <span class='ocrx_word' id='word_1_569' title='bbox 465 3865 593 3900; x_wconf 87' lang='lat' dir='ltr'>anno</span> <span class='ocrx_word' id='word_1_570' title='bbox 631 3850 746 3900; x_wconf 85' lang='lat' dir='ltr'>Jan.</span> <span class='ocrx_word' id='word_1_571' title='bbox 793 3853 871 3901; x_wconf 87' lang='grc'>13.</span> <span class='ocrx_word' id='word_1_572' title='bbox 911 3856 1022 3914; x_wconf 78' lang='lat' dir='ltr'>post</span> <span class='ocrx_word' id='word_1_573' title='bbox 1060 3849 1270 3900; x_wconf 90' lang='lat' dir='ltr'>triduum</span> <span class='ocrx_word' id='word_1_574' title='bbox 1307 3848 1392 3919; x_wconf 83' lang='lat' dir='ltr'>(se.</span> <span class='ocrx_word' id='word_1_575' title='bbox 1432 3848 1651 3918; x_wconf 84' lang='lat' dir='ltr'>prioris),</span> <span class='ocrx_word' id='word_1_576' title='bbox 1694 3851 1944 3902; x_wconf 89' lang='lat' dir='ltr'>desinente</span> <span class='ocrx_word' id='word_1_577' title='bbox 1984 3852 2030 3905; x_wconf 85' lang='lat' dir='ltr'><strong>h.</strong></span> <span class='ocrx_word' id='word_1_578' title='bbox 2074 3853 2152 3900; x_wconf 91' lang='grc'>11.</span> <span class='ocrx_word' id='word_1_579' title='bbox 2192 3849 2348 3898; x_wconf 85' lang='lat' dir='ltr'>noetis</span> 
     </span>
    </p>
   </div>
  </div>
 </body>
</html>
