2554 4140
280 1091 795 1186 EPITOMES
861 1081 1602 1184 ASTRONOMIAE
1650 1024 2430 1183 coPERMcANAE

1066 1311 1269 1361 LIBER
1306 1311 1657 1364 SEPTIMUS.
1711 1370 1715 1373 Δ

380 1493 483 1553 AD
531 1483 1003 1552 SPHAERICAM
1051 1492 1261 1551 slMUL
1308 1493 1397 1550 ET
1435 1493 1867 1587 ,THEORlCAM
1917 1495 2341 1554 DOCTRINAM

1143 1593 1562 1653 PERTINENS.
1602 1591 1606 1594 ’

380 1913 520 1972 Quae
558 1912 654 1959 erit
689 1910 908 1958 materia
947 1910 1064 1958 libri
1114 1908 1260 1959 VII?
1310 1911 1596 1974 Disputatio
1646 1910 1732 1959 illa
1785 1917 2003 1959 veterum
2054 1909 2114 1959 de
2161 1915 2295 1973 motu
2335 1924 2492 1958 nonae
2534 1916 2538 1920 '

230 1989 279 2033 et
317 1989 521 2033 octavae
560 1979 796 2046 sp'haerae
849 1997 938 2031 seu
975 1983 1206 2044 fixarum,
1249 1990 1297 2033 et
1335 1999 1460 2047 quae
1498 1983 1612 2033 hinc
1652 1983 1917 2048 dependet,
1971 1983 2207 2032 differenti
2246 1984 2492 2046 magnitu-

233 2056 345 2106 dine
383 2057 497 2106 anni
535 2053 711 2104 siderei
750 2062 798 2104 et
835 2057 948 2103 anni
987 2058 1186 2118 tropici3
1227 2056 1286 2105 de
1325 2059 1663 2119 praecessione
1690 2057 2134 2119 aequinoctiorum,
2174 2055 2231 2104 de
2270 2055 2492 2103 mutabili

236 2129 530 2192 obliquitate
571 2128 823 2191 eclipticae
863 2134 911 2176 et
950 2131 1181 2177 connexis
1221 2130 1607 2191 quaestionibus.

380 2205 512 2264 Quot
565 2202 807 2263 sphaeras
859 2201 1008 2249 habet
1061 2205 1378 2251 astronomia
1430 2202 1607 2251 vetus?
1666 2202 1865 2250 Decem.
1960 2201 2125 2250 Prima
2180 2207 2254 2250 est
2307 2200 2494 2262 Lunae,

233 2274 448 2323 secunda
496 2273 750 2334 Mercurii,
803 2275 945 2322 tertia
981 2273 1212 2335 Veneris,
1266 2280 1439 2337 quarta
1478 2270 1639 2333 Solis,
1687 2277 1859 2337 quinta
1907 2275 2104 2334 Martis,
2154 2279 2293 2322 sexta
2330 2271 2493 2334 Jovis,
2550 2292 2554 2301 ·

238 2349 448 2411 septima
486 2346 684 2396 Saturni
731 2345 924 2410 (harum
975 2346 1363 2396 semidiametros
1417 2361 1476 2396 ex
1528 2349 1771 2396 sententia
1822 2354 2039 2397 veterum
2089 2346 2203 2395 vide
2244 2346 2366 2394 libro
2405 2345 2495 2394 IV.

233 2419 318 2469 fol.
361 2416 500 2485 333),
535 2425 718 2480 ,octava
755 2418 975 2479 fixarum,
1015 2434 1145 2467 nona
1183 2426 1230 2468 et
1270 2419 1455 2469 decima
1495 2426 1608 2468 sunt
1647 2417 1865 2484 ἀναςροι.
1939 2419 2254 2469 Recentiores
2295 2417 2498 2467 undeci-

237 2507 382 2554 mam,
424 2491 625 2555 quidam
665 2497 713 2541 et
753 2491 1089 2540 duodecimam
1128 2492 1309 2542 audent
1337 2492 1540 2542 addere.
1646 2552 1649 2554 v
1980 2546 1981 2549 Ἴ
2547 2510 2554 2547 1

386 2568 553 2627 Quam
577 2579 786 2614 causam
813 2565 1116 2626 habuerunt,
1156 2567 1397 2627 sphaerae
1419 2566 1646 2629 siccarum
1683 2565 2060 2627 superponendi
2089 2565 2329 2626 sphaeras
2367 2565 2498 2612 alias
2545 2587 2554 2609 η

234 2633 342 2687 sine
380 2638 566 2686 stellis?
600 2638 716 2686 Fuit
743 2645 949 2700 tempuS,
991 2653 1100 2687 cum
1125 2639 1440 2701 ignoraretur,
1482 2638 1603 2687 fixas
1643 2640 1689 2685 in
1717 2639 2066 2702 consequentia
2102 2639 2349 2698 signorum
2377 2651 2494 2699 pro·
2544 2631 2554 2694 i

234 2712 451 2776 moveri,
503 2717 551 2760 et
599 2716 715 2760 tunc
754 2711 962 2773 sphaera
1013 2711 1219 2759 fixarum
1259 2718 1436 2762 octava
1474 2711 1566 2760 fuit
1604 2711 1772 2760 habita
1810 2726 1896 2776 pro
1944 2710 2140 2771 ultima,
2194 2716 2247 2758 ut
2301 2709 2496 2772 quidem
2542 2711 2554 2779 i

235 2799 349 2833 vere
387 2790 489 2846 est,
542 2785 684 2845 eique
735 2783 836 2846 fuit·
874 2784 1083 2833 tributus
1120 2790 1281 2833 motus
1320 2786 1382 2833 ab
1433 2790 1540 2833 ortu
1587 2785 1638 2831 in
1686 2799 1913 2834 occasum
1963 2785 2090 2832 circa
2141 2783 2282 2846 polos
2329 2781 2498 2830 mundi
2541 2782 2554 2839 l

239 2856 540 2917 immobileS‚
591 2856 686 2905 hoc
737 2863 811 2905 est
864 2856 1035 2910 iisdem
1088 2864 1324 2920 perpetuo
1364 2857 1541 2906 Terrae
1591 2857 1712 2906 locis
1758 2860 2084 2914 imminentes,
2138 2857 2221 2917 qui
2269 2855 2390 2904 libro
2429 2855 2494 2904 11.
2546 2852 2551 2906 l

233 2929 316 2980 fol.
362 2931 480 2979 190.
529 2927 771 2992 designati
819 2935 946 2981 sunt.
1022 2930 1080 2977 In
1131 2930 1224 2979 hac
1273 2935 1450 2997 octava
1496 2929 1703 2992 sphaera
1738 2930 2002 2992 ‚fingebant
2056 2929 2350 2990 descriptum
2388 2942 2498 2998 esse,
2538 2915 2554 2982 ἦ

238 3001 643 3064 aequinoctialem
683 3008 731 3051 et
767 3002 1021 3051 zodiacum
1060 3017 1169 3051 cum
1207 3003 1333 3067 polis
1371 3005 1487 3063 suiS‚
1529 3009 1576 3051 et
1614 3004 1704 3052 sub
1743 3003 1869 3067 polis
1907 3000 2096 3051 zodiaci
2135 3006 2496 3064 supposuerunt
2537 2999 2554 3065 ᾖ

237 3074 542 3123 infibulatum
588 3075 726 3124 velut
770 3089 876 3124 esse
926 3077 1282 3124 concentricum
1321 3077 1600 3140 systematis
1638 3075 1882 3136 Saturnii,
1936 3075 2006 3123 sic
2051 3079 2105 3121 ut
2143 3074 2494 3140 circumvoluta
2537 3071 2554 3143 ᾗ

236 3146 445 3208 sphaera
490 3147 694 3196 fixarum
744 3150 904 3212 spatio
957 3151 1025 3196 24
1066 3149 1316 3215 horarum,
1368 3163 1565 3198 necesse
1613 3155 1742 3197 esset
1787 3163 1885 3196 una
1935 3145 2228 3196 circumduci
2268 3154 2318 3195 et
2354 3146 2554 3208 polos-21

241 3225 290 3267 et
326 3225 479 3267 totam
517 3220 772 3282 sphaeram
811 3222 1165 3270 conceutricam
1203 3221 1421 3282 Saturni,
1476 3221 1636 3270 demto
1676 3236 1793 3270 arcu
1830 3221 2053 3278 minimo,
2104 3234 2247 3281 quem
2286 3219 2496 3282 sphaera
2533 3226 2554 3301 Ξῖ

238 3289 434 3339 Saturni
485 3293 574 3340 sub
626 3300 801 3342 octava
854 3296 994 3357 quasi
1041 3294 1278 3357 reptando
1326 3295 1560 3344 conficere
1604 3295 1746 3356 jussa
1797 3299 1870 3342 est
1910 3292 2074 3340 dietim
2113 3294 2161 3338 in
2202 3293 2497 3340 contrarium
2533 3290 2554 3350 13

240 3363 302 3412 ab
342 3377 518 3411 occasu
555 3365 605 3411 in
645 3371 814 3414 ortu'm.
1340 3370 1349 3376 '
1776 3374 1782 3393 ‘
2536 3362 2554 3428 .'.

330 3499 333 3502 1
382 3434 650 3497 Postquam
690 3454 805 3488 vero
826 3438 1176 3503 deprehensum
1218 3445 1307 3505 est,
1346 3439 1468 3487 fixas
1509 3454 1703 3502 quoque
1729 3438 1879 3500 signis
1914 3435 2103 3485 zodiaci
2133 3437 2366 3499 paulatim
2405 3451 2492 3485 ex·
2531 3440 2554 3514 Γ

239 3506 409 3557 cedere
463 3509 512 3554 in
569 3515 936 3572 consequentia,
1002 3516 1283 3576 priusquam
1343 3514 1568 3572 sciretur,
1626 3513 1914 3564 continuene
1971 3509 2020 3556 id
2071 3510 2309 3570 facerent,
2367 3521 2552 3574 anne-5⁷

237 3585 589 3629 reverterentur
637 3582 758 3629 ‘olim
812 3599 897 3645 per
954 3585 1123 3634 eadem
1172 3586 1407 3647 vestigia,
1468 3584 1872 3647 contemplatores
1931 3582 2058 3630 istud
2114 3584 2277 3645 potius
2333 3581 2492 3630 credi·
2529 3579 2554 3634 li

240 3653 438 3712 derunt,
487 3651 618 3700 ducti
656 3653 747 3701 hac
785 3657 1226 3719 verisimilitudine,
1269 3657 1399 3720 quod
1437 3656 1602 3706 videre
1640 3657 1734 3704 sibi
1772 3647 2074 3714 viderentur,
2129 3661 2314 3703 motum
2364 3654 2492 3702 hunc
2527 3652 2554 3699 if.

237 3724 440 3774 fixarum
490 3739 549 3774 ex
594 3725 731 3773 tardo
788 3727 1007 3776 velocem
1054 3731 1172 3779 fieri.
1249 3730 1421 3792 Itaque
1471 3743 1650 3778 nonam
1706 3727 1963 3790 sphaeram
2020 3732 2226 3776 octavae
2285 3729 2491 3775 circum·
2526 3734 2554 3773 ὕ]

233 3798 476 3861 jecerunt,
524 3799 573 3845 in
627 3813 771 3872 quam
820 3805 1002 3851 motum
1052 3802 1274 3851 diurnum
1325 3799 1830 3865 aequinoctialemque
1882 3807 1930 3850 et
1975 3799 2229 3851 zodiacum
2287 3800 2491 3864 ejusque
2540 3816 2554 3858 1ι

2536 3963 2546 4034 ÷

2534 4081 2554 4140 Ξ
