<?xml version="1.0" encoding="UTF-8"?>
<!DOCTYPE html PUBLIC "-//W3C//DTD XHTML 1.0 Transitional//EN"
    "http://www.w3.org/TR/xhtml1/DTD/xhtml1-transitional.dtd">
<html xmlns="http://www.w3.org/1999/xhtml" xml:lang="en" lang="en">
 <head>
  <title>
</title>
<meta http-equiv="Content-Type" content="text/html;charset=utf-8" />
  <meta name='ocr-system' content='tesseract 3.04.00' />
  <meta name='ocr-capabilities' content='ocr_page ocr_carea ocr_par ocr_line ocrx_word'/>
</head>
<body>
  <div class='ocr_page' id='page_1' title='image "./operaomniaedidit06kepluoft_0749.png"; bbox 0 0 2554 4140; ppageno 0'>
   <div class='ocr_carea' id='block_1_1' title="bbox 917 95 2371 155">
    <p class='ocr_par' dir='ltr' id='par_1_1' title="bbox 917 95 2371 155">
     <span class='ocr_line' id='line_1_1' title="bbox 917 95 2371 155; baseline 0.01 -15"><span class='ocrx_word' id='word_1_1' title='bbox 917 95 1261 152; x_wconf 77' lang='lat' dir='ltr'>Regiomontani</span> <span class='ocrx_word' id='word_1_2' title='bbox 1291 97 1338 138; x_wconf 91' lang='lat' dir='ltr'>et</span> <span class='ocrx_word' id='word_1_3' title='bbox 1369 95 1606 141; x_wconf 87' lang='lat' dir='ltr'>Waltheri.</span> <span class='ocrx_word' id='word_1_4' title='bbox 2268 106 2371 155; x_wconf 73' lang='lat'>‘135</span> 
     </span>
    </p>
   </div>
   <div class='ocr_carea' id='block_1_2' title="bbox 110 243 2370 367">
    <p class='ocr_par' dir='ltr' id='par_1_2' title="bbox 110 243 2370 367">
     <span class='ocr_line' id='line_1_2' title="bbox 111 243 2370 365; baseline 0.003 -73"><span class='ocrx_word' id='word_1_5' title='bbox 111 243 293 365; x_wconf 49' lang='grc' dir='ltr'>ᾱιὼίιίἆι</span> <span class='ocrx_word' id='word_1_6' title='bbox 298 246 447 307; x_wconf 88' lang='lat' dir='ltr'>paulo</span> <span class='ocrx_word' id='word_1_7' title='bbox 487 252 623 296; x_wconf 86' lang='lat' dir='ltr'>extra</span> <span class='ocrx_word' id='word_1_8' title='bbox 658 246 1002 308; x_wconf 86' lang='lat' dir='ltr'>meridianum,</span> <span class='ocrx_word' id='word_1_9' title='bbox 1051 251 1138 294; x_wconf 90' lang='lat' dir='ltr'>aut</span> <span class='ocrx_word' id='word_1_10' title='bbox 1190 247 1399 294; x_wconf 89' lang='lat' dir='ltr'>omissus</span> <span class='ocrx_word' id='word_1_11' title='bbox 1439 251 1513 295; x_wconf 89' lang='lat' dir='ltr'>est</span> <span class='ocrx_word' id='word_1_12' title='bbox 1558 246 1803 309; x_wconf 86' lang='lat' dir='ltr'>quadrans</span> <span class='ocrx_word' id='word_1_13' title='bbox 1850 249 1992 297; x_wconf 89' lang='lat' dir='ltr'>unius</span> <span class='ocrx_word' id='word_1_14' title='bbox 2030 248 2209 311; x_wconf 85' lang='lat' dir='ltr'>gradus</span> <span class='ocrx_word' id='word_1_15' title='bbox 2249 250 2370 299; x_wconf 89' lang='lat' dir='ltr'>vitio</span> 
     </span>
     <span class='ocr_line' id='line_1_3' title="bbox 110 319 378 367; baseline 0.004 -1"><span class='ocrx_word' id='word_1_16' title='bbox 110 323 242 366; x_wconf 88' lang='lat' dir='ltr'>astro</span> <span class='ocrx_word' id='word_1_17' title='bbox 295 319 378 367; x_wconf 86' lang='lat' dir='ltr'>bii.</span> 
     </span>
    </p>
   </div>
   <div class='ocr_carea' id='block_1_3' title="bbox 257 388 2374 460">
    <p class='ocr_par' dir='ltr' id='par_1_3' title="bbox 257 388 2374 460">
     <span class='ocr_line' id='line_1_4' title="bbox 257 388 2374 460; baseline 0.003 -22"><span class='ocrx_word' id='word_1_18' title='bbox 257 391 481 455; x_wconf 90' lang='lat' dir='ltr'>Denique</span> <span class='ocrx_word' id='word_1_19' title='bbox 519 388 727 440; x_wconf 84' lang='lat' dir='ltr'>latitudo</span> <span class='ocrx_word' id='word_1_20' title='bbox 767 391 893 442; x_wconf 86' lang='lat' dir='ltr'>fixae</span> <span class='ocrx_word' id='word_1_21' title='bbox 918 396 982 440; x_wconf 38' lang='lat'>⁴7.</span> <span class='ocrx_word' id='word_1_22' title='bbox 1035 391 1085 452; x_wconf 64' lang='grc' dir='ltr'>,ἶ</span> <span class='ocrx_word' id='word_1_23' title='bbox 1131 396 1205 441; x_wconf 87' lang='lat' dir='ltr'>est</span> <span class='ocrx_word' id='word_1_24' title='bbox 1243 389 1302 440; x_wconf 84' lang='lat'>3⁰</span> <span class='ocrx_word' id='word_1_25' title='bbox 1329 388 1413 439; x_wconf 78' lang='lat'>50⁴</span> <span class='ocrx_word' id='word_1_26' title='bbox 1453 397 1614 452; x_wconf 87' lang='lat' dir='ltr'>austr.,</span> <span class='ocrx_word' id='word_1_27' title='bbox 1654 391 1786 455; x_wconf 85' lang='lat' dir='ltr'>long.</span> <span class='ocrx_word' id='word_1_28' title='bbox 1830 393 1888 440; x_wconf 83' lang='lat'>2⁰</span> <span class='ocrx_word' id='word_1_29' title='bbox 1914 394 2019 442; x_wconf 73' lang='lat'>42⁴.</span> <span class='ocrx_word' id='word_1_30' title='bbox 2040 395 2099 460; x_wconf 59' lang='grc' dir='ltr'>ὅ</span> <span class='ocrx_word' id='word_1_31' title='bbox 2146 394 2209 443; x_wconf 89' lang='lat' dir='ltr'>ad</span> <span class='ocrx_word' id='word_1_32' title='bbox 2247 402 2374 445; x_wconf 89' lang='lat' dir='ltr'>tem-</span> 
     </span>
    </p>
   </div>
   <div class='ocr_carea' id='block_1_4' title="bbox 20 464 2372 528">
    <p class='ocr_par' dir='ltr' id='par_1_4' title="bbox 20 464 2372 528">
     <span class='ocr_line' id='line_1_5' title="bbox 20 464 2372 528; baseline 0.003 -17"><span class='ocrx_word' id='word_1_33' title='bbox 20 485 24 488; x_wconf 89' lang='grc'><em>·</em></span> <span class='ocrx_word' id='word_1_34' title='bbox 108 477 200 526; x_wconf 86' lang='lat' dir='ltr'>pus</span> <span class='ocrx_word' id='word_1_35' title='bbox 234 466 552 528; x_wconf 89' lang='lat' dir='ltr'>propositum.</span> <span class='ocrx_word' id='word_1_36' title='bbox 629 464 759 514; x_wconf 90' lang='lat' dir='ltr'>Hinc</span> <span class='ocrx_word' id='word_1_37' title='bbox 783 464 1058 514; x_wconf 88' lang='lat' dir='ltr'>latitudinis</span> <span class='ocrx_word' id='word_1_38' title='bbox 1082 464 1310 524; x_wconf 87' lang='lat' dir='ltr'>siderum,</span> <span class='ocrx_word' id='word_1_39' title='bbox 1351 477 1478 526; x_wconf 91' lang='lat' dir='ltr'>quae</span> <span class='ocrx_word' id='word_1_40' title='bbox 1518 466 1565 510; x_wconf 89' lang='lat' dir='ltr'>in</span> <span class='ocrx_word' id='word_1_41' title='bbox 1593 478 1689 513; x_wconf 87' lang='lat' dir='ltr'>una</span> <span class='ocrx_word' id='word_1_42' title='bbox 1715 472 1861 526; x_wconf 87' lang='lat' dir='ltr'>recta,</span> <span class='ocrx_word' id='word_1_43' title='bbox 1902 466 2200 518; x_wconf 89' lang='lat' dir='ltr'>differentiae</span> <span class='ocrx_word' id='word_1_44' title='bbox 2225 470 2372 518; x_wconf 84' lang='lat' dir='ltr'>istae:</span> 
     </span>
    </p>
   </div>
   <div class='ocr_carea' id='block_1_5' title="bbox 108 531 2374 1037">
    <p class='ocr_par' dir='ltr' id='par_1_5' title="bbox 108 531 2374 968">
     <span class='ocr_line' id='line_1_6' title="bbox 117 531 2370 606; baseline 0.002 -21"><span class='ocrx_word' id='word_1_45' title='bbox 117 532 214 603; x_wconf 61' lang='lat'>‘245</span> <span class='ocrx_word' id='word_1_46' title='bbox 247 533 343 603; x_wconf 55' lang='lat' dir='ltr'>Q:</span> <span class='ocrx_word' id='word_1_47' title='bbox 396 540 442 585; x_wconf 93' lang='lat'>1.</span> <span class='ocrx_word' id='word_1_48' title='bbox 483 534 639 606; x_wconf 57' lang='lat'>4472,</span> <span class='ocrx_word' id='word_1_49' title='bbox 679 534 774 604; x_wconf 55' lang='lat' dir='ltr'>Q,</span> <span class='ocrx_word' id='word_1_50' title='bbox 813 538 967 587; x_wconf 86' lang='lat' dir='ltr'>fixae:</span> <span class='ocrx_word' id='word_1_51' title='bbox 1025 540 1107 586; x_wconf 95' lang='grc'><strong>12.</strong></span> <span class='ocrx_word' id='word_1_52' title='bbox 1150 539 1245 598; x_wconf 83' lang='grc'>24,</span> <span class='ocrx_word' id='word_1_53' title='bbox 1270 531 1383 603; x_wconf 53' lang='lat' dir='ltr'>sti,</span> <span class='ocrx_word' id='word_1_54' title='bbox 1422 535 1578 586; x_wconf 87' lang='lat' dir='ltr'>fixae:</span> <span class='ocrx_word' id='word_1_55' title='bbox 1632 538 1678 585; x_wconf 87' lang='lat'>4.</span> <span class='ocrx_word' id='word_1_56' title='bbox 1722 535 1841 604; x_wconf 67' lang='lat' dir='ltr'>8¹s2.</span> <span class='ocrx_word' id='word_1_57' title='bbox 1917 538 2014 588; x_wconf 88' lang='lat' dir='ltr'>Sed</span> <span class='ocrx_word' id='word_1_58' title='bbox 2050 540 2370 603; x_wconf 81' lang='lat' dir='ltr'><strong>longitudinis</strong></span> 
     </span>
     <span class='ocr_line' id='line_1_7' title="bbox 112 607 2374 684; baseline 0.003 -29"><span class='ocrx_word' id='word_1_59' title='bbox 112 610 239 657; x_wconf 89' lang='lat' dir='ltr'>inter</span> <span class='ocrx_word' id='word_1_60' title='bbox 273 607 344 676; x_wconf 56' lang='lat' dir='ltr'>Q</span> <span class='ocrx_word' id='word_1_61' title='bbox 382 617 433 659; x_wconf 92' lang='lat' dir='ltr'>et</span> <span class='ocrx_word' id='word_1_62' title='bbox 469 610 616 660; x_wconf 86' lang='lat' dir='ltr'>fixam</span> <span class='ocrx_word' id='word_1_63' title='bbox 657 610 926 660; x_wconf 88' lang='lat' dir='ltr'>differentia</span> <span class='ocrx_word' id='word_1_64' title='bbox 965 617 1039 660; x_wconf 90' lang='lat' dir='ltr'>est</span> <span class='ocrx_word' id='word_1_65' title='bbox 1078 612 1127 660; x_wconf 93' lang='grc' dir='ltr'><strong>Ο.</strong></span> <span class='ocrx_word' id='word_1_66' title='bbox 1170 612 1254 659; x_wconf 82' lang='lat'>15.</span> <span class='ocrx_word' id='word_1_67' title='bbox 1331 608 1518 671; x_wconf 78' lang='lat' dir='ltr'>Quodsi</span> <span class='ocrx_word' id='word_1_68' title='bbox 1542 613 1592 658; x_wconf 81' lang='lat'>2.</span> <span class='ocrx_word' id='word_1_69' title='bbox 1625 611 1693 657; x_wconf 83' lang='lat'>24</span> <span class='ocrx_word' id='word_1_70' title='bbox 1735 609 1818 659; x_wconf 88' lang='lat' dir='ltr'>dat</span> <span class='ocrx_word' id='word_1_71' title='bbox 1844 612 1893 660; x_wconf 88' lang='grc' dir='ltr'><strong>Ο.</strong></span> <span class='ocrx_word' id='word_1_72' title='bbox 1926 613 2007 673; x_wconf 88' lang='grc'>15,</span> <span class='ocrx_word' id='word_1_73' title='bbox 2049 627 2164 676; x_wconf 85' lang='lat' dir='ltr'>ergo</span> <span class='ocrx_word' id='word_1_74' title='bbox 2193 615 2239 663; x_wconf 87' lang='lat'>4.</span> <span class='ocrx_word' id='word_1_75' title='bbox 2269 610 2374 684; x_wconf 63' lang='lat'>872</span> 
     </span>
     <span class='ocr_line' id='line_1_8' title="bbox 113 678 2373 750; baseline 0.003 -21"><span class='ocrx_word' id='word_1_76' title='bbox 113 681 250 730; x_wconf 89' lang='lat' dir='ltr'>dabit</span> <span class='ocrx_word' id='word_1_77' title='bbox 289 685 376 744; x_wconf 62' lang='lat'>27„</span> <span class='ocrx_word' id='word_1_78' title='bbox 451 683 627 746; x_wconf 83' lang='lat' dir='ltr'>Itaque</span> <span class='ocrx_word' id='word_1_79' title='bbox 674 686 716 732; x_wconf 93' lang='lat' dir='ltr'>si</span> <span class='ocrx_word' id='word_1_80' title='bbox 768 690 936 733; x_wconf 82' lang='lat' dir='ltr'>exacte</span> <span class='ocrx_word' id='word_1_81' title='bbox 988 698 1100 733; x_wconf 91' lang='lat' dir='ltr'>cum</span> <span class='ocrx_word' id='word_1_82' title='bbox 1146 689 1311 733; x_wconf 90' lang='lat' dir='ltr'>centro</span> <span class='ocrx_word' id='word_1_83' title='bbox 1348 679 1418 748; x_wconf 55' lang='lat' dir='ltr'><em>Q</em></span> <span class='ocrx_word' id='word_1_84' title='bbox 1460 689 1508 730; x_wconf 92' lang='lat' dir='ltr'>et</span> <span class='ocrx_word' id='word_1_85' title='bbox 1546 682 1644 730; x_wconf 85' lang='lat' dir='ltr'>fixa</span> <span class='ocrx_word' id='word_1_86' title='bbox 1693 682 1783 730; x_wconf 84' lang='lat' dir='ltr'>fuit</span> <span class='ocrx_word' id='word_1_87' title='bbox 1827 678 1886 750; x_wconf 67' lang='grc' dir='ltr'>Ἡ.</span> <span class='ocrx_word' id='word_1_88' title='bbox 1929 686 1978 732; x_wconf 91' lang='lat' dir='ltr'>in</span> <span class='ocrx_word' id='word_1_89' title='bbox 2017 686 2186 735; x_wconf 90' lang='lat' dir='ltr'>eadem</span> <span class='ocrx_word' id='word_1_90' title='bbox 2226 693 2373 749; x_wconf 88' lang='lat' dir='ltr'>recta,</span> 
     </span>
     <span class='ocr_line' id='line_1_9' title="bbox 110 752 2374 825; baseline 0.003 -23"><span class='ocrx_word' id='word_1_91' title='bbox 110 753 248 803; x_wconf 87' lang='lat' dir='ltr'>locus</span> <span class='ocrx_word' id='word_1_92' title='bbox 287 756 393 819; x_wconf 88' lang='lat' dir='ltr'>ejus</span> <span class='ocrx_word' id='word_1_93' title='bbox 433 757 723 806; x_wconf 86' lang='lat' dir='ltr'>observatus</span> <span class='ocrx_word' id='word_1_94' title='bbox 762 764 835 805; x_wconf 89' lang='lat' dir='ltr'>est</span> <span class='ocrx_word' id='word_1_95' title='bbox 875 754 933 804; x_wconf 82' lang='grc'>20</span> <span class='ocrx_word' id='word_1_96' title='bbox 963 756 1045 805; x_wconf 80' lang='grc'>15’</span> <span class='ocrx_word' id='word_1_97' title='bbox 1085 758 1168 823; x_wconf 57' lang='grc' dir='ltr'><strong>ὅ.</strong></span> <span class='ocrx_word' id='word_1_98' title='bbox 1245 756 1313 804; x_wconf 92' lang='lat' dir='ltr'>At</span> <span class='ocrx_word' id='word_1_99' title='bbox 1352 761 1580 818; x_wconf 88' lang='lat' dir='ltr'>computo</span> <span class='ocrx_word' id='word_1_100' title='bbox 1619 769 1729 804; x_wconf 92' lang='lat' dir='ltr'>eum</span> <span class='ocrx_word' id='word_1_101' title='bbox 1767 758 1816 803; x_wconf 92' lang='lat' dir='ltr'>in</span> <span class='ocrx_word' id='word_1_102' title='bbox 1857 752 1914 803; x_wconf 90' lang='grc'>20</span> <span class='ocrx_word' id='word_1_103' title='bbox 1943 753 2087 825; x_wconf 63' lang='grc'>213]4</span> <span class='ocrx_word' id='word_1_104' title='bbox 2122 761 2215 824; x_wconf 37' lang='grc' dir='ltr'>’.ὅς</span> <span class='ocrx_word' id='word_1_105' title='bbox 2254 762 2374 808; x_wconf 88' lang='lat' dir='ltr'>satis</span> 
     </span>
     <span class='ocr_line' id='line_1_10' title="bbox 110 825 2373 895; baseline 0.002 -18"><span class='ocrx_word' id='word_1_106' title='bbox 110 833 296 877; x_wconf 79' lang='lat' dir='ltr'>exacte.</span> <span class='ocrx_word' id='word_1_107' title='bbox 372 829 499 877; x_wconf 89' lang='lat' dir='ltr'>Nam</span> <span class='ocrx_word' id='word_1_108' title='bbox 537 830 659 879; x_wconf 89' lang='lat' dir='ltr'>haec</span> <span class='ocrx_word' id='word_1_109' title='bbox 696 842 857 878; x_wconf 85' lang='lat' dir='ltr'>rectae</span> <span class='ocrx_word' id='word_1_110' title='bbox 895 844 980 893; x_wconf 91' lang='lat' dir='ltr'>per</span> <span class='ocrx_word' id='word_1_111' title='bbox 1018 844 1192 895; x_wconf 89' lang='lat' dir='ltr'>corpus</span> <span class='ocrx_word' id='word_1_112' title='bbox 1214 825 1282 895; x_wconf 53' lang='grc' dir='ltr'>ᾧ</span> <span class='ocrx_word' id='word_1_113' title='bbox 1323 829 1591 891; x_wconf 88' lang='lat' dir='ltr'>imaginata</span> <span class='ocrx_word' id='word_1_114' title='bbox 1628 827 1868 877; x_wconf 89' lang='lat' dir='ltr'>traductio</span> <span class='ocrx_word' id='word_1_115' title='bbox 1906 844 2003 878; x_wconf 89' lang='lat' dir='ltr'>non</span> <span class='ocrx_word' id='word_1_116' title='bbox 2029 834 2211 893; x_wconf 90' lang='lat' dir='ltr'>patitur</span> <span class='ocrx_word' id='word_1_117' title='bbox 2250 834 2373 882; x_wconf 87' lang='lat' dir='ltr'>sub-</span> 
     </span>
     <span class='ocr_line' id='line_1_11' title="bbox 108 898 2094 968; baseline 0.002 -21"><span class='ocrx_word' id='word_1_118' title='bbox 108 898 558 951; x_wconf 78' lang='lat' dir='ltr'>tilitatemtantam</span> <span class='ocrx_word' id='word_1_119' title='bbox 598 917 852 968; x_wconf 87' lang='lat' dir='ltr'>censurae,</span> <span class='ocrx_word' id='word_1_120' title='bbox 889 917 988 965; x_wconf 89' lang='lat' dir='ltr'>qua</span> <span class='ocrx_word' id='word_1_121' title='bbox 1029 903 1076 950; x_wconf 80' lang='lat'>7¹</span> <span class='ocrx_word' id='word_1_122' title='bbox 1114 917 1342 952; x_wconf 87' lang='lat' dir='ltr'>excessus</span> <span class='ocrx_word' id='word_1_123' title='bbox 1381 901 1461 951; x_wconf 89' lang='lat' dir='ltr'>vel</span> <span class='ocrx_word' id='word_1_124' title='bbox 1499 900 1714 951; x_wconf 86' lang='lat' dir='ltr'>defectus</span> <span class='ocrx_word' id='word_1_125' title='bbox 1753 909 2094 964; x_wconf 81' lang='lat' dir='ltr'>agnoscantur.</span> 
     </span>
    </p>

    <p class='ocr_par' dir='ltr' id='par_1_6' title="bbox 252 977 2371 1037">
     <span class='ocr_line' id='line_1_12' title="bbox 252 977 2371 1037; baseline 0.002 -17"><span class='ocrx_word' id='word_1_126' title='bbox 252 977 383 1022; x_wconf 90' lang='lat' dir='ltr'>Anno</span> <span class='ocrx_word' id='word_1_127' title='bbox 415 978 544 1024; x_wconf 83' lang='lat'>1468.</span> <span class='ocrx_word' id='word_1_128' title='bbox 577 977 621 1022; x_wconf 93' lang='lat' dir='ltr'>d.</span> <span class='ocrx_word' id='word_1_129' title='bbox 655 979 725 1023; x_wconf 87' lang='grc'>26.</span> <span class='ocrx_word' id='word_1_130' title='bbox 756 980 862 1035; x_wconf 88' lang='lat' dir='ltr'>Apr.</span> <span class='ocrx_word' id='word_1_131' title='bbox 902 979 948 1023; x_wconf 88' lang='lat' dir='ltr'>in</span> <span class='ocrx_word' id='word_1_132' title='bbox 979 979 1203 1036; x_wconf 90' lang='lat' dir='ltr'>principio</span> <span class='ocrx_word' id='word_1_133' title='bbox 1235 978 1381 1023; x_wconf 90' lang='lat' dir='ltr'>noctis</span> <span class='ocrx_word' id='word_1_134' title='bbox 1428 981 1465 1032; x_wconf 63' lang='grc' dir='ltr'><em>ό</em></span> <span class='ocrx_word' id='word_1_135' title='bbox 1504 977 1741 1024; x_wconf 86' lang='lat' dir='ltr'>videbatur</span> <span class='ocrx_word' id='word_1_136' title='bbox 1760 992 1921 1035; x_wconf 88' lang='lat' dir='ltr'>parum</span> <span class='ocrx_word' id='word_1_137' title='bbox 1937 984 2252 1037; x_wconf 84' lang='lat' dir='ltr'>transgressus</span> <span class='ocrx_word' id='word_1_138' title='bbox 2274 992 2371 1025; x_wconf 87' lang='lat' dir='ltr'>rec-</span> 
     </span>
    </p>
   </div>
   <div class='ocr_carea' id='block_1_6' title="bbox 24 1035 1575 1100">
    <p class='ocr_par' dir='ltr' id='par_1_7' title="bbox 24 1035 1575 1100">
     <span class='ocr_line' id='line_1_13' title="bbox 24 1035 1575 1100; baseline 0.002 -13"><span class='ocrx_word' id='word_1_139' title='bbox 24 1035 27 1037; x_wconf 32' lang='lat'><em>*</em></span> <span class='ocrx_word' id='word_1_140' title='bbox 107 1046 201 1087; x_wconf 83' lang='lat' dir='ltr'>tam</span> <span class='ocrx_word' id='word_1_141' title='bbox 230 1041 417 1096; x_wconf 88' lang='lat' dir='ltr'>lineam,</span> <span class='ocrx_word' id='word_1_142' title='bbox 448 1043 495 1090; x_wconf 88' lang='lat' dir='ltr'>in</span> <span class='ocrx_word' id='word_1_143' title='bbox 526 1057 618 1099; x_wconf 85' lang='lat' dir='ltr'>qua</span> <span class='ocrx_word' id='word_1_144' title='bbox 647 1043 831 1088; x_wconf 84' lang='lat' dir='ltr'>suerunt</span> <span class='ocrx_word' id='word_1_145' title='bbox 861 1043 918 1100; x_wconf 73' lang='grc'><strong>7-1-</strong></span> <span class='ocrx_word' id='word_1_146' title='bbox 949 1050 995 1097; x_wconf 84' lang='lat' dir='ltr'>et</span> <span class='ocrx_word' id='word_1_147' title='bbox 1025 1044 1170 1089; x_wconf 85' lang='lat' dir='ltr'>cauda</span> <span class='ocrx_word' id='word_1_148' title='bbox 1201 1044 1346 1089; x_wconf 87' lang='lat' dir='ltr'>Ursae</span> <span class='ocrx_word' id='word_1_149' title='bbox 1375 1044 1575 1090; x_wconf 89' lang='lat' dir='ltr'>minoris.</span> 
     </span>
    </p>
   </div>
   <div class='ocr_carea' id='block_1_7' title="bbox 85 1103 2429 1538">
    <p class='ocr_par' dir='ltr' id='par_1_8' title="bbox 85 1103 2429 1538">
     <span class='ocr_line' id='line_1_14' title="bbox 252 1103 2372 1175; baseline 0.004 -22"><span class='ocrx_word' id='word_1_150' title='bbox 252 1103 408 1155; x_wconf 88' lang='lat' dir='ltr'>Stella</span> <span class='ocrx_word' id='word_1_151' title='bbox 457 1121 502 1154; x_wconf 91' lang='lat' dir='ltr'>a.</span> <span class='ocrx_word' id='word_1_152' title='bbox 560 1107 698 1155; x_wconf 89' lang='lat'>1600</span> <span class='ocrx_word' id='word_1_153' title='bbox 750 1108 945 1168; x_wconf 88' lang='lat' dir='ltr'>ponitur</span> <span class='ocrx_word' id='word_1_154' title='bbox 991 1108 1039 1154; x_wconf 90' lang='lat' dir='ltr'>in</span> <span class='ocrx_word' id='word_1_155' title='bbox 1091 1107 1147 1155; x_wconf 88' lang='lat'>3⁰</span> <span class='ocrx_word' id='word_1_156' title='bbox 1190 1104 1275 1155; x_wconf 80' lang='lat'>23¹</span> <span class='ocrx_word' id='word_1_157' title='bbox 1327 1104 1424 1174; x_wconf 58' lang='grc' dir='ltr'>ὓ,</span> <span class='ocrx_word' id='word_1_158' title='bbox 1482 1122 1596 1171; x_wconf 89' lang='lat' dir='ltr'>ergo</span> <span class='ocrx_word' id='word_1_159' title='bbox 1643 1107 1739 1158; x_wconf 89' lang='lat' dir='ltr'>hoc</span> <span class='ocrx_word' id='word_1_160' title='bbox 1785 1122 1911 1158; x_wconf 88' lang='lat' dir='ltr'>anno</span> <span class='ocrx_word' id='word_1_161' title='bbox 1962 1109 2013 1156; x_wconf 89' lang='lat' dir='ltr'>in</span> <span class='ocrx_word' id='word_1_162' title='bbox 2069 1106 2123 1157; x_wconf 92' lang='grc'>10</span> <span class='ocrx_word' id='word_1_163' title='bbox 2164 1110 2247 1157; x_wconf 82' lang='grc' dir='ltr'>3Ο’</span> <span class='ocrx_word' id='word_1_164' title='bbox 2287 1105 2372 1175; x_wconf 58' lang='lat'>⁶3³·</span> 
     </span>
     <span class='ocr_line' id='line_1_15' title="bbox 85 1176 2370 1248; baseline 0.003 -23"><span class='ocrx_word' id='word_1_165' title='bbox 85 1176 362 1226; x_wconf 70' lang='lat' dir='ltr'>&#39;Consentit</span> <span class='ocrx_word' id='word_1_166' title='bbox 398 1177 626 1228; x_wconf 89' lang='lat' dir='ltr'>hocloco</span> <span class='ocrx_word' id='word_1_167' title='bbox 664 1178 881 1229; x_wconf 87' lang='lat' dir='ltr'>calculus</span> <span class='ocrx_word' id='word_1_168' title='bbox 924 1186 961 1236; x_wconf 67' lang='grc' dir='ltr'>(ς</span> <span class='ocrx_word' id='word_1_169' title='bbox 1019 1180 1307 1242; x_wconf 87' lang='lat' dir='ltr'>observatis,</span> <span class='ocrx_word' id='word_1_170' title='bbox 1347 1182 1432 1243; x_wconf 87' lang='lat' dir='ltr'>qui</span> <span class='ocrx_word' id='word_1_171' title='bbox 1461 1179 1620 1244; x_wconf 85' lang='lat' dir='ltr'><strong>prodit</strong></span> <span class='ocrx_word' id='word_1_172' title='bbox 1653 1181 1760 1244; x_wconf 87' lang='lat' dir='ltr'>ejus</span> <span class='ocrx_word' id='word_1_173' title='bbox 1784 1181 1946 1231; x_wconf 88' lang='lat' dir='ltr'>locum</span> <span class='ocrx_word' id='word_1_174' title='bbox 1975 1177 2069 1231; x_wconf 87' lang='grc'>290</span> <span class='ocrx_word' id='word_1_175' title='bbox 2098 1177 2258 1248; x_wconf 73' lang='lat' dir='ltr'>25¹l2‘</span> <span class='ocrx_word' id='word_1_176' title='bbox 2287 1183 2370 1242; x_wconf 87' lang='grc' dir='ltr'>Π,</span> 
     </span>
     <span class='ocr_line' id='line_1_16' title="bbox 107 1247 2375 1319; baseline 0.002 -21"><span class='ocrx_word' id='word_1_177' title='bbox 107 1249 194 1299; x_wconf 88' lang='lat' dir='ltr'>lat.</span> <span class='ocrx_word' id='word_1_178' title='bbox 239 1247 294 1297; x_wconf 92' lang='grc'>10</span> <span class='ocrx_word' id='word_1_179' title='bbox 338 1251 419 1298; x_wconf 78' lang='grc'>15’</span> <span class='ocrx_word' id='word_1_180' title='bbox 456 1251 590 1312; x_wconf 90' lang='lat' dir='ltr'>bor.‚</span> <span class='ocrx_word' id='word_1_181' title='bbox 651 1247 709 1319; x_wconf 66' lang='grc' dir='ltr'>Ἡ,</span> <span class='ocrx_word' id='word_1_182' title='bbox 753 1253 1098 1302; x_wconf 61' lang='grc' dir='ltr'>νοτοταῐίοηθ</span> <span class='ocrx_word' id='word_1_183' title='bbox 1136 1255 1390 1303; x_wconf 86' lang='lat' dir='ltr'>eccentrici</span> <span class='ocrx_word' id='word_1_184' title='bbox 1427 1253 1518 1302; x_wconf 84' lang='lat' dir='ltr'>fuit</span> <span class='ocrx_word' id='word_1_185' title='bbox 1555 1254 1706 1318; x_wconf 77' lang='lat' dir='ltr'>paulo</span> <span class='ocrx_word' id='word_1_186' title='bbox 1749 1253 1879 1305; x_wconf 89' lang='lat' dir='ltr'>ultra</span> <span class='ocrx_word' id='word_1_187' title='bbox 1916 1254 2118 1304; x_wconf 90' lang='lat' dir='ltr'>limitem</span> <span class='ocrx_word' id='word_1_188' title='bbox 2157 1255 2375 1313; x_wconf 91' lang='lat' dir='ltr'>boreum,</span> 
     </span>
     <span class='ocr_line' id='line_1_17' title="bbox 108 1322 2376 1394; baseline 0.002 -25"><span class='ocrx_word' id='word_1_189' title='bbox 108 1324 276 1386; x_wconf 90' lang='lat' dir='ltr'>itaque</span> <span class='ocrx_word' id='word_1_190' title='bbox 315 1323 421 1385; x_wconf 88' lang='lat' dir='ltr'>ejus</span> <span class='ocrx_word' id='word_1_191' title='bbox 459 1322 668 1373; x_wconf 88' lang='lat' dir='ltr'>latitudo</span> <span class='ocrx_word' id='word_1_192' title='bbox 710 1331 1022 1388; x_wconf 88' lang='lat' dir='ltr'>computatur</span> <span class='ocrx_word' id='word_1_193' title='bbox 1066 1324 1121 1374; x_wconf 92' lang='grc'>10</span> <span class='ocrx_word' id='word_1_194' title='bbox 1158 1322 1318 1394; x_wconf 66' lang='lat' dir='ltr'><strong><em>32¹s2‘</em></strong></span> <span class='ocrx_word' id='word_1_195' title='bbox 1356 1327 1477 1388; x_wconf 67' lang='lat' dir='ltr'>bon,</span> <span class='ocrx_word' id='word_1_196' title='bbox 1516 1326 1651 1376; x_wconf 88' lang='lat' dir='ltr'>Mars</span> <span class='ocrx_word' id='word_1_197' title='bbox 1690 1328 1839 1391; x_wconf 88' lang='lat' dir='ltr'>igitur</span> <span class='ocrx_word' id='word_1_198' title='bbox 1877 1334 1979 1378; x_wconf 88' lang='lat' dir='ltr'>erat</span> <span class='ocrx_word' id='word_1_199' title='bbox 2015 1327 2376 1378; x_wconf 88' lang='lat' dir='ltr'>meridionalior</span> 
     </span>
     <span class='ocr_line' id='line_1_18' title="bbox 109 1393 2375 1465; baseline 0.003 -21"><span class='ocrx_word' id='word_1_200' title='bbox 109 1394 241 1444; x_wconf 83' lang='lat' dir='ltr'>Jove</span> <span class='ocrx_word' id='word_1_201' title='bbox 281 1396 401 1445; x_wconf 91' lang='lat' dir='ltr'>solis</span> <span class='ocrx_word' id='word_1_202' title='bbox 446 1393 611 1464; x_wconf 78' lang='lat' dir='ltr'>1⁷¹s·z¹·</span> <span class='ocrx_word' id='word_1_203' title='bbox 686 1397 860 1461; x_wconf 88' lang='lat' dir='ltr'>Itaque</span> <span class='ocrx_word' id='word_1_204' title='bbox 906 1398 1050 1448; x_wconf 85' lang='lat' dir='ltr'>facile</span> <span class='ocrx_word' id='word_1_205' title='bbox 1089 1401 1294 1463; x_wconf 67' lang='lat' dir='ltr'>agnosci,</span> <span class='ocrx_word' id='word_1_206' title='bbox 1327 1402 1488 1462; x_wconf 89' lang='lat' dir='ltr'>potuit</span> <span class='ocrx_word' id='word_1_207' title='bbox 1538 1399 1620 1450; x_wconf 89' lang='lat' dir='ltr'>vel</span> <span class='ocrx_word' id='word_1_208' title='bbox 1656 1402 1857 1452; x_wconf 89' lang='lat' dir='ltr'>minima</span> <span class='ocrx_word' id='word_1_209' title='bbox 1898 1400 2235 1465; x_wconf 75' lang='lat' dir='ltr'>transgressio.</span> <span class='ocrx_word' id='word_1_210' title='bbox 2312 1401 2375 1450; x_wconf 88' lang='lat' dir='ltr'>Et</span> 
     </span>
     <span class='ocr_line' id='line_1_19' title="bbox 108 1468 2429 1538; baseline 0.003 -22"><span class='ocrx_word' id='word_1_211' title='bbox 108 1470 225 1531; x_wconf 89' lang='lat' dir='ltr'>quia</span> <span class='ocrx_word' id='word_1_212' title='bbox 261 1468 394 1518; x_wconf 89' lang='lat' dir='ltr'>linea</span> <span class='ocrx_word' id='word_1_213' title='bbox 430 1484 601 1519; x_wconf 89' lang='lat' dir='ltr'>versus</span> <span class='ocrx_word' id='word_1_214' title='bbox 655 1478 692 1526; x_wconf 62' lang='grc' dir='ltr'>(ς</span> <span class='ocrx_word' id='word_1_215' title='bbox 746 1472 983 1535; x_wconf 86' lang='lat' dir='ltr'>vergebat</span> <span class='ocrx_word' id='word_1_216' title='bbox 1038 1474 1087 1520; x_wconf 91' lang='lat' dir='ltr'>in</span> <span class='ocrx_word' id='word_1_217' title='bbox 1126 1472 1494 1535; x_wconf 84' lang='lat' dir='ltr'>antecedentia,</span> <span class='ocrx_word' id='word_1_218' title='bbox 1545 1488 1696 1536; x_wconf 85' lang='lat' dir='ltr'>quare</span> <span class='ocrx_word' id='word_1_219' title='bbox 1751 1481 1788 1531; x_wconf 66' lang='grc' dir='ltr'>(ς</span> <span class='ocrx_word' id='word_1_220' title='bbox 1843 1476 1892 1523; x_wconf 92' lang='lat' dir='ltr'>in</span> <span class='ocrx_word' id='word_1_221' title='bbox 1941 1476 2051 1538; x_wconf 88' lang='lat' dir='ltr'>ipsa</span> <span class='ocrx_word' id='word_1_222' title='bbox 2089 1485 2149 1530; x_wconf 61' lang='lat'>0²</span> <span class='ocrx_word' id='word_1_223' title='bbox 2197 1488 2375 1523; x_wconf 86' lang='lat' dir='ltr'>secun·</span> <span class='ocrx_word' id='word_1_224' title='bbox 2423 1492 2429 1498; x_wconf 88' lang='lat'><em>·</em></span> 
     </span>
    </p>
   </div>
   <div class='ocr_carea' id='block_1_8' title="bbox 107 1541 2370 1665">
    <p class='ocr_par' dir='ltr' id='par_1_9' title="bbox 107 1541 2370 1665">
     <span class='ocr_line' id='line_1_20' title="bbox 109 1541 2370 1615; baseline 0.004 -26"><span class='ocrx_word' id='word_1_225' title='bbox 109 1541 223 1589; x_wconf 90' lang='lat' dir='ltr'>dum</span> <span class='ocrx_word' id='word_1_226' title='bbox 259 1542 617 1606; x_wconf 85' lang='lat' dir='ltr'>longitudinem</span> <span class='ocrx_word' id='word_1_227' title='bbox 659 1543 762 1606; x_wconf 90' lang='lat' dir='ltr'>jam</span> <span class='ocrx_word' id='word_1_228' title='bbox 810 1551 1142 1607; x_wconf 87' lang='lat' dir='ltr'>transgressus</span> <span class='ocrx_word' id='word_1_229' title='bbox 1193 1552 1334 1595; x_wconf 89' lang='lat' dir='ltr'>erat.·</span> <span class='ocrx_word' id='word_1_230' title='bbox 1389 1546 1630 1610; x_wconf 87' lang='lat' dir='ltr'>Computo</span> <span class='ocrx_word' id='word_1_231' title='bbox 1679 1546 1842 1597; x_wconf 90' lang='lat' dir='ltr'>locum</span> <span class='ocrx_word' id='word_1_232' title='bbox 1887 1544 1946 1615; x_wconf 68' lang='grc' dir='ltr'>Ἡ.</span> <span class='ocrx_word' id='word_1_233' title='bbox 1991 1545 2087 1597; x_wconf 89' lang='grc'>290</span> <span class='ocrx_word' id='word_1_234' title='bbox 2126 1545 2261 1614; x_wconf 59' lang='grc'><strong>24213</strong></span> <span class='ocrx_word' id='word_1_235' title='bbox 2305 1549 2370 1608; x_wconf 88' lang='grc' dir='ltr'>Π</span> 
     </span>
     <span class='ocr_line' id='line_1_21' title="bbox 107 1617 432 1665; baseline 0.003 -1"><span class='ocrx_word' id='word_1_236' title='bbox 107 1617 432 1665; x_wconf 85' lang='lat' dir='ltr'>exactissime.</span> 
     </span>
    </p>
   </div>
   <div class='ocr_carea' id='block_1_9' title="bbox 99 1706 2377 2032">
    <p class='ocr_par' dir='ltr' id='par_1_10' title="bbox 99 1706 2377 2032">
     <span class='ocr_line' id='line_1_22' title="bbox 242 1706 2374 1766; baseline 0.003 -17"><span class='ocrx_word' id='word_1_237' title='bbox 242 1706 374 1750; x_wconf 89' lang='lat' dir='ltr'>Anno</span> <span class='ocrx_word' id='word_1_238' title='bbox 394 1707 522 1764; x_wconf 66' lang='lat'><strong>1:168,</strong></span> <span class='ocrx_word' id='word_1_239' title='bbox 543 1708 615 1753; x_wconf 91' lang='lat' dir='ltr'>die</span> <span class='ocrx_word' id='word_1_240' title='bbox 630 1709 879 1766; x_wconf 89' lang='lat' dir='ltr'>penultima</span> <span class='ocrx_word' id='word_1_241' title='bbox 895 1709 1062 1766; x_wconf 85' lang='lat' dir='ltr'>Aprilis</span> <span class='ocrx_word' id='word_1_242' title='bbox 1078 1709 1272 1766; x_wconf 90' lang='lat' dir='ltr'>Jupiter,</span> <span class='ocrx_word' id='word_1_243' title='bbox 1290 1710 1414 1753; x_wconf 85' lang='lat' dir='ltr'>Mars</span> <span class='ocrx_word' id='word_1_244' title='bbox 1433 1714 1478 1756; x_wconf 92' lang='lat' dir='ltr'>et</span> <span class='ocrx_word' id='word_1_245' title='bbox 1493 1708 1715 1766; x_wconf 85' lang='lat' dir='ltr'>quaedam</span> <span class='ocrx_word' id='word_1_246' title='bbox 1731 1709 1864 1755; x_wconf 86' lang='lat' dir='ltr'>stella</span> <span class='ocrx_word' id='word_1_247' title='bbox 1881 1710 1973 1755; x_wconf 83' lang='lat' dir='ltr'>fixa</span> <span class='ocrx_word' id='word_1_248' title='bbox 1989 1709 2163 1755; x_wconf 89' lang='lat' dir='ltr'>decima</span> <span class='ocrx_word' id='word_1_249' title='bbox 2179 1717 2238 1763; x_wconf 83' lang='grc' dir='ltr'>Π</span> <span class='ocrx_word' id='word_1_250' title='bbox 2253 1711 2374 1755; x_wconf 86' lang='lat' dir='ltr'>vide·</span> 
     </span>
     <span class='ocr_line' id='line_1_23' title="bbox 105 1770 2374 1836; baseline 0.002 -22"><span class='ocrx_word' id='word_1_251' title='bbox 105 1770 272 1815; x_wconf 77' lang='lat' dir='ltr'>bantur</span> <span class='ocrx_word' id='word_1_252' title='bbox 292 1771 422 1827; x_wconf 89' lang='lat' dir='ltr'>quasi</span> <span class='ocrx_word' id='word_1_253' title='bbox 440 1772 486 1816; x_wconf 93' lang='lat' dir='ltr'>in</span> <span class='ocrx_word' id='word_1_254' title='bbox 507 1787 598 1819; x_wconf 89' lang='lat' dir='ltr'>una</span> <span class='ocrx_word' id='word_1_255' title='bbox 618 1780 743 1819; x_wconf 88' lang='lat' dir='ltr'>recta</span> <span class='ocrx_word' id='word_1_256' title='bbox 763 1775 883 1820; x_wconf 92' lang='lat' dir='ltr'>linea</span> <span class='ocrx_word' id='word_1_257' title='bbox 913 1789 1015 1820; x_wconf 89' lang='lat' dir='ltr'>cum</span> <span class='ocrx_word' id='word_1_258' title='bbox 1037 1775 1186 1832; x_wconf 88' lang='lat' dir='ltr'>capite</span> <span class='ocrx_word' id='word_1_259' title='bbox 1206 1783 1264 1828; x_wconf 85' lang='grc' dir='ltr'>Π</span> <span class='ocrx_word' id='word_1_260' title='bbox 1295 1776 1593 1823; x_wconf 85' lang='lat' dir='ltr'>antecedente</span> <span class='ocrx_word' id='word_1_261' title='bbox 1623 1775 1980 1836; x_wconf 82' lang='lat' dir='ltr'>septentrionali,</span> <span class='ocrx_word' id='word_1_262' title='bbox 2013 1776 2146 1821; x_wconf 85' lang='lat' dir='ltr'>stella</span> <span class='ocrx_word' id='word_1_263' title='bbox 2162 1776 2255 1821; x_wconf 88' lang='lat' dir='ltr'>fixa</span> <span class='ocrx_word' id='word_1_264' title='bbox 2271 1789 2374 1832; x_wconf 89' lang='lat' dir='ltr'>pro-</span> 
     </span>
     <span class='ocr_line' id='line_1_24' title="bbox 105 1835 2377 1899; baseline 0.002 -19"><span class='ocrx_word' id='word_1_265' title='bbox 105 1835 287 1881; x_wconf 89' lang='lat' dir='ltr'>fundior</span> <span class='ocrx_word' id='word_1_266' title='bbox 316 1837 363 1881; x_wconf 90' lang='lat' dir='ltr'>in</span> <span class='ocrx_word' id='word_1_267' title='bbox 392 1837 578 1883; x_wconf 88' lang='lat' dir='ltr'>zodiaco</span> <span class='ocrx_word' id='word_1_268' title='bbox 611 1853 745 1896; x_wconf 88' lang='lat' dir='ltr'>quam</span> <span class='ocrx_word' id='word_1_269' title='bbox 765 1840 891 1885; x_wconf 91' lang='lat' dir='ltr'>Mars</span> <span class='ocrx_word' id='word_1_270' title='bbox 924 1845 969 1884; x_wconf 90' lang='lat' dir='ltr'>et</span> <span class='ocrx_word' id='word_1_271' title='bbox 987 1840 1111 1884; x_wconf 90' lang='lat' dir='ltr'>Mars</span> <span class='ocrx_word' id='word_1_272' title='bbox 1144 1841 1410 1896; x_wconf 84' lang='lat' dir='ltr'>profundior</span> <span class='ocrx_word' id='word_1_273' title='bbox 1440 1855 1576 1898; x_wconf 88' lang='lat' dir='ltr'>quam</span> <span class='ocrx_word' id='word_1_274' title='bbox 1595 1842 1791 1899; x_wconf 86' lang='lat' dir='ltr'>Jupiter.</span> <span class='ocrx_word' id='word_1_275' title='bbox 1853 1841 2082 1886; x_wconf 84' lang='lat' dir='ltr'>Distantia</span> <span class='ocrx_word' id='word_1_276' title='bbox 2101 1843 2221 1887; x_wconf 87' lang='lat' dir='ltr'>inter</span> <span class='ocrx_word' id='word_1_277' title='bbox 2242 1840 2298 1897; x_wconf 74' lang='lat'>2}-</span> <span class='ocrx_word' id='word_1_278' title='bbox 2330 1845 2377 1884; x_wconf 87' lang='lat' dir='ltr'>et</span> 
     </span>
     <span class='ocr_line' id='line_1_25' title="bbox 99 1902 2376 1962; baseline 0.002 -15"><span class='ocrx_word' id='word_1_279' title='bbox 99 1907 161 1955; x_wconf 64' lang='grc' dir='ltr'>’ό</span> <span class='ocrx_word' id='word_1_280' title='bbox 198 1902 435 1948; x_wconf 88' lang='lat' dir='ltr'>videbatur</span> <span class='ocrx_word' id='word_1_281' title='bbox 466 1906 596 1959; x_wconf 90' lang='lat' dir='ltr'>quasi</span> <span class='ocrx_word' id='word_1_282' title='bbox 627 1906 918 1962; x_wconf 84' lang='lat' dir='ltr'>sesquitertia</span> <span class='ocrx_word' id='word_1_283' title='bbox 955 1906 1013 1950; x_wconf 90' lang='lat' dir='ltr'>ad</span> <span class='ocrx_word' id='word_1_284' title='bbox 1061 1906 1324 1952; x_wconf 89' lang='lat' dir='ltr'>distantiam</span> <span class='ocrx_word' id='word_1_285' title='bbox 1361 1906 1481 1951; x_wconf 89' lang='lat' dir='ltr'>inter</span> <span class='ocrx_word' id='word_1_286' title='bbox 1509 1907 1704 1954; x_wconf 86' lang='lat' dir='ltr'>Martem</span> <span class='ocrx_word' id='word_1_287' title='bbox 1746 1912 1792 1954; x_wconf 86' lang='lat' dir='ltr'>et</span> <span class='ocrx_word' id='word_1_288' title='bbox 1831 1906 2008 1954; x_wconf 87' lang='lat' dir='ltr'>stellam</span> <span class='ocrx_word' id='word_1_289' title='bbox 2039 1908 2190 1954; x_wconf 76' lang='lat' dir='ltr'>fixam.</span> <span class='ocrx_word' id='word_1_290' title='bbox 2250 1907 2376 1952; x_wconf 85' lang='lat' dir='ltr'>Mars</span> 
     </span>
     <span class='ocr_line' id='line_1_26' title="bbox 108 1970 1589 2032; baseline -0.001 -12"><span class='ocrx_word' id='word_1_291' title='bbox 108 1974 241 2021; x_wconf 89' lang='lat' dir='ltr'>valde</span> <span class='ocrx_word' id='word_1_292' title='bbox 262 1987 424 2032; x_wconf 85' lang='lat' dir='ltr'>parum</span> <span class='ocrx_word' id='word_1_293' title='bbox 453 1973 645 2019; x_wconf 85' lang='lat' dir='ltr'>recessit</span> <span class='ocrx_word' id='word_1_294' title='bbox 674 1985 702 2016; x_wconf 87' lang='lat' dir='ltr'>a</span> <span class='ocrx_word' id='word_1_295' title='bbox 729 1970 1002 2017; x_wconf 88' lang='lat' dir='ltr'>rectitudine</span> <span class='ocrx_word' id='word_1_296' title='bbox 1032 1984 1189 2017; x_wconf 88' lang='lat' dir='ltr'>versus</span> <span class='ocrx_word' id='word_1_297' title='bbox 1220 1972 1589 2028; x_wconf 88' lang='lat' dir='ltr'>septentrionem.</span> 
     </span>
    </p>
   </div>
   <div class='ocr_carea' id='block_1_10' title="bbox 109 2055 2376 2486">
    <p class='ocr_par' dir='ltr' id='par_1_11' title="bbox 109 2055 2376 2486">
     <span class='ocr_line' id='line_1_27' title="bbox 252 2055 2367 2118; baseline -0.001 -10"><span class='ocrx_word' id='word_1_298' title='bbox 252 2060 349 2109; x_wconf 90' lang='lat' dir='ltr'>Hic</span> <span class='ocrx_word' id='word_1_299' title='bbox 382 2059 524 2116; x_wconf 81' lang='lat' dir='ltr'>locus</span> <span class='ocrx_word' id='word_1_300' title='bbox 550 2058 723 2106; x_wconf 88' lang='lat' dir='ltr'>Martis</span> <span class='ocrx_word' id='word_1_301' title='bbox 761 2055 902 2104; x_wconf 89' lang='lat' dir='ltr'>datur</span> <span class='ocrx_word' id='word_1_302' title='bbox 927 2056 1124 2118; x_wconf 86' lang='lat' dir='ltr'>gemina</span> <span class='ocrx_word' id='word_1_303' title='bbox 1149 2057 1245 2105; x_wconf 88' lang='lat' dir='ltr'>via.</span> <span class='ocrx_word' id='word_1_304' title='bbox 1303 2055 1518 2105; x_wconf 88' lang='lat' dir='ltr'>Primum</span> <span class='ocrx_word' id='word_1_305' title='bbox 1545 2057 1671 2106; x_wconf 90' lang='lat' dir='ltr'>enim</span> <span class='ocrx_word' id='word_1_306' title='bbox 1700 2056 1899 2106; x_wconf 87' lang='lat' dir='ltr'>diurnus</span> <span class='ocrx_word' id='word_1_307' title='bbox 1937 2058 2031 2107; x_wconf 91' lang='lat' dir='ltr'>hoc</span> <span class='ocrx_word' id='word_1_308' title='bbox 2058 2060 2154 2108; x_wconf 90' lang='lat' dir='ltr'>situ</span> <span class='ocrx_word' id='word_1_309' title='bbox 2181 2065 2255 2108; x_wconf 88' lang='lat' dir='ltr'>est</span> <span class='ocrx_word' id='word_1_310' title='bbox 2282 2061 2367 2107; x_wconf 83' lang='lat'>37.</span> 
     </span>
     <span class='ocr_line' id='line_1_28' title="bbox 110 2125 2369 2198; baseline -0.001 -16"><span class='ocrx_word' id='word_1_311' title='bbox 110 2134 239 2197; x_wconf 83' lang='lat' dir='ltr'>Ergo</span> <span class='ocrx_word' id='word_1_312' title='bbox 295 2140 332 2190; x_wconf 68' lang='lat' dir='ltr'>c!</span> <span class='ocrx_word' id='word_1_313' title='bbox 402 2148 463 2182; x_wconf 85' lang='lat' dir='ltr'>ex</span> <span class='ocrx_word' id='word_1_314' title='bbox 517 2130 707 2181; x_wconf 87' lang='lat' dir='ltr'>calculo</span> <span class='ocrx_word' id='word_1_315' title='bbox 762 2128 857 2178; x_wconf 87' lang='lat' dir='ltr'>diei</span> <span class='ocrx_word' id='word_1_316' title='bbox 906 2130 989 2177; x_wconf 91' lang='grc'>26.</span> <span class='ocrx_word' id='word_1_317' title='bbox 1043 2131 1208 2178; x_wconf 89' lang='lat' dir='ltr'>veniet</span> <span class='ocrx_word' id='word_1_318' title='bbox 1257 2130 1305 2176; x_wconf 91' lang='lat' dir='ltr'>in</span> <span class='ocrx_word' id='word_1_319' title='bbox 1360 2127 1415 2177; x_wconf 94' lang='grc'>10</span> <span class='ocrx_word' id='word_1_320' title='bbox 1454 2125 1613 2198; x_wconf 73' lang='lat' dir='ltr'>22¹s2¹</span> <span class='ocrx_word' id='word_1_321' title='bbox 1652 2128 1735 2197; x_wconf 57' lang='grc' dir='ltr'><strong>ὓ.</strong></span> <span class='ocrx_word' id='word_1_322' title='bbox 1813 2131 2004 2181; x_wconf 90' lang='lat' dir='ltr'>Deinde</span> <span class='ocrx_word' id='word_1_323' title='bbox 2056 2147 2114 2181; x_wconf 89' lang='lat' dir='ltr'>ex</span> <span class='ocrx_word' id='word_1_324' title='bbox 2163 2135 2192 2180; x_wconf 92' lang='grc'><strong>2</strong></span> <span class='ocrx_word' id='word_1_325' title='bbox 2232 2132 2369 2180; x_wconf 82' lang='lat' dir='ltr'>fixis:</span> 
     </span>
     <span class='ocr_line' id='line_1_29' title="bbox 111 2199 2376 2270; baseline -0.001 -14"><span class='ocrx_word' id='word_1_326' title='bbox 111 2208 272 2270; x_wconf 85' lang='lat' dir='ltr'>capite</span> <span class='ocrx_word' id='word_1_327' title='bbox 313 2207 378 2267; x_wconf 90' lang='grc' dir='ltr'>Π</span> <span class='ocrx_word' id='word_1_328' title='bbox 422 2208 470 2254; x_wconf 92' lang='lat' dir='ltr'>in</span> <span class='ocrx_word' id='word_1_329' title='bbox 516 2202 606 2253; x_wconf 90' lang='grc'>120</span> <span class='ocrx_word' id='word_1_330' title='bbox 634 2202 721 2252; x_wconf 82' lang='lat'>49¹</span> <span class='ocrx_word' id='word_1_331' title='bbox 759 2200 848 2262; x_wconf 39' lang='lat'>6⁸,</span> <span class='ocrx_word' id='word_1_332' title='bbox 890 2217 1035 2266; x_wconf 13' lang='lat' dir='ltr'>genu*</span> <span class='ocrx_word' id='word_1_333' title='bbox 1060 2204 1126 2263; x_wconf 89' lang='grc' dir='ltr'>Π</span> <span class='ocrx_word' id='word_1_334' title='bbox 1164 2204 1212 2249; x_wconf 92' lang='lat' dir='ltr'>in</span> <span class='ocrx_word' id='word_1_335' title='bbox 1255 2201 1313 2250; x_wconf 88' lang='grc'>20</span> <span class='ocrx_word' id='word_1_336' title='bbox 1340 2200 1426 2251; x_wconf 83' lang='lat'>31‘</span> <span class='ocrx_word' id='word_1_337' title='bbox 1453 2199 1536 2269; x_wconf 58' lang='grc' dir='ltr'><strong>ὓ.</strong></span> <span class='ocrx_word' id='word_1_338' title='bbox 1613 2203 1740 2252; x_wconf 89' lang='lat' dir='ltr'>Nam</span> <span class='ocrx_word' id='word_1_339' title='bbox 1778 2204 1826 2251; x_wconf 90' lang='lat' dir='ltr'>in</span> <span class='ocrx_word' id='word_1_340' title='bbox 1854 2203 2165 2254; x_wconf 86' lang='lat' dir='ltr'>Martialibus</span> <span class='ocrx_word' id='word_1_341' title='bbox 2205 2206 2376 2254; x_wconf 89' lang='lat' dir='ltr'>obser-</span> 
     </span>
     <span class='ocr_line' id='line_1_30' title="bbox 109 2275 2373 2342; baseline -0.001 -13"><span class='ocrx_word' id='word_1_342' title='bbox 109 2280 393 2330; x_wconf 79' lang='lat' dir='ltr'>vationibus</span> <span class='ocrx_word' id='word_1_343' title='bbox 432 2279 666 2342; x_wconf 88' lang='lat' dir='ltr'>probavi,</span> <span class='ocrx_word' id='word_1_344' title='bbox 722 2277 766 2325; x_wconf 90' lang='lat' dir='ltr'>si</span> <span class='ocrx_word' id='word_1_345' title='bbox 802 2275 938 2323; x_wconf 88' lang='lat' dir='ltr'>Mars</span> <span class='ocrx_word' id='word_1_346' title='bbox 987 2276 1208 2339; x_wconf 88' lang='lat' dir='ltr'>praecise</span> <span class='ocrx_word' id='word_1_347' title='bbox 1257 2276 1307 2322; x_wconf 89' lang='lat' dir='ltr'>in</span> <span class='ocrx_word' id='word_1_348' title='bbox 1354 2275 1486 2325; x_wconf 88' lang='lat' dir='ltr'>linea</span> <span class='ocrx_word' id='word_1_349' title='bbox 1522 2276 1720 2337; x_wconf 60' lang='lat' dir='ltr'>fuisset,</span> <span class='ocrx_word' id='word_1_350' title='bbox 1775 2275 1936 2326; x_wconf 88' lang='lat' dir='ltr'>locum</span> <span class='ocrx_word' id='word_1_351' title='bbox 1984 2278 2090 2340; x_wconf 79' lang='lat' dir='ltr'>eJus</span> <span class='ocrx_word' id='word_1_352' title='bbox 2138 2293 2248 2327; x_wconf 87' lang='lat' dir='ltr'>cum</span> <span class='ocrx_word' id='word_1_353' title='bbox 2286 2278 2373 2327; x_wconf 91' lang='lat' dir='ltr'>lat.</span> 
     </span>
     <span class='ocr_line' id='line_1_31' title="bbox 114 2346 2364 2418; baseline -0.001 -16"><span class='ocrx_word' id='word_1_354' title='bbox 114 2350 172 2402; x_wconf 87' lang='grc'>10</span> <span class='ocrx_word' id='word_1_355' title='bbox 212 2351 320 2415; x_wconf 85' lang='lat'>15¹,</span> <span class='ocrx_word' id='word_1_356' title='bbox 360 2367 487 2416; x_wconf 85' lang='lat' dir='ltr'>quae</span> <span class='ocrx_word' id='word_1_357' title='bbox 527 2350 730 2400; x_wconf 79' lang='lat' dir='ltr'>die-26.</span> <span class='ocrx_word' id='word_1_358' title='bbox 771 2349 883 2406; x_wconf 85' lang='lat' dir='ltr'>fuit,</span> <span class='ocrx_word' id='word_1_359' title='bbox 933 2348 1150 2407; x_wconf 81' lang='lat' dir='ltr'>futurum</span> <span class='ocrx_word' id='word_1_360' title='bbox 1199 2349 1352 2397; x_wconf 78' lang='lat' dir='ltr'>fuisse</span> <span class='ocrx_word' id='word_1_361' title='bbox 1396 2346 1450 2396; x_wconf 94' lang='grc'>10</span> <span class='ocrx_word' id='word_1_362' title='bbox 1492 2352 1554 2397; x_wconf 82' lang='lat'>17</span> <span class='ocrx_word' id='word_1_363' title='bbox 1567 2346 1649 2418; x_wconf 58' lang='grc' dir='ltr'><em>Ἡ</em></span> <span class='ocrx_word' id='word_1_364' title='bbox 1688 2346 1772 2416; x_wconf 58' lang='grc' dir='ltr'>ὓ</span> <span class='ocrx_word' id='word_1_365' title='bbox 1852 2352 1966 2399; x_wconf 87' lang='lat' dir='ltr'>Fuit</span> <span class='ocrx_word' id='word_1_366' title='bbox 2004 2358 2168 2401; x_wconf 88' lang='lat' dir='ltr'>autem</span> <span class='ocrx_word' id='word_1_367' title='bbox 2213 2350 2364 2414; x_wconf 89' lang='lat' dir='ltr'>paulo</span> 
     </span>
     <span class='ocr_line' id='line_1_32' title="bbox 109 2421 2049 2486; baseline -0.001 -11"><span class='ocrx_word' id='word_1_368' title='bbox 109 2426 254 2475; x_wconf 89' lang='lat' dir='ltr'>altior</span> <span class='ocrx_word' id='word_1_369' title='bbox 291 2427 383 2476; x_wconf 89' lang='lat' dir='ltr'>hac</span> <span class='ocrx_word' id='word_1_370' title='bbox 418 2424 564 2484; x_wconf 87' lang='lat' dir='ltr'>linea,</span> <span class='ocrx_word' id='word_1_371' title='bbox 605 2428 842 2486; x_wconf 90' lang='lat' dir='ltr'>quantum</span> <span class='ocrx_word' id='word_1_372' title='bbox 879 2435 945 2471; x_wconf 91' lang='lat' dir='ltr'>sc.</span> <span class='ocrx_word' id='word_1_373' title='bbox 985 2427 1034 2471; x_wconf 91' lang='lat' dir='ltr'>et</span> <span class='ocrx_word' id='word_1_374' title='bbox 1069 2421 1278 2470; x_wconf 88' lang='lat' dir='ltr'>latitudo</span> <span class='ocrx_word' id='word_1_375' title='bbox 1316 2428 1430 2484; x_wconf 86' lang='lat' dir='ltr'>post</span> <span class='ocrx_word' id='word_1_376' title='bbox 1466 2422 1680 2472; x_wconf 88' lang='lat' dir='ltr'>triduum</span> <span class='ocrx_word' id='word_1_377' title='bbox 1717 2425 1810 2471; x_wconf 82' lang='lat' dir='ltr'>fuit</span> <span class='ocrx_word' id='word_1_378' title='bbox 1848 2426 2049 2475; x_wconf 84' lang='lat' dir='ltr'>auctior.</span> 
     </span>
    </p>
   </div>
   <div class='ocr_carea' id='block_1_11' title="bbox 254 2485 2373 2572">
    <p class='ocr_par' dir='ltr' id='par_1_12' title="bbox 254 2485 2373 2572">
     <span class='ocr_line' id='line_1_33' title="bbox 254 2485 2373 2572; baseline -0.001 -17"><span class='ocrx_word' id='word_1_379' title='bbox 254 2505 372 2555; x_wconf 91' lang='lat' dir='ltr'>Jam</span> <span class='ocrx_word' id='word_1_380' title='bbox 409 2505 559 2554; x_wconf 89' lang='lat' dir='ltr'>etiam</span> <span class='ocrx_word' id='word_1_381' title='bbox 595 2501 732 2551; x_wconf 90' lang='lat' dir='ltr'>locus</span> <span class='ocrx_word' id='word_1_382' title='bbox 765 2497 825 2568; x_wconf 69' lang='grc' dir='ltr'>Ἡ.</span> <span class='ocrx_word' id='word_1_383' title='bbox 866 2501 1094 2572; x_wconf 79' lang='lat' dir='ltr'>babetur:</span> <span class='ocrx_word' id='word_1_384' title='bbox 1137 2507 1240 2549; x_wconf 88' lang='lat' dir='ltr'>erat</span> <span class='ocrx_word' id='word_1_385' title='bbox 1278 2502 1405 2550; x_wconf 88' lang='lat' dir='ltr'>enim</span> <span class='ocrx_word' id='word_1_386' title='bbox 1444 2503 1592 2551; x_wconf 88' lang='lat' dir='ltr'>etiam</span> <span class='ocrx_word' id='word_1_387' title='bbox 1634 2497 1692 2568; x_wconf 55' lang='lat' dir='ltr'>‘Li</span> <span class='ocrx_word' id='word_1_388' title='bbox 1736 2503 1956 2553; x_wconf 87' lang='lat' dir='ltr'>in-linea</span> <span class='ocrx_word' id='word_1_389' title='bbox 1993 2485 2212 2553; x_wconf 78' lang='lat' dir='ltr'>fixarum.</span> <span class='ocrx_word' id='word_1_390' title='bbox 2277 2505 2373 2553; x_wconf 83' lang='lat' dir='ltr'>Sed</span> 
     </span>
    </p>
   </div>
   <div class='ocr_carea' id='block_1_12' title="bbox 113 2574 2469 2642">
    <p class='ocr_par' dir='ltr' id='par_1_13' title="bbox 113 2574 2469 2642">
     <span class='ocr_line' id='line_1_34' title="bbox 113 2574 2469 2642; baseline -0.001 -16"><span class='ocrx_word' id='word_1_391' title='bbox 113 2576 194 2627; x_wconf 90' lang='lat' dir='ltr'>hic</span> <span class='ocrx_word' id='word_1_392' title='bbox 233 2581 366 2642; x_wconf 90' lang='lat' dir='ltr'>prius</span> <span class='ocrx_word' id='word_1_393' title='bbox 407 2574 695 2640; x_wconf 87' lang='lat' dir='ltr'>explicanda</span> <span class='ocrx_word' id='word_1_394' title='bbox 733 2581 846 2623; x_wconf 92' lang='lat' dir='ltr'>sunt</span> <span class='ocrx_word' id='word_1_395' title='bbox 885 2575 1035 2623; x_wconf 86' lang='lat' dir='ltr'>verba</span> <span class='ocrx_word' id='word_1_396' title='bbox 1073 2574 1426 2634; x_wconf 84' lang='lat' dir='ltr'>observatoris,</span> <span class='ocrx_word' id='word_1_397' title='bbox 1473 2590 1534 2624; x_wconf 91' lang='lat' dir='ltr'>ne</span> <span class='ocrx_word' id='word_1_398' title='bbox 1574 2590 1633 2624; x_wconf 88' lang='lat' dir='ltr'>ea</span> <span class='ocrx_word' id='word_1_399' title='bbox 1670 2591 1722 2624; x_wconf 86' lang='lat' dir='ltr'>se</span> <span class='ocrx_word' id='word_1_400' title='bbox 1761 2578 1869 2637; x_wconf 86' lang='lat' dir='ltr'>ipsa</span> <span class='ocrx_word' id='word_1_401' title='bbox 1923 2577 2188 2626; x_wconf 85' lang='lat' dir='ltr'>destruant.</span> <span class='ocrx_word' id='word_1_402' title='bbox 2263 2577 2374 2626; x_wconf 90' lang='lat' dir='ltr'>Non</span> <span class='ocrx_word' id='word_1_403' title='bbox 2466 2613 2469 2624; x_wconf 90' lang='lat'>.</span> 
     </span>
    </p>
   </div>
   <div class='ocr_carea' id='block_1_13' title="bbox 107 2646 2375 3885">
    <p class='ocr_par' dir='ltr' id='par_1_14' title="bbox 107 2646 2375 3885">
     <span class='ocr_line' id='line_1_35' title="bbox 109 2646 2372 2717; baseline -0.001 -17"><span class='ocrx_word' id='word_1_404' title='bbox 109 2658 186 2700; x_wconf 86' lang='lat' dir='ltr'>est</span> <span class='ocrx_word' id='word_1_405' title='bbox 236 2651 317 2701; x_wconf 86' lang='lat' dir='ltr'>hic</span> <span class='ocrx_word' id='word_1_406' title='bbox 361 2665 560 2710; x_wconf 89' lang='lat' dir='ltr'>sensus,</span> <span class='ocrx_word' id='word_1_407' title='bbox 614 2649 754 2711; x_wconf 88' lang='lat' dir='ltr'>quasi</span> <span class='ocrx_word' id='word_1_408' title='bbox 805 2647 935 2696; x_wconf 90' lang='lat' dir='ltr'>linea</span> <span class='ocrx_word' id='word_1_409' title='bbox 988 2646 1134 2696; x_wconf 86' lang='lat' dir='ltr'>ducta</span> <span class='ocrx_word' id='word_1_410' title='bbox 1183 2662 1269 2710; x_wconf 89' lang='lat' dir='ltr'>per</span> <span class='ocrx_word' id='word_1_411' title='bbox 1309 2650 1338 2694; x_wconf 88' lang='grc'><strong>2</strong></span> <span class='ocrx_word' id='word_1_412' title='bbox 1379 2646 1546 2696; x_wconf 85' lang='lat' dir='ltr'>stellas</span> <span class='ocrx_word' id='word_1_413' title='bbox 1599 2649 1743 2703; x_wconf 81' lang='lat' dir='ltr'>fuerit</span> <span class='ocrx_word' id='word_1_414' title='bbox 1782 2651 1926 2697; x_wconf 88' lang='lat' dir='ltr'>ctiam</span> <span class='ocrx_word' id='word_1_415' title='bbox 1980 2649 2126 2699; x_wconf 89' lang='lat' dir='ltr'>ducta</span> <span class='ocrx_word' id='word_1_416' title='bbox 2163 2664 2249 2712; x_wconf 87' lang='lat' dir='ltr'>per</span> <span class='ocrx_word' id='word_1_417' title='bbox 2294 2647 2372 2717; x_wconf 62' lang='grc' dir='ltr'>Ἃ,</span> 
     </span>
     <span class='ocr_line' id='line_1_36' title="bbox 107 2719 2375 2792; baseline -0.001 -18"><span class='ocrx_word' id='word_1_418' title='bbox 107 2727 394 2789; x_wconf 85' lang='lat' dir='ltr'>priusquam</span> <span class='ocrx_word' id='word_1_419' title='bbox 432 2725 619 2773; x_wconf 87' lang='lat' dir='ltr'>veniret</span> <span class='ocrx_word' id='word_1_420' title='bbox 657 2720 720 2770; x_wconf 90' lang='lat' dir='ltr'>ad</span> <span class='ocrx_word' id='word_1_421' title='bbox 775 2727 811 2777; x_wconf 64' lang='grc' dir='ltr'>(ς</span> <span class='ocrx_word' id='word_1_422' title='bbox 834 2756 846 2769; x_wconf 93' lang='grc'><strong>.</strong></span> <span class='ocrx_word' id='word_1_423' title='bbox 922 2720 1047 2769; x_wconf 90' lang='lat' dir='ltr'>Nam</span> <span class='ocrx_word' id='word_1_424' title='bbox 1086 2722 1126 2769; x_wconf 92' lang='lat' dir='ltr'>si</span> <span class='ocrx_word' id='word_1_425' title='bbox 1165 2723 1236 2770; x_wconf 90' lang='lat' dir='ltr'>sic</span> <span class='ocrx_word' id='word_1_426' title='bbox 1262 2719 1655 2792; x_wconf 60' lang='lat' dir='ltr'>intelligeremini,</span> <span class='ocrx_word' id='word_1_427' title='bbox 1698 2721 1833 2769; x_wconf 87' lang='lat' dir='ltr'>fieret</span> <span class='ocrx_word' id='word_1_428' title='bbox 1859 2721 2054 2786; x_wconf 88' lang='lat' dir='ltr'>Jupiter</span> <span class='ocrx_word' id='word_1_429' title='bbox 2092 2723 2375 2772; x_wconf 86' lang='lat' dir='ltr'>orientalior</span> 
     </span>
     <span class='ocr_line' id='line_1_37' title="bbox 110 2792 2375 2864; baseline -0 -17"><span class='ocrx_word' id='word_1_430' title='bbox 110 2797 292 2860; x_wconf 86' lang='lat' dir='ltr'>Marte,</span> <span class='ocrx_word' id='word_1_431' title='bbox 344 2812 453 2848; x_wconf 90' lang='lat' dir='ltr'>cum</span> <span class='ocrx_word' id='word_1_432' title='bbox 500 2803 664 2846; x_wconf 88' lang='lat' dir='ltr'>tamen</span> <span class='ocrx_word' id='word_1_433' title='bbox 711 2802 915 2856; x_wconf 86' lang='lat' dir='ltr'>uterque</span> <span class='ocrx_word' id='word_1_434' title='bbox 967 2794 1175 2843; x_wconf 87' lang='lat' dir='ltr'>directus</span> <span class='ocrx_word' id='word_1_435' title='bbox 1227 2795 1292 2843; x_wconf 90' lang='lat' dir='ltr'>sit</span> <span class='ocrx_word' id='word_1_436' title='bbox 1335 2792 1393 2843; x_wconf 86' lang='lat' dir='ltr'>&#39;et</span> <span class='ocrx_word' id='word_1_437' title='bbox 1429 2793 1564 2864; x_wconf 83' lang='lat' dir='ltr'>Mars</span> <span class='ocrx_word' id='word_1_438' title='bbox 1602 2793 1784 2843; x_wconf 87' lang='lat' dir='ltr'>Jovem</span> <span class='ocrx_word' id='word_1_439' title='bbox 1824 2794 1984 2844; x_wconf 88' lang='lat' dir='ltr'>adhuc</span> <span class='ocrx_word' id='word_1_440' title='bbox 2023 2794 2184 2844; x_wconf 87' lang='lat' dir='ltr'>triduo</span> <span class='ocrx_word' id='word_1_441' title='bbox 2227 2801 2375 2846; x_wconf 85' lang='lat' dir='ltr'>antea</span> 
     </span>
     <span class='ocr_line' id='line_1_38' title="bbox 110 2866 2373 2932; baseline -0.002 -11"><span class='ocrx_word' id='word_1_442' title='bbox 110 2872 402 2921; x_wconf 83' lang='lat' dir='ltr'>transiverit.</span> <span class='ocrx_word' id='word_1_443' title='bbox 464 2870 651 2932; x_wconf 65' lang='lat' dir='ltr'>,Neque</span> <span class='ocrx_word' id='word_1_444' title='bbox 707 2882 802 2917; x_wconf 80' lang='lat' dir='ltr'>vox</span> <span class='ocrx_word' id='word_1_445' title='bbox 855 2866 1200 2930; x_wconf 81' lang='lat' dir='ltr'>„profundior“</span> <span class='ocrx_word' id='word_1_446' title='bbox 1253 2866 1492 2930; x_wconf 88' lang='lat' dir='ltr'>capienda</span> <span class='ocrx_word' id='word_1_447' title='bbox 1543 2876 1615 2916; x_wconf 89' lang='lat' dir='ltr'>est</span> <span class='ocrx_word' id='word_1_448' title='bbox 1665 2867 1724 2916; x_wconf 91' lang='lat' dir='ltr'>de</span> <span class='ocrx_word' id='word_1_449' title='bbox 1773 2866 2031 2918; x_wconf 87' lang='lat' dir='ltr'>latitudine</span> <span class='ocrx_word' id='word_1_450' title='bbox 2081 2869 2373 2931; x_wconf 86' lang='lat' dir='ltr'>australiori‚</span> 
     </span>
     <span class='ocr_line' id='line_1_39' title="bbox 109 2939 2372 3006; baseline -0.001 -13"><span class='ocrx_word' id='word_1_451' title='bbox 109 2960 224 2995; x_wconf 90' lang='lat' dir='ltr'>nam</span> <span class='ocrx_word' id='word_1_452' title='bbox 261 2944 359 2993; x_wconf 86' lang='lat' dir='ltr'>fixa</span> <span class='ocrx_word' id='word_1_453' title='bbox 395 2943 487 2992; x_wconf 80' lang='lat' dir='ltr'>fuit</span> <span class='ocrx_word' id='word_1_454' title='bbox 523 2948 731 3004; x_wconf 89' lang='lat' dir='ltr'>utroque</span> <span class='ocrx_word' id='word_1_455' title='bbox 767 2940 967 3003; x_wconf 90' lang='lat' dir='ltr'>planeta</span> <span class='ocrx_word' id='word_1_456' title='bbox 1004 2940 1454 3005; x_wconf 86' lang='lat' dir='ltr'>septentrionalior,</span> <span class='ocrx_word' id='word_1_457' title='bbox 1507 2939 1594 2990; x_wconf 88' lang='lat' dir='ltr'>sed</span> <span class='ocrx_word' id='word_1_458' title='bbox 1633 2954 1791 3003; x_wconf 87' lang='lat' dir='ltr'>neque</span> <span class='ocrx_word' id='word_1_459' title='bbox 1832 2940 2031 2990; x_wconf 89' lang='lat' dir='ltr'>denotat</span> <span class='ocrx_word' id='word_1_460' title='bbox 2070 2943 2216 2990; x_wconf 88' lang='lat' dir='ltr'>situm</span> <span class='ocrx_word' id='word_1_461' title='bbox 2256 2957 2372 3006; x_wconf 89' lang='lat' dir='ltr'>pro-</span> 
     </span>
     <span class='ocr_line' id='line_1_40' title="bbox 109 3013 2375 3080; baseline -0.001 -13"><span class='ocrx_word' id='word_1_462' title='bbox 109 3017 380 3067; x_wconf 78' lang='lat' dir='ltr'>fundiorem</span> <span class='ocrx_word' id='word_1_463' title='bbox 419 3021 643 3080; x_wconf 89' lang='lat' dir='ltr'>respectu</span> <span class='ocrx_word' id='word_1_464' title='bbox 693 3014 956 3063; x_wconf 88' lang='lat' dir='ltr'>horizontis</span> <span class='ocrx_word' id='word_1_465' title='bbox 1006 3013 1224 3073; x_wconf 87' lang='lat' dir='ltr'>occidui,</span> <span class='ocrx_word' id='word_1_466' title='bbox 1276 3015 1323 3061; x_wconf 93' lang='lat' dir='ltr'>in</span> <span class='ocrx_word' id='word_1_467' title='bbox 1365 3029 1461 3076; x_wconf 91' lang='lat' dir='ltr'>quo</span> <span class='ocrx_word' id='word_1_468' title='bbox 1517 3019 1628 3061; x_wconf 87' lang='lat' dir='ltr'>sunt</span> <span class='ocrx_word' id='word_1_469' title='bbox 1676 3016 1881 3076; x_wconf 88' lang='lat' dir='ltr'>spectati</span> <span class='ocrx_word' id='word_1_470' title='bbox 1923 3015 2176 3079; x_wconf 86' lang='lat' dir='ltr'>planetae,</span> <span class='ocrx_word' id='word_1_471' title='bbox 2233 3017 2375 3078; x_wconf 87' lang='lat' dir='ltr'>quasi</span> 
     </span>
     <span class='ocr_line' id='line_1_41' title="bbox 110 3082 2371 3156; baseline -0 -17"><span class='ocrx_word' id='word_1_472' title='bbox 110 3091 396 3156; x_wconf 79' lang='lat' dir='ltr'>profundior</span> <span class='ocrx_word' id='word_1_473' title='bbox 441 3082 598 3138; x_wconf 74' lang='lat' dir='ltr'>fueritv</span> <span class='ocrx_word' id='word_1_474' title='bbox 634 3088 821 3152; x_wconf 87' lang='lat' dir='ltr'>dictus,</span> <span class='ocrx_word' id='word_1_475' title='bbox 873 3088 956 3149; x_wconf 93' lang='lat' dir='ltr'>qui</span> <span class='ocrx_word' id='word_1_476' title='bbox 1006 3086 1365 3139; x_wconf 86' lang='lat' dir='ltr'>occidentalior.</span> <span class='ocrx_word' id='word_1_477' title='bbox 1440 3087 1565 3135; x_wconf 89' lang='lat' dir='ltr'>Nam</span> <span class='ocrx_word' id='word_1_478' title='bbox 1617 3088 1686 3136; x_wconf 82' lang='lat' dir='ltr'>sic</span> <span class='ocrx_word' id='word_1_479' title='bbox 1734 3086 1877 3135; x_wconf 86' lang='lat' dir='ltr'>stella</span> <span class='ocrx_word' id='word_1_480' title='bbox 1911 3087 2008 3135; x_wconf 86' lang='lat' dir='ltr'>fixa</span> <span class='ocrx_word' id='word_1_481' title='bbox 2060 3102 2371 3152; x_wconf 87' lang='lat' dir='ltr'>nequaquam</span> 
     </span>
     <span class='ocr_line' id='line_1_42' title="bbox 111 3159 2375 3228; baseline -0.001 -14"><span class='ocrx_word' id='word_1_482' title='bbox 111 3165 202 3214; x_wconf 81' lang='lat' dir='ltr'>fuit</span> <span class='ocrx_word' id='word_1_483' title='bbox 240 3162 551 3228; x_wconf 79' lang='lat' dir='ltr'>profundior,</span> <span class='ocrx_word' id='word_1_484' title='bbox 592 3161 679 3211; x_wconf 88' lang='lat' dir='ltr'>sed</span> <span class='ocrx_word' id='word_1_485' title='bbox 717 3160 872 3209; x_wconf 86' lang='lat' dir='ltr'>altior.</span> <span class='ocrx_word' id='word_1_486' title='bbox 954 3161 1112 3210; x_wconf 90' lang='lat' dir='ltr'>Verus</span> <span class='ocrx_word' id='word_1_487' title='bbox 1151 3174 1265 3223; x_wconf 87' lang='lat' dir='ltr'>ergo</span> <span class='ocrx_word' id='word_1_488' title='bbox 1304 3175 1476 3209; x_wconf 88' lang='lat' dir='ltr'>sensus</span> <span class='ocrx_word' id='word_1_489' title='bbox 1517 3160 1651 3208; x_wconf 86' lang='lat' dir='ltr'>vocis</span> <span class='ocrx_word' id='word_1_490' title='bbox 1687 3159 1969 3222; x_wconf 86' lang='lat' dir='ltr'>profundior</span> <span class='ocrx_word' id='word_1_491' title='bbox 1995 3168 2070 3210; x_wconf 90' lang='lat' dir='ltr'>est</span> <span class='ocrx_word' id='word_1_492' title='bbox 2096 3163 2200 3222; x_wconf 89' lang='lat' dir='ltr'>iste,</span> <span class='ocrx_word' id='word_1_493' title='bbox 2243 3161 2375 3225; x_wconf 90' lang='lat' dir='ltr'>quod</span> 
     </span>
     <span class='ocr_line' id='line_1_43' title="bbox 113 3232 2374 3300; baseline -0.001 -14"><span class='ocrx_word' id='word_1_494' title='bbox 113 3237 214 3286; x_wconf 87' lang='lat' dir='ltr'>fixa</span> <span class='ocrx_word' id='word_1_495' title='bbox 251 3238 394 3286; x_wconf 78' lang='lat' dir='ltr'>fuerit</span> <span class='ocrx_word' id='word_1_496' title='bbox 440 3236 706 3300; x_wconf 88' lang='lat' dir='ltr'>promotior</span> <span class='ocrx_word' id='word_1_497' title='bbox 757 3235 804 3281; x_wconf 92' lang='lat' dir='ltr'>in</span> <span class='ocrx_word' id='word_1_498' title='bbox 845 3234 1081 3283; x_wconf 89' lang='lat' dir='ltr'>orientem</span> <span class='ocrx_word' id='word_1_499' title='bbox 1133 3239 1182 3283; x_wconf 88' lang='lat' dir='ltr'>et</span> <span class='ocrx_word' id='word_1_500' title='bbox 1227 3236 1275 3281; x_wconf 91' lang='lat' dir='ltr'>in</span> <span class='ocrx_word' id='word_1_501' title='bbox 1327 3232 1547 3296; x_wconf 87' lang='lat' dir='ltr'>pluribus</span> <span class='ocrx_word' id='word_1_502' title='bbox 1586 3233 1934 3282; x_wconf 84' lang='lat' dir='ltr'>numerationis</span> <span class='ocrx_word' id='word_1_503' title='bbox 1986 3233 2245 3298; x_wconf 85' lang='lat' dir='ltr'>gradibus,</span> <span class='ocrx_word' id='word_1_504' title='bbox 2304 3237 2374 3284; x_wconf 87' lang='lat' dir='ltr'>sic</span> 
     </span>
     <span class='ocr_line' id='line_1_44' title="bbox 112 3304 2372 3370; baseline -0.001 -10"><span class='ocrx_word' id='word_1_505' title='bbox 112 3313 261 3360; x_wconf 86' lang='lat' dir='ltr'>etiam</span> <span class='ocrx_word' id='word_1_506' title='bbox 297 3309 431 3359; x_wconf 84' lang='lat' dir='ltr'>Mars</span> <span class='ocrx_word' id='word_1_507' title='bbox 468 3308 601 3358; x_wconf 90' lang='lat' dir='ltr'>Jove</span> <span class='ocrx_word' id='word_1_508' title='bbox 646 3306 926 3370; x_wconf 86' lang='lat' dir='ltr'>promotior.</span> <span class='ocrx_word' id='word_1_509' title='bbox 1002 3308 1075 3357; x_wconf 81' lang='lat' dir='ltr'>Ex</span> <span class='ocrx_word' id='word_1_510' title='bbox 1126 3321 1223 3369; x_wconf 90' lang='lat' dir='ltr'>quo</span> <span class='ocrx_word' id='word_1_511' title='bbox 1275 3307 1515 3369; x_wconf 89' lang='lat' dir='ltr'>sequitur,</span> <span class='ocrx_word' id='word_1_512' title='bbox 1570 3304 1745 3355; x_wconf 89' lang='lat' dir='ltr'>lincam</span> <span class='ocrx_word' id='word_1_513' title='bbox 1792 3320 1878 3368; x_wconf 79' lang='lat' dir='ltr'>pei·</span> <span class='ocrx_word' id='word_1_514' title='bbox 1930 3306 2052 3356; x_wconf 86' lang='lat' dir='ltr'>fixas</span> <span class='ocrx_word' id='word_1_515' title='bbox 2105 3321 2200 3357; x_wconf 92' lang='lat' dir='ltr'>non</span> <span class='ocrx_word' id='word_1_516' title='bbox 2248 3308 2372 3357; x_wconf 90' lang='lat' dir='ltr'>adeo</span> 
     </span>
     <span class='ocr_line' id='line_1_45' title="bbox 114 3379 2372 3447; baseline -0 -16"><span class='ocrx_word' id='word_1_517' title='bbox 114 3384 331 3447; x_wconf 87' lang='lat' dir='ltr'>praecise</span> <span class='ocrx_word' id='word_1_518' title='bbox 367 3383 598 3432; x_wconf 86' lang='lat' dir='ltr'>transisse</span> <span class='ocrx_word' id='word_1_519' title='bbox 638 3394 724 3444; x_wconf 87' lang='lat' dir='ltr'>per</span> <span class='ocrx_word' id='word_1_520' title='bbox 747 3379 983 3443; x_wconf 84' lang='lat' dir='ltr'>planetas,</span> <span class='ocrx_word' id='word_1_521' title='bbox 1023 3386 1080 3428; x_wconf 93' lang='lat' dir='ltr'>ut</span> <span class='ocrx_word' id='word_1_522' title='bbox 1117 3380 1199 3442; x_wconf 92' lang='lat' dir='ltr'>qui</span> <span class='ocrx_word' id='word_1_523' title='bbox 1234 3380 1378 3442; x_wconf 88' lang='lat' dir='ltr'>juxta</span> <span class='ocrx_word' id='word_1_524' title='bbox 1414 3380 1624 3439; x_wconf 87' lang='lat' dir='ltr'>invicem</span> <span class='ocrx_word' id='word_1_525' title='bbox 1662 3379 1862 3428; x_wconf 88' lang='lat' dir='ltr'>stabant</span> <span class='ocrx_word' id='word_1_526' title='bbox 1899 3385 1947 3428; x_wconf 90' lang='lat' dir='ltr'>et</span> <span class='ocrx_word' id='word_1_527' title='bbox 1985 3382 2126 3444; x_wconf 87' lang='lat' dir='ltr'>quasi</span> <span class='ocrx_word' id='word_1_528' title='bbox 2160 3396 2248 3445; x_wconf 89' lang='lat' dir='ltr'>pro</span> <span class='ocrx_word' id='word_1_529' title='bbox 2276 3395 2372 3430; x_wconf 92' lang='lat' dir='ltr'>uno</span> 
     </span>
     <span class='ocr_line' id='line_1_46' title="bbox 116 3451 2374 3521; baseline -0 -16"><span class='ocrx_word' id='word_1_530' title='bbox 116 3457 426 3507; x_wconf 86' lang='lat' dir='ltr'>habebantur</span> <span class='ocrx_word' id='word_1_531' title='bbox 464 3454 621 3505; x_wconf 89' lang='lat' dir='ltr'>sidere</span> <span class='ocrx_word' id='word_1_532' title='bbox 661 3455 707 3501; x_wconf 92' lang='lat' dir='ltr'>in</span> <span class='ocrx_word' id='word_1_533' title='bbox 749 3452 842 3502; x_wconf 87' lang='lat' dir='ltr'>hac</span> <span class='ocrx_word' id='word_1_534' title='bbox 881 3453 1229 3515; x_wconf 85' lang='lat' dir='ltr'>imaginatione</span> <span class='ocrx_word' id='word_1_535' title='bbox 1269 3452 1441 3501; x_wconf 85' lang='lat' dir='ltr'>lineae.</span> <span class='ocrx_word' id='word_1_536' title='bbox 1520 3451 1674 3513; x_wconf 86' lang='lat' dir='ltr'>Alias,</span> <span class='ocrx_word' id='word_1_537' title='bbox 1715 3455 1757 3502; x_wconf 89' lang='lat' dir='ltr'>si</span> <span class='ocrx_word' id='word_1_538' title='bbox 1794 3451 1971 3521; x_wconf 85' lang='lat' dir='ltr'>lineam</span> <span class='ocrx_word' id='word_1_539' title='bbox 2009 3454 2104 3517; x_wconf 87' lang='lat' dir='ltr'>ipsi</span> <span class='ocrx_word' id='word_1_540' title='bbox 2146 3455 2374 3518; x_wconf 90' lang='lat' dir='ltr'>planetae</span> 
     </span>
     <span class='ocr_line' id='line_1_47' title="bbox 113 3524 2372 3591; baseline -0.001 -12"><span class='ocrx_word' id='word_1_541' title='bbox 113 3529 425 3591; x_wconf 85' lang='lat' dir='ltr'>direxissent,</span> <span class='ocrx_word' id='word_1_542' title='bbox 465 3543 562 3578; x_wconf 90' lang='lat' dir='ltr'>non</span> <span class='ocrx_word' id='word_1_543' title='bbox 602 3526 793 3575; x_wconf 87' lang='lat' dir='ltr'>duabus</span> <span class='ocrx_word' id='word_1_544' title='bbox 819 3526 1016 3588; x_wconf 86' lang='lat' dir='ltr'>insuper</span> <span class='ocrx_word' id='word_1_545' title='bbox 1038 3525 1164 3586; x_wconf 85' lang='lat' dir='ltr'>fixis,</span> <span class='ocrx_word' id='word_1_546' title='bbox 1204 3525 1288 3575; x_wconf 89' lang='lat' dir='ltr'>sed</span> <span class='ocrx_word' id='word_1_547' title='bbox 1328 3538 1425 3574; x_wconf 87' lang='lat' dir='ltr'>una</span> <span class='ocrx_word' id='word_1_548' title='bbox 1449 3524 1555 3574; x_wconf 86' lang='lat' dir='ltr'>sola</span> <span class='ocrx_word' id='word_1_549' title='bbox 1591 3525 1765 3575; x_wconf 79' lang='lat' dir='ltr'>fuisset</span> <span class='ocrx_word' id='word_1_550' title='bbox 1803 3539 1940 3591; x_wconf 90' lang='lat' dir='ltr'>opus.</span> <span class='ocrx_word' id='word_1_551' title='bbox 2015 3527 2078 3576; x_wconf 89' lang='lat' dir='ltr'>Et</span> <span class='ocrx_word' id='word_1_552' title='bbox 2117 3526 2175 3578; x_wconf 90' lang='lat' dir='ltr'>de</span> <span class='ocrx_word' id='word_1_553' title='bbox 2215 3527 2372 3576; x_wconf 85' lang='lat' dir='ltr'>Marte</span> 
     </span>
     <span class='ocr_line' id='line_1_48' title="bbox 117 3597 2371 3668; baseline -0.001 -16"><span class='ocrx_word' id='word_1_554' title='bbox 117 3603 312 3666; x_wconf 86' lang='lat' dir='ltr'>quidem</span> <span class='ocrx_word' id='word_1_555' title='bbox 359 3603 537 3651; x_wconf 77' lang='lat' dir='ltr'>fatetur</span> <span class='ocrx_word' id='word_1_556' title='bbox 592 3601 903 3668; x_wconf 81' lang='lat' dir='ltr'>observator,</span> <span class='ocrx_word' id='word_1_557' title='bbox 958 3601 1118 3662; x_wconf 88' lang='lat' dir='ltr'>ipsum</span> <span class='ocrx_word' id='word_1_558' title='bbox 1170 3598 1320 3647; x_wconf 81' lang='lat' dir='ltr'>fuisse</span> <span class='ocrx_word' id='word_1_559' title='bbox 1365 3597 1866 3662; x_wconf 85' lang='lat' dir='ltr'>septentrionaliorem</span> <span class='ocrx_word' id='word_1_560' title='bbox 1916 3597 2009 3650; x_wconf 86' lang='lat' dir='ltr'>hac</span> <span class='ocrx_word' id='word_1_561' title='bbox 2058 3600 2189 3650; x_wconf 88' lang='lat' dir='ltr'>linea</span> <span class='ocrx_word' id='word_1_562' title='bbox 2227 3598 2371 3649; x_wconf 87' lang='lat' dir='ltr'>valde</span> 
     </span>
     <span class='ocr_line' id='line_1_49' title="bbox 115 3670 2372 3741; baseline -0.002 -16"><span class='ocrx_word' id='word_1_563' title='bbox 115 3690 317 3741; x_wconf 84' lang='lat' dir='ltr'>parum,</span> <span class='ocrx_word' id='word_1_564' title='bbox 366 3675 425 3724; x_wconf 91' lang='lat' dir='ltr'>de</span> <span class='ocrx_word' id='word_1_565' title='bbox 464 3674 595 3725; x_wconf 77' lang='lat' dir='ltr'>Jove</span> <span class='ocrx_word' id='word_1_566' title='bbox 635 3687 750 3724; x_wconf 91' lang='lat' dir='ltr'>vero</span> <span class='ocrx_word' id='word_1_567' title='bbox 790 3672 1072 3723; x_wconf 88' lang='lat' dir='ltr'>subsumcre</span> <span class='ocrx_word' id='word_1_568' title='bbox 1109 3685 1393 3735; x_wconf 69' lang='lat' dir='ltr'>possumus,</span> <span class='ocrx_word' id='word_1_569' title='bbox 1438 3684 1552 3734; x_wconf 85' lang='lat' dir='ltr'>ergo</span> <span class='ocrx_word' id='word_1_570' title='bbox 1591 3674 1751 3737; x_wconf 88' lang='lat' dir='ltr'>ipsum</span> <span class='ocrx_word' id='word_1_571' title='bbox 1795 3670 2053 3723; x_wconf 84' lang='lat' dir='ltr'>deflexisse</span> <span class='ocrx_word' id='word_1_572' title='bbox 2098 3672 2303 3721; x_wconf 91' lang='lat' dir='ltr'>multum</span> <span class='ocrx_word' id='word_1_573' title='bbox 2341 3687 2372 3721; x_wconf 85' lang='lat' dir='ltr'>a</span> 
     </span>
     <span class='ocr_line' id='line_1_50' title="bbox 117 3744 2370 3812; baseline -0 -17"><span class='ocrx_word' id='word_1_574' title='bbox 117 3747 275 3812; x_wconf 86' lang='lat' dir='ltr'>linea;</span> <span class='ocrx_word' id='word_1_575' title='bbox 326 3747 568 3811; x_wconf 86' lang='lat' dir='ltr'>siquidem</span> <span class='ocrx_word' id='word_1_576' title='bbox 616 3746 666 3796; x_wconf 88' lang='lat' dir='ltr'>id</span> <span class='ocrx_word' id='word_1_577' title='bbox 714 3761 836 3811; x_wconf 84' lang='lat' dir='ltr'>opus</span> <span class='ocrx_word' id='word_1_578' title='bbox 886 3745 1027 3795; x_wconf 85' lang='lat' dir='ltr'>fuerit</span> <span class='ocrx_word' id='word_1_579' title='bbox 1075 3746 1372 3797; x_wconf 80' lang='lat' dir='ltr'>subsumere.</span> <span class='ocrx_word' id='word_1_580' title='bbox 1448 3744 1662 3794; x_wconf 89' lang='lat' dir='ltr'>Primum</span> <span class='ocrx_word' id='word_1_581' title='bbox 1711 3752 1946 3810; x_wconf 87' lang='lat' dir='ltr'>ponatur,</span> <span class='ocrx_word' id='word_1_582' title='bbox 2001 3747 2151 3794; x_wconf 80' lang='lat' dir='ltr'>fuisse</span> <span class='ocrx_word' id='word_1_583' title='bbox 2202 3751 2370 3795; x_wconf 87' lang='lat' dir='ltr'>exacte</span> 
     </span>
     <span class='ocr_line' id='line_1_51' title="bbox 116 3814 2370 3885; baseline -0.001 -16"><span class='ocrx_word' id='word_1_584' title='bbox 116 3822 168 3869; x_wconf 87' lang='lat' dir='ltr'>in</span> <span class='ocrx_word' id='word_1_585' title='bbox 205 3821 357 3872; x_wconf 88' lang='lat' dir='ltr'>linea:</span> <span class='ocrx_word' id='word_1_586' title='bbox 394 3822 442 3871; x_wconf 88' lang='lat' dir='ltr'>si</span> <span class='ocrx_word' id='word_1_587' title='bbox 466 3835 582 3885; x_wconf 85' lang='lat' dir='ltr'>ergo</span> <span class='ocrx_word' id='word_1_588' title='bbox 621 3821 893 3872; x_wconf 86' lang='lat' dir='ltr'>differentia</span> <span class='ocrx_word' id='word_1_589' title='bbox 916 3817 1226 3869; x_wconf 89' lang='lat' dir='ltr'>latitudinum</span> <span class='ocrx_word' id='word_1_590' title='bbox 1258 3814 1315 3866; x_wconf 84' lang='lat'>7⁰</span> <span class='ocrx_word' id='word_1_591' title='bbox 1345 3817 1430 3867; x_wconf 82' lang='lat'>51‘</span> <span class='ocrx_word' id='word_1_592' title='bbox 1468 3816 1552 3868; x_wconf 85' lang='lat' dir='ltr'>dat</span> <span class='ocrx_word' id='word_1_593' title='bbox 1587 3818 1684 3869; x_wconf 85' lang='lat' dir='ltr'>diff.</span> <span class='ocrx_word' id='word_1_594' title='bbox 1723 3818 2083 3885; x_wconf 87' lang='lat' dir='ltr'>longitudinum</span> <span class='ocrx_word' id='word_1_595' title='bbox 2121 3818 2370 3868; x_wconf 88' lang='lat' dir='ltr'>stellarum</span> 
     </span>
    </p>
   </div>
  </div>
 </body>
</html>
