<?xml version="1.0" encoding="UTF-8"?>
<!DOCTYPE html PUBLIC "-//W3C//DTD XHTML 1.0 Transitional//EN"
    "http://www.w3.org/TR/xhtml1/DTD/xhtml1-transitional.dtd">
<html xmlns="http://www.w3.org/1999/xhtml" xml:lang="en" lang="en">
 <head>
  <title>
</title>
<meta http-equiv="Content-Type" content="text/html;charset=utf-8" />
  <meta name='ocr-system' content='tesseract 3.04.00' />
  <meta name='ocr-capabilities' content='ocr_page ocr_carea ocr_par ocr_line ocrx_word'/>
</head>
<body>
  <div class='ocr_page' id='page_1' title='image "./operaomniaedidit06kepluoft_0312.png"; bbox 0 0 2554 4140; ppageno 0'>
   <div class='ocr_carea' id='block_1_1' title="bbox 195 147 1611 206">
    <p class='ocr_par' dir='ltr' id='par_1_1' title="bbox 195 147 1611 206">
     <span class='ocr_line' id='line_1_1' title="bbox 195 147 1611 206; baseline -0.005 -6"><span class='ocrx_word' id='word_1_1' title='bbox 195 151 299 202; x_wconf 83' lang='grc'><strong>298</strong></span> <span class='ocrx_word' id='word_1_2' title='bbox 1025 148 1263 206; x_wconf 86' lang='lat' dir='ltr'><strong>Epitomes</strong></span> <span class='ocrx_word' id='word_1_3' title='bbox 1292 147 1611 194; x_wconf 85' lang='lat' dir='ltr'><strong>Astronomiae</strong></span> 
     </span>
    </p>
   </div>
   <div class='ocr_carea' id='block_1_2' title="bbox 190 295 2455 868">
    <p class='ocr_par' dir='ltr' id='par_1_2' title="bbox 190 295 2454 420">
     <span class='ocr_line' id='line_1_2' title="bbox 190 295 2454 361; baseline 0.002 -15"><span class='ocrx_word' id='word_1_4' title='bbox 190 310 340 361; x_wconf 88' lang='lat' dir='ltr'><strong>penes</strong></span> <span class='ocrx_word' id='word_1_5' title='bbox 377 309 467 345; x_wconf 90' lang='lat' dir='ltr'><strong>nos</strong></span> <span class='ocrx_word' id='word_1_6' title='bbox 505 299 619 344; x_wconf 89' lang='lat' dir='ltr'><strong>sunt</strong></span> <span class='ocrx_word' id='word_1_7' title='bbox 655 296 704 343; x_wconf 92' lang='lat' dir='ltr'><strong>in</strong></span> <span class='ocrx_word' id='word_1_8' title='bbox 743 297 1047 347; x_wconf 80' lang='lat' dir='ltr'><strong>semicirculo</strong></span> <span class='ocrx_word' id='word_1_9' title='bbox 1083 295 1391 357; x_wconf 76' lang='lat' dir='ltr'><strong>ascendenti,</strong></span> <span class='ocrx_word' id='word_1_10' title='bbox 1440 297 1741 347; x_wconf 87' lang='lat' dir='ltr'><strong>constituunt</strong></span> <span class='ocrx_word' id='word_1_11' title='bbox 1792 297 1889 346; x_wconf 91' lang='lat' dir='ltr'><strong>illis</strong></span> <span class='ocrx_word' id='word_1_12' title='bbox 1929 299 2290 350; x_wconf 80' lang='lat' dir='ltr'><strong>semicirculum</strong></span> <span class='ocrx_word' id='word_1_13' title='bbox 2338 301 2454 352; x_wconf 87' lang='lat' dir='ltr'><strong>des-</strong></span> 
     </span>
     <span class='ocr_line' id='line_1_3' title="bbox 196 369 494 420; baseline -0.01 -1"><span class='ocrx_word' id='word_1_14' title='bbox 196 369 494 420; x_wconf 87' lang='lat' dir='ltr'><strong>cendentem.</strong></span> 
     </span>
    </p>

    <p class='ocr_par' dir='ltr' id='par_1_3' title="bbox 190 440 2455 796">
     <span class='ocr_line' id='line_1_4' title="bbox 342 440 2455 505; baseline 0.003 -16"><span class='ocrx_word' id='word_1_15' title='bbox 342 441 478 505; x_wconf 79' lang='lat' dir='ltr'><strong>Quid</strong></span> <span class='ocrx_word' id='word_1_16' title='bbox 513 440 883 491; x_wconf 75' lang='lat' dir='ltr'><strong>observandum</strong></span> <span class='ocrx_word' id='word_1_17' title='bbox 919 456 1071 505; x_wconf 80' lang='lat' dir='ltr'><strong>super</strong></span> <span class='ocrx_word' id='word_1_18' title='bbox 1108 443 1350 504; x_wconf 81' lang='lat' dir='ltr'><strong>antoecis,</strong></span> <span class='ocrx_word' id='word_1_19' title='bbox 1386 443 1628 502; x_wconf 82' lang='lat' dir='ltr'><strong>perioecis</strong></span> <span class='ocrx_word' id='word_1_20' title='bbox 1665 448 1712 490; x_wconf 93' lang='lat' dir='ltr'><strong>et</strong></span> <span class='ocrx_word' id='word_1_21' title='bbox 1746 443 2075 505; x_wconf 73' lang='lat' dir='ltr'><strong>antipodibus</strong></span> <span class='ocrx_word' id='word_1_22' title='bbox 2110 444 2455 496; x_wconf 72' lang='lat' dir='ltr'><strong>habitantium</strong></span> 
     </span>
     <span class='ocr_line' id='line_1_5' title="bbox 190 514 2451 577; baseline 0.002 -15"><span class='ocrx_word' id='word_1_23' title='bbox 190 517 248 563; x_wconf 83' lang='lat' dir='ltr'><strong>in</strong></span> <span class='ocrx_word' id='word_1_24' title='bbox 295 514 510 577; x_wconf 69' lang='lat' dir='ltr'><strong>sphaera</strong></span> <span class='ocrx_word' id='word_1_25' title='bbox 552 519 691 562; x_wconf 75' lang='lat' dir='ltr'><strong>recta</strong></span> <span class='ocrx_word' id='word_1_26' title='bbox 739 520 786 562; x_wconf 92' lang='lat' dir='ltr'><strong>et</strong></span> <span class='ocrx_word' id='word_1_27' title='bbox 827 515 1122 577; x_wconf 80' lang='lat' dir='ltr'><strong>parallela?</strong></span> <span class='ocrx_word' id='word_1_28' title='bbox 1177 514 1520 562; x_wconf 89' lang='lat' dir='ltr'><strong>Habitantium</strong></span> <span class='ocrx_word' id='word_1_29' title='bbox 1571 515 1621 561; x_wconf 90' lang='lat' dir='ltr'><strong>in</strong></span> <span class='ocrx_word' id='word_1_30' title='bbox 1670 515 1879 577; x_wconf 88' lang='lat' dir='ltr'><strong>sphaera</strong></span> <span class='ocrx_word' id='word_1_31' title='bbox 1917 521 2052 566; x_wconf 88' lang='lat' dir='ltr'><strong>recta</strong></span> <span class='ocrx_word' id='word_1_32' title='bbox 2098 520 2291 568; x_wconf 89' lang='lat' dir='ltr'><strong>antoeci</strong></span> <span class='ocrx_word' id='word_1_33' title='bbox 2331 519 2451 567; x_wconf 89' lang='lat' dir='ltr'><strong>nulli</strong></span> 
     </span>
     <span class='ocr_line' id='line_1_6' title="bbox 191 584 2452 653; baseline 0.002 -18"><span class='ocrx_word' id='word_1_34' title='bbox 191 592 317 648; x_wconf 90' lang='lat' dir='ltr'><strong>sunt,</strong></span> <span class='ocrx_word' id='word_1_35' title='bbox 358 584 616 651; x_wconf 88' lang='lat' dir='ltr'><strong>antipodes</strong></span> <span class='ocrx_word' id='word_1_36' title='bbox 654 587 778 636; x_wconf 89' lang='lat' dir='ltr'><strong>inter</strong></span> <span class='ocrx_word' id='word_1_37' title='bbox 814 589 1080 649; x_wconf 89' lang='lat' dir='ltr'><strong>perioecos.</strong></span> <span class='ocrx_word' id='word_1_38' title='bbox 1145 587 1223 635; x_wconf 86' lang='lat' dir='ltr'><strong>Ita</strong></span> <span class='ocrx_word' id='word_1_39' title='bbox 1258 587 1420 646; x_wconf 89' lang='lat' dir='ltr'><strong>etiam,</strong></span> <span class='ocrx_word' id='word_1_40' title='bbox 1461 587 1543 648; x_wconf 90' lang='lat' dir='ltr'><strong>qui</strong></span> <span class='ocrx_word' id='word_1_41' title='bbox 1571 591 1827 651; x_wconf 85' lang='lat' dir='ltr'><strong>utramque</strong></span> <span class='ocrx_word' id='word_1_42' title='bbox 1865 588 2125 651; x_wconf 81' lang='lat' dir='ltr'><strong>sphaeram</strong></span> <span class='ocrx_word' id='word_1_43' title='bbox 2149 590 2452 653; x_wconf 70' lang='lat' dir='ltr'><strong>parallelum,</strong></span> 
     </span>
     <span class='ocr_line' id='line_1_7' title="bbox 191 659 2453 726; baseline 0.002 -18"><span class='ocrx_word' id='word_1_44' title='bbox 191 660 286 708; x_wconf 92' lang='lat' dir='ltr'><strong>hoc</strong></span> <span class='ocrx_word' id='word_1_45' title='bbox 323 665 397 708; x_wconf 86' lang='lat' dir='ltr'><strong>est</strong></span> <span class='ocrx_word' id='word_1_46' title='bbox 433 661 519 722; x_wconf 91' lang='lat' dir='ltr'><strong>qui</strong></span> <span class='ocrx_word' id='word_1_47' title='bbox 556 659 647 708; x_wconf 90' lang='lat' dir='ltr'><strong>sub</strong></span> <span class='ocrx_word' id='word_1_48' title='bbox 684 665 892 722; x_wconf 87' lang='lat' dir='ltr'><strong>utreque</strong></span> <span class='ocrx_word' id='word_1_49' title='bbox 930 660 1046 723; x_wconf 89' lang='lat' dir='ltr'><strong>polo</strong></span> <span class='ocrx_word' id='word_1_50' title='bbox 1086 659 1332 720; x_wconf 89' lang='lat' dir='ltr'><strong>habitant,</strong></span> <span class='ocrx_word' id='word_1_51' title='bbox 1373 660 1497 708; x_wconf 91' lang='lat' dir='ltr'><strong>inter</strong></span> <span class='ocrx_word' id='word_1_52' title='bbox 1533 673 1586 708; x_wconf 88' lang='lat' dir='ltr'><strong>se</strong></span> <span class='ocrx_word' id='word_1_53' title='bbox 1626 666 1675 710; x_wconf 88' lang='lat' dir='ltr'><strong>et</strong></span> <span class='ocrx_word' id='word_1_54' title='bbox 1714 663 1903 711; x_wconf 89' lang='lat' dir='ltr'><strong>antoeci</strong></span> <span class='ocrx_word' id='word_1_55' title='bbox 1943 666 2057 709; x_wconf 88' lang='lat' dir='ltr'><strong>sunt</strong></span> <span class='ocrx_word' id='word_1_56' title='bbox 2093 667 2143 711; x_wconf 89' lang='lat' dir='ltr'><strong>et</strong></span> <span class='ocrx_word' id='word_1_57' title='bbox 2180 663 2453 726; x_wconf 82' lang='lat' dir='ltr'><strong>antipodes,</strong></span> 
     </span>
     <span class='ocr_line' id='line_1_8' title="bbox 195 730 878 796; baseline -0.003 -14"><span class='ocrx_word' id='word_1_58' title='bbox 195 733 446 796; x_wconf 87' lang='lat' dir='ltr'><strong>perioecos</strong></span> <span class='ocrx_word' id='word_1_59' title='bbox 483 730 645 781; x_wconf 91' lang='lat' dir='ltr'><strong>nullos</strong></span> <span class='ocrx_word' id='word_1_60' title='bbox 681 731 878 781; x_wconf 86' lang='lat' dir='ltr'><strong>habent.</strong></span> 
     </span>
    </p>

    <p class='ocr_par' dir='ltr' id='par_1_4' title="bbox 258 803 2452 868">
     <span class='ocr_line' id='line_1_9' title="bbox 258 803 2452 868; baseline 0.001 -14"><span class='ocrx_word' id='word_1_61' title='bbox 258 850 262 854; x_wconf 90' lang='lat'>.</span> <span class='ocrx_word' id='word_1_62' title='bbox 339 805 581 854; x_wconf 81' lang='lat' dir='ltr'><strong>Etiamne</strong></span> <span class='ocrx_word' id='word_1_63' title='bbox 625 805 932 853; x_wconf 79' lang='lat' dir='ltr'><strong>umbrarum</strong></span> <span class='ocrx_word' id='word_1_64' title='bbox 970 811 1038 853; x_wconf 77' lang='lat' dir='ltr'><strong>est</strong></span> <span class='ocrx_word' id='word_1_65' title='bbox 1075 805 1256 867; x_wconf 81' lang='lat' dir='ltr'><strong>aliqua</strong></span> <span class='ocrx_word' id='word_1_66' title='bbox 1292 803 1439 865; x_wconf 83' lang='lat' dir='ltr'><strong>apud</strong></span> <span class='ocrx_word' id='word_1_67' title='bbox 1487 810 1743 864; x_wconf 79' lang='lat' dir='ltr'><strong>antoeco3‚</strong></span> <span class='ocrx_word' id='word_1_68' title='bbox 1789 809 2045 868; x_wconf 76' lang='lat' dir='ltr'><strong>perioecos</strong></span> <span class='ocrx_word' id='word_1_69' title='bbox 2088 813 2135 855; x_wconf 87' lang='lat' dir='ltr'><strong>et</strong></span> <span class='ocrx_word' id='word_1_70' title='bbox 2180 807 2452 868; x_wconf 76' lang='lat' dir='ltr'><strong>antipodas</strong></span> 
     </span>
    </p>
   </div>
   <div class='ocr_carea' id='block_1_3' title="bbox 197 877 2554 942">
    <p class='ocr_par' dir='ltr' id='par_1_5' title="bbox 197 877 2554 942">
     <span class='ocr_line' id='line_1_10' title="bbox 197 877 2554 942; baseline 0.001 -16"><span class='ocrx_word' id='word_1_71' title='bbox 197 878 499 927; x_wconf 76' lang='lat' dir='ltr'><strong>diversitas?</strong></span> <span class='ocrx_word' id='word_1_72' title='bbox 552 877 701 926; x_wconf 86' lang='lat' dir='ltr'><strong>Nulla</strong></span> <span class='ocrx_word' id='word_1_73' title='bbox 739 877 1018 926; x_wconf 88' lang='lat' dir='ltr'><strong>admodum.</strong></span> <span class='ocrx_word' id='word_1_74' title='bbox 1092 877 1219 926; x_wconf 86' lang='lat' dir='ltr'><strong>Nam</strong></span> <span class='ocrx_word' id='word_1_75' title='bbox 1245 878 1436 939; x_wconf 88' lang='lat' dir='ltr'><strong>utrique</strong></span> <span class='ocrx_word' id='word_1_76' title='bbox 1476 891 1536 925; x_wconf 84' lang='lat' dir='ltr'><strong>ex</strong></span> <span class='ocrx_word' id='word_1_77' title='bbox 1573 879 1883 941; x_wconf 90' lang='lat' dir='ltr'><strong>comparibus</strong></span> <span class='ocrx_word' id='word_1_78' title='bbox 1919 884 2035 927; x_wconf 91' lang='lat' dir='ltr'><strong>sunt</strong></span> <span class='ocrx_word' id='word_1_79' title='bbox 2068 879 2147 928; x_wconf 87' lang='lat' dir='ltr'><strong>vel</strong></span> <span class='ocrx_word' id='word_1_80' title='bbox 2184 879 2454 942; x_wconf 85' lang='lat' dir='ltr'><strong>amphiscii,</strong></span> <span class='ocrx_word' id='word_1_81' title='bbox 2541 903 2554 907; x_wconf 96' lang='lat'>-</span> 
     </span>
    </p>
   </div>
   <div class='ocr_carea' id='block_1_4' title="bbox 191 948 2458 1088">
    <p class='ocr_par' dir='ltr' id='par_1_6' title="bbox 191 948 2458 1088">
     <span class='ocr_line' id='line_1_11' title="bbox 191 948 2458 1015; baseline 0.001 -15"><span class='ocrx_word' id='word_1_82' title='bbox 191 957 246 1000; x_wconf 90' lang='lat' dir='ltr'><strong>ut</strong></span> <span class='ocrx_word' id='word_1_83' title='bbox 286 952 493 1013; x_wconf 87' lang='lat' dir='ltr'><strong>antoeci‚</strong></span> <span class='ocrx_word' id='word_1_84' title='bbox 531 952 742 1014; x_wconf 85' lang='lat' dir='ltr'><strong>perioeci</strong></span> <span class='ocrx_word' id='word_1_85' title='bbox 770 956 817 999; x_wconf 86' lang='lat' dir='ltr'><strong>et</strong></span> <span class='ocrx_word' id='word_1_86' title='bbox 843 949 1099 1014; x_wconf 87' lang='lat' dir='ltr'><strong>antipodes</strong></span> <span class='ocrx_word' id='word_1_87' title='bbox 1138 963 1293 998; x_wconf 87' lang='lat' dir='ltr'><strong>zonae</strong></span> <span class='ocrx_word' id='word_1_88' title='bbox 1320 948 1545 1010; x_wconf 89' lang='lat' dir='ltr'><strong>torridae,</strong></span> <span class='ocrx_word' id='word_1_89' title='bbox 1586 950 1668 1000; x_wconf 85' lang='lat' dir='ltr'><strong>vel</strong></span> <span class='ocrx_word' id='word_1_90' title='bbox 1699 953 1908 1014; x_wconf 88' lang='lat' dir='ltr'><strong>periscii‚</strong></span> <span class='ocrx_word' id='word_1_91' title='bbox 1949 959 2003 1000; x_wconf 89' lang='lat' dir='ltr'><strong>ut</strong></span> <span class='ocrx_word' id='word_1_92' title='bbox 2039 951 2336 1015; x_wconf 80' lang='lat' dir='ltr'><strong>frigidarum,</strong></span> <span class='ocrx_word' id='word_1_93' title='bbox 2376 953 2458 1002; x_wconf 88' lang='lat' dir='ltr'><strong>vel</strong></span> 
     </span>
     <span class='ocr_line' id='line_1_12' title="bbox 191 1022 2454 1088; baseline 0.001 -16"><span class='ocrx_word' id='word_1_94' title='bbox 191 1025 463 1084; x_wconf 86' lang='lat' dir='ltr'><strong>heteroscii,</strong></span> <span class='ocrx_word' id='word_1_95' title='bbox 499 1029 554 1072; x_wconf 91' lang='lat' dir='ltr'><strong>ut</strong></span> <span class='ocrx_word' id='word_1_96' title='bbox 591 1029 980 1086; x_wconf 73' lang='lat' dir='ltr'><strong>temperatarum.</strong></span> <span class='ocrx_word' id='word_1_97' title='bbox 1055 1022 1433 1086; x_wconf 88' lang='lat' dir='ltr'><strong>Comparatione</strong></span> <span class='ocrx_word' id='word_1_98' title='bbox 1474 1036 1589 1071; x_wconf 87' lang='lat' dir='ltr'><strong>vero</strong></span> <span class='ocrx_word' id='word_1_99' title='bbox 1629 1023 1693 1073; x_wconf 89' lang='lat' dir='ltr'><strong>ad</strong></span> <span class='ocrx_word' id='word_1_100' title='bbox 1732 1038 1907 1088; x_wconf 87' lang='lat' dir='ltr'><strong>corpus</strong></span> <span class='ocrx_word' id='word_1_101' title='bbox 1932 1024 2197 1073; x_wconf 91' lang='lat' dir='ltr'><strong>humanum</strong></span> <span class='ocrx_word' id='word_1_102' title='bbox 2236 1026 2454 1075; x_wconf 80' lang='lat' dir='ltr'><strong>antoecis</strong></span> 
     </span>
    </p>
   </div>
   <div class='ocr_carea' id='block_1_5' title="bbox 193 1079 2539 1162">
    <p class='ocr_par' dir='ltr' id='par_1_7' title="bbox 193 1079 2539 1162">
     <span class='ocr_line' id='line_1_13' title="bbox 193 1079 2539 1162; baseline 0.001 -16"><span class='ocrx_word' id='word_1_103' title='bbox 193 1103 242 1146; x_wconf 89' lang='lat' dir='ltr'><strong>et</strong></span> <span class='ocrx_word' id='word_1_104' title='bbox 278 1096 592 1160; x_wconf 88' lang='lat' dir='ltr'><strong>antipodibus</strong></span> <span class='ocrx_word' id='word_1_105' title='bbox 631 1097 870 1162; x_wconf 83' lang='lat' dir='ltr'><strong>contingit</strong></span> <span class='ocrx_word' id='word_1_106' title='bbox 906 1096 1034 1145; x_wconf 89' lang='lat' dir='ltr'><strong>idem</strong></span> <span class='ocrx_word' id='word_1_107' title='bbox 1073 1098 1203 1145; x_wconf 87' lang='lat' dir='ltr'><strong>circa</strong></span> <span class='ocrx_word' id='word_1_108' title='bbox 1241 1096 1458 1161; x_wconf 86' lang='lat' dir='ltr'><strong>umbras,</strong></span> <span class='ocrx_word' id='word_1_109' title='bbox 1499 1095 1632 1158; x_wconf 91' lang='lat' dir='ltr'><strong>quod</strong></span> <span class='ocrx_word' id='word_1_110' title='bbox 1669 1110 1818 1159; x_wconf 89' lang='lat' dir='ltr'><strong>supra</strong></span> <span class='ocrx_word' id='word_1_111' title='bbox 1856 1097 2040 1146; x_wconf 90' lang='lat' dir='ltr'><strong>dictum</strong></span> <span class='ocrx_word' id='word_1_112' title='bbox 2078 1099 2138 1147; x_wconf 88' lang='lat' dir='ltr'><strong>iis</strong></span> <span class='ocrx_word' id='word_1_113' title='bbox 2177 1099 2455 1161; x_wconf 84' lang='lat' dir='ltr'><strong>contingere</strong></span> <span class='ocrx_word' id='word_1_114' title='bbox 2527 1079 2539 1116; x_wconf 45' lang='lat'><strong>&#39;⁷</strong></span> 
     </span>
    </p>
   </div>
   <div class='ocr_carea' id='block_1_6' title="bbox 191 1165 2457 1307">
    <p class='ocr_par' dir='ltr' id='par_1_8' title="bbox 191 1165 2457 1307">
     <span class='ocr_line' id='line_1_14' title="bbox 193 1165 2457 1231; baseline 0.001 -13"><span class='ocrx_word' id='word_1_115' title='bbox 193 1172 319 1219; x_wconf 89' lang='lat' dir='ltr'><strong>circa</strong></span> <span class='ocrx_word' id='word_1_116' title='bbox 357 1175 491 1219; x_wconf 85' lang='lat' dir='ltr'><strong>ortus</strong></span> <span class='ocrx_word' id='word_1_117' title='bbox 542 1173 589 1218; x_wconf 87' lang='lat' dir='ltr'><strong>et</strong></span> <span class='ocrx_word' id='word_1_118' title='bbox 634 1183 836 1217; x_wconf 85' lang='lat' dir='ltr'><strong>occasus</strong></span> <span class='ocrx_word' id='word_1_119' title='bbox 876 1168 1024 1218; x_wconf 87' lang='lat' dir='ltr'><strong>Solis.</strong></span> <span class='ocrx_word' id='word_1_120' title='bbox 1102 1167 1288 1217; x_wconf 90' lang='lat' dir='ltr'><strong>Umbra</strong></span> <span class='ocrx_word' id='word_1_121' title='bbox 1325 1170 1452 1218; x_wconf 87' lang='lat' dir='ltr'><strong>enim</strong></span> <span class='ocrx_word' id='word_1_122' title='bbox 1492 1165 1570 1218; x_wconf 87' lang='lat' dir='ltr'><strong>his</strong></span> <span class='ocrx_word' id='word_1_123' title='bbox 1607 1168 1670 1217; x_wconf 91' lang='lat' dir='ltr'><strong>ad</strong></span> <span class='ocrx_word' id='word_1_124' title='bbox 1708 1171 1955 1231; x_wconf 84' lang='lat' dir='ltr'><strong>sinistras,</strong></span> <span class='ocrx_word' id='word_1_125' title='bbox 2002 1169 2100 1219; x_wconf 90' lang='lat' dir='ltr'><strong>illis</strong></span> <span class='ocrx_word' id='word_1_126' title='bbox 2150 1170 2213 1219; x_wconf 88' lang='lat' dir='ltr'><strong>ad</strong></span> <span class='ocrx_word' id='word_1_127' title='bbox 2264 1169 2457 1221; x_wconf 83' lang='lat' dir='ltr'><strong>dextras</strong></span> 
     </span>
     <span class='ocr_line' id='line_1_15' title="bbox 191 1242 708 1307; baseline -0.008 -14"><span class='ocrx_word' id='word_1_128' title='bbox 191 1250 354 1307; x_wconf 87' lang='lat' dir='ltr'><strong>partes</strong></span> <span class='ocrx_word' id='word_1_129' title='bbox 392 1244 460 1292; x_wconf 91' lang='lat' dir='ltr'><strong>ire</strong></span> <span class='ocrx_word' id='word_1_130' title='bbox 499 1242 708 1292; x_wconf 86' lang='lat' dir='ltr'><strong>videtur.</strong></span> 
     </span>
    </p>
   </div>
   <div class='ocr_carea' id='block_1_7' title="bbox 581 1372 2063 1436">
    <p class='ocr_par' dir='ltr' id='par_1_9' title="bbox 581 1372 2063 1436">
     <span class='ocr_line' id='line_1_16' title="bbox 581 1372 2063 1436; baseline 0.001 -14"><span class='ocrx_word' id='word_1_131' title='bbox 581 1373 670 1422; x_wconf 92' lang='lat' dir='ltr'><strong>De</strong></span> <span class='ocrx_word' id='word_1_132' title='bbox 708 1372 1242 1436; x_wconf 87' lang='lat' dir='ltr'><strong>longitudinibus</strong></span> <span class='ocrx_word' id='word_1_133' title='bbox 1282 1378 1336 1423; x_wconf 91' lang='lat' dir='ltr'><strong>et</strong></span> <span class='ocrx_word' id='word_1_134' title='bbox 1374 1372 1723 1423; x_wconf 85' lang='lat' dir='ltr'><strong>distantiis</strong></span> <span class='ocrx_word' id='word_1_135' title='bbox 1761 1374 2063 1423; x_wconf 88' lang='lat' dir='ltr'><strong>locorum.</strong></span> 
     </span>
    </p>
   </div>
   <div class='ocr_carea' id='block_1_8' title="bbox 183 1476 2455 2345">
    <p class='ocr_par' dir='ltr' id='par_1_10' title="bbox 183 1476 2454 1974">
     <span class='ocr_line' id='line_1_17' title="bbox 339 1476 2454 1539; baseline -0 -13"><span class='ocrx_word' id='word_1_136' title='bbox 339 1477 469 1526; x_wconf 84' lang='lat' dir='ltr'><strong>Cum</strong></span> <span class='ocrx_word' id='word_1_137' title='bbox 504 1479 700 1539; x_wconf 79' lang='lat' dir='ltr'><strong>passim</strong></span> <span class='ocrx_word' id='word_1_138' title='bbox 753 1478 1121 1538; x_wconf 74' lang='lat' dir='ltr'><strong>comparaveris</strong></span> <span class='ocrx_word' id='word_1_139' title='bbox 1166 1478 1503 1526; x_wconf 71' lang='lat' dir='ltr'><strong>ascensionem</strong></span> <span class='ocrx_word' id='word_1_140' title='bbox 1556 1483 1747 1525; x_wconf 82' lang='lat' dir='ltr'><strong>rectam</strong></span> <span class='ocrx_word' id='word_1_141' title='bbox 1794 1476 2058 1525; x_wconf 80' lang='lat' dir='ltr'><strong>stellarum</strong></span> <span class='ocrx_word' id='word_1_142' title='bbox 2115 1490 2231 1525; x_wconf 83' lang='lat' dir='ltr'><strong>cum</strong></span> <span class='ocrx_word' id='word_1_143' title='bbox 2279 1477 2454 1539; x_wconf 70' lang='lat' dir='ltr'><strong>lonyit.</strong></span> 
     </span>
     <span class='ocr_line' id='line_1_18' title="bbox 183 1548 2453 1612; baseline 0 -16"><span class='ocrx_word' id='word_1_144' title='bbox 183 1551 414 1599; x_wconf 82' lang='lat' dir='ltr'><strong>locorum</strong></span> <span class='ocrx_word' id='word_1_145' title='bbox 451 1551 508 1598; x_wconf 89' lang='lat' dir='ltr'><strong>in</strong></span> <span class='ocrx_word' id='word_1_146' title='bbox 554 1549 726 1611; x_wconf 81' lang='lat' dir='ltr'><strong>Terra,</strong></span> <span class='ocrx_word' id='word_1_147' title='bbox 766 1549 1151 1599; x_wconf 79' lang='lat' dir='ltr'><strong>declinationem</strong></span> <span class='ocrx_word' id='word_1_148' title='bbox 1189 1564 1303 1598; x_wconf 85' lang='lat' dir='ltr'><strong>cum</strong></span> <span class='ocrx_word' id='word_1_149' title='bbox 1342 1563 1520 1598; x_wconf 82' lang='lat' dir='ltr'><strong>eorum</strong></span> <span class='ocrx_word' id='word_1_150' title='bbox 1555 1549 1841 1611; x_wconf 86' lang='lat' dir='ltr'><strong>latitudine,</strong></span> <span class='ocrx_word' id='word_1_151' title='bbox 1881 1548 1960 1597; x_wconf 83' lang='lat' dir='ltr'><strong>dic</strong></span> <span class='ocrx_word' id='word_1_152' title='bbox 1991 1550 2164 1611; x_wconf 68' lang='grc' dir='ltr'><strong>ἐρίων,</strong></span> <span class='ocrx_word' id='word_1_153' title='bbox 2207 1563 2453 1612; x_wconf 78' lang='lat' dir='ltr'><strong>quorsum</strong></span> 
     </span>
     <span class='ocr_line' id='line_1_19' title="bbox 192 1618 2449 1689; baseline 0 -19"><span class='ocrx_word' id='word_1_154' title='bbox 192 1621 446 1672; x_wconf 82' lang='lat' dir='ltr'><strong>conducat</strong></span> <span class='ocrx_word' id='word_1_155' title='bbox 482 1625 701 1686; x_wconf 75' lang='lat' dir='ltr'><strong>coynitio</strong></span> <span class='ocrx_word' id='word_1_156' title='bbox 737 1623 910 1686; x_wconf 72' lang='lat' dir='ltr'><strong>lonyit.</strong></span> <span class='ocrx_word' id='word_1_157' title='bbox 957 1629 1003 1670; x_wconf 89' lang='lat' dir='ltr'><strong>et</strong></span> <span class='ocrx_word' id='word_1_158' title='bbox 1040 1623 1168 1671; x_wconf 86' lang='lat' dir='ltr'><strong>latit.</strong></span> <span class='ocrx_word' id='word_1_159' title='bbox 1218 1623 1443 1672; x_wconf 79' lang='lat' dir='ltr'><strong>Iocorum</strong></span> <span class='ocrx_word' id='word_1_160' title='bbox 1490 1624 1548 1670; x_wconf 84' lang='lat' dir='ltr'><strong>in</strong></span> <span class='ocrx_word' id='word_1_161' title='bbox 1593 1622 1765 1671; x_wconf 80' lang='lat' dir='ltr'><strong>Terra.</strong></span> <span class='ocrx_word' id='word_1_162' title='bbox 1839 1618 1895 1689; x_wconf 90' lang='lat'><strong>1)</strong></span> <span class='ocrx_word' id='word_1_163' title='bbox 1947 1621 2070 1671; x_wconf 90' lang='lat' dir='ltr'><strong>Pars</strong></span> <span class='ocrx_word' id='word_1_164' title='bbox 2109 1626 2184 1670; x_wconf 85' lang='lat' dir='ltr'><strong>est</strong></span> <span class='ocrx_word' id='word_1_165' title='bbox 2222 1628 2449 1672; x_wconf 88' lang='lat' dir='ltr'><strong>astrono-</strong></span> 
     </span>
     <span class='ocr_line' id='line_1_20' title="bbox 191 1693 2452 1758; baseline 0 -14"><span class='ocrx_word' id='word_1_166' title='bbox 191 1697 318 1745; x_wconf 90' lang='lat' dir='ltr'><strong>miae</strong></span> <span class='ocrx_word' id='word_1_167' title='bbox 358 1695 418 1744; x_wconf 88' lang='lat' dir='ltr'><strong>de</strong></span> <span class='ocrx_word' id='word_1_168' title='bbox 457 1694 739 1745; x_wconf 83' lang='lat' dir='ltr'><strong>differentiis</strong></span> <span class='ocrx_word' id='word_1_169' title='bbox 777 1694 1136 1758; x_wconf 84' lang='lat' dir='ltr'><strong>longitudinum</strong></span> <span class='ocrx_word' id='word_1_170' title='bbox 1173 1697 1391 1745; x_wconf 78' lang='lat' dir='ltr'><strong>locorum</strong></span> <span class='ocrx_word' id='word_1_171' title='bbox 1430 1697 1479 1743; x_wconf 91' lang='lat' dir='ltr'><strong>in</strong></span> <span class='ocrx_word' id='word_1_172' title='bbox 1517 1694 1683 1757; x_wconf 84' lang='lat' dir='ltr'><strong>Terra,</strong></span> <span class='ocrx_word' id='word_1_173' title='bbox 1723 1710 1811 1744; x_wconf 87' lang='lat' dir='ltr'><strong>seu</strong></span> <span class='ocrx_word' id='word_1_174' title='bbox 1851 1694 2123 1743; x_wconf 85' lang='lat' dir='ltr'><strong>differentia</strong></span> <span class='ocrx_word' id='word_1_175' title='bbox 2151 1693 2452 1744; x_wconf 88' lang='lat' dir='ltr'><strong>meridiano-</strong></span> 
     </span>
     <span class='ocr_line' id='line_1_21' title="bbox 190 1767 2454 1832; baseline 0.001 -16"><span class='ocrx_word' id='word_1_176' title='bbox 190 1780 296 1817; x_wconf 89' lang='lat' dir='ltr'><strong>rum</strong></span> <span class='ocrx_word' id='word_1_177' title='bbox 333 1767 541 1829; x_wconf 88' lang='lat' dir='ltr'><strong>horaria‚</strong></span> <span class='ocrx_word' id='word_1_178' title='bbox 580 1774 634 1818; x_wconf 91' lang='lat' dir='ltr'><strong>ut</strong></span> <span class='ocrx_word' id='word_1_179' title='bbox 672 1768 736 1818; x_wconf 90' lang='lat' dir='ltr'><strong>ad</strong></span> <span class='ocrx_word' id='word_1_180' title='bbox 767 1769 984 1818; x_wconf 87' lang='lat' dir='ltr'><strong>diversos</strong></span> <span class='ocrx_word' id='word_1_181' title='bbox 1021 1769 1316 1818; x_wconf 84' lang='lat' dir='ltr'><strong>meridianos</strong></span> <span class='ocrx_word' id='word_1_182' title='bbox 1341 1770 1531 1832; x_wconf 85' lang='lat' dir='ltr'><strong>possint</strong></span> <span class='ocrx_word' id='word_1_183' title='bbox 1567 1767 1923 1818; x_wconf 88' lang='lat' dir='ltr'><strong>accommodari</strong></span> <span class='ocrx_word' id='word_1_184' title='bbox 1956 1767 2299 1830; x_wconf 89' lang='lat' dir='ltr'><strong>phaenomena</strong></span> <span class='ocrx_word' id='word_1_185' title='bbox 2337 1782 2454 1818; x_wconf 90' lang='lat' dir='ltr'><strong>coe-</strong></span> 
     </span>
     <span class='ocr_line' id='line_1_22' title="bbox 191 1839 2452 1906; baseline 0.001 -16"><span class='ocrx_word' id='word_1_186' title='bbox 191 1841 349 1891; x_wconf 87' lang='lat' dir='ltr'><strong>lestia.</strong></span> <span class='ocrx_word' id='word_1_187' title='bbox 427 1839 479 1906; x_wconf 91' lang='grc'><strong>2)</strong></span> <span class='ocrx_word' id='word_1_188' title='bbox 515 1842 632 1892; x_wconf 88' lang='lat' dir='ltr'><strong>Sine</strong></span> <span class='ocrx_word' id='word_1_189' title='bbox 667 1841 1056 1906; x_wconf 86' lang='lat' dir='ltr'><strong>longitudinibus</strong></span> <span class='ocrx_word' id='word_1_190' title='bbox 1096 1849 1144 1892; x_wconf 90' lang='lat' dir='ltr'><strong>et</strong></span> <span class='ocrx_word' id='word_1_191' title='bbox 1179 1840 1522 1892; x_wconf 86' lang='lat' dir='ltr'><strong>latitudinibus</strong></span> <span class='ocrx_word' id='word_1_192' title='bbox 1559 1840 1775 1891; x_wconf 86' lang='lat' dir='ltr'><strong>locorum</strong></span> <span class='ocrx_word' id='word_1_193' title='bbox 1802 1855 1899 1890; x_wconf 91' lang='lat' dir='ltr'><strong>non</strong></span> <span class='ocrx_word' id='word_1_194' title='bbox 1936 1847 2144 1904; x_wconf 82' lang='lat' dir='ltr'><strong>possunt</strong></span> <span class='ocrx_word' id='word_1_195' title='bbox 2168 1841 2452 1905; x_wconf 81' lang='lat' dir='ltr'><strong>investigari</strong></span> 
     </span>
     <span class='ocr_line' id='line_1_23' title="bbox 195 1914 2051 1974; baseline -0.002 -10"><span class='ocrx_word' id='word_1_196' title='bbox 195 1914 384 1965; x_wconf 87' lang='lat' dir='ltr'><strong>calculo</strong></span> <span class='ocrx_word' id='word_1_197' title='bbox 425 1914 684 1966; x_wconf 86' lang='lat' dir='ltr'><strong>distantiae</strong></span> <span class='ocrx_word' id='word_1_198' title='bbox 719 1916 955 1965; x_wconf 89' lang='lat' dir='ltr'><strong>locorum.</strong></span> <span class='ocrx_word' id='word_1_199' title='bbox 2045 1966 2051 1974; x_wconf 54' lang='grc'><strong><em>,</em></strong></span> 
     </span>
    </p>

    <p class='ocr_par' dir='ltr' id='par_1_11' title="bbox 191 1985 2455 2345">
     <span class='ocr_line' id='line_1_24' title="bbox 341 1985 2455 2054; baseline -0.001 -17"><span class='ocrx_word' id='word_1_200' title='bbox 341 1988 608 2052; x_wconf 81' lang='lat' dir='ltr'><strong>Quantum</strong></span> <span class='ocrx_word' id='word_1_201' title='bbox 653 1991 890 2054; x_wconf 74' lang='lat' dir='ltr'><strong>temporis</strong></span> <span class='ocrx_word' id='word_1_202' title='bbox 936 1988 1071 2036; x_wconf 83' lang='lat' dir='ltr'><strong>valet</strong></span> <span class='ocrx_word' id='word_1_203' title='bbox 1117 1987 1312 2051; x_wconf 75' lang='lat' dir='ltr'><strong>yradus</strong></span> <span class='ocrx_word' id='word_1_204' title='bbox 1358 2002 1494 2036; x_wconf 80' lang='lat' dir='ltr'><strong>unus</strong></span> <span class='ocrx_word' id='word_1_205' title='bbox 1541 1987 1601 2036; x_wconf 87' lang='lat' dir='ltr'><strong>de</strong></span> <span class='ocrx_word' id='word_1_206' title='bbox 1651 1986 1943 2050; x_wconf 77' lang='lat' dir='ltr'><strong>differentia</strong></span> <span class='ocrx_word' id='word_1_207' title='bbox 1979 1985 2358 2048; x_wconf 75' lang='lat' dir='ltr'><strong>lonqitudinum</strong></span> <span class='ocrx_word' id='word_1_208' title='bbox 2397 1988 2455 2035; x_wconf 81' lang='lat' dir='ltr'><strong>in</strong></span> 
     </span>
     <span class='ocr_line' id='line_1_25' title="bbox 202 2056 2455 2125; baseline -0.001 -15"><span class='ocrx_word' id='word_1_209' title='bbox 202 2061 396 2111; x_wconf 66' lang='lat' dir='ltr'><strong>Terra?</strong></span> <span class='ocrx_word' id='word_1_210' title='bbox 450 2061 572 2110; x_wconf 88' lang='lat' dir='ltr'><strong>Cum</strong></span> <span class='ocrx_word' id='word_1_211' title='bbox 612 2062 698 2112; x_wconf 87' lang='lat' dir='ltr'><strong>Sol</strong></span> <span class='ocrx_word' id='word_1_212' title='bbox 737 2062 800 2111; x_wconf 91' lang='lat' dir='ltr'><strong>ad</strong></span> <span class='ocrx_word' id='word_1_213' title='bbox 839 2059 1059 2125; x_wconf 88' lang='lat' dir='ltr'><strong>ejusdem</strong></span> <span class='ocrx_word' id='word_1_214' title='bbox 1095 2059 1190 2110; x_wconf 90' lang='lat' dir='ltr'><strong>loci</strong></span> <span class='ocrx_word' id='word_1_215' title='bbox 1231 2060 1550 2110; x_wconf 89' lang='lat' dir='ltr'><strong>meridianum</strong></span> <span class='ocrx_word' id='word_1_216' title='bbox 1589 2074 1836 2120; x_wconf 86' lang='lat' dir='ltr'><strong>reversus,</strong></span> <span class='ocrx_word' id='word_1_217' title='bbox 1887 2056 2015 2107; x_wconf 89' lang='lat' dir='ltr'><strong>unde</strong></span> <span class='ocrx_word' id='word_1_218' title='bbox 2054 2064 2158 2107; x_wconf 92' lang='lat' dir='ltr'><strong>erat</strong></span> <span class='ocrx_word' id='word_1_219' title='bbox 2195 2057 2455 2122; x_wconf 81' lang='lat' dir='ltr'><strong>digressus,</strong></span> 
     </span>
     <span class='ocr_line' id='line_1_26' title="bbox 194 2131 2455 2198; baseline 0 -15"><span class='ocrx_word' id='word_1_220' title='bbox 194 2140 374 2185; x_wconf 87' lang='lat' dir='ltr'><strong>metam</strong></span> <span class='ocrx_word' id='word_1_221' title='bbox 410 2135 530 2198; x_wconf 88' lang='lat' dir='ltr'><strong>figat</strong></span> <span class='ocrx_word' id='word_1_222' title='bbox 568 2134 663 2185; x_wconf 89' lang='lat' dir='ltr'><strong>diei</strong></span> <span class='ocrx_word' id='word_1_223' title='bbox 702 2140 751 2184; x_wconf 90' lang='lat' dir='ltr'><strong>et</strong></span> <span class='ocrx_word' id='word_1_224' title='bbox 788 2137 919 2184; x_wconf 89' lang='lat' dir='ltr'><strong>nocti</strong></span> <span class='ocrx_word' id='word_1_225' title='bbox 958 2134 1194 2194; x_wconf 88' lang='lat' dir='ltr'><strong>naturali,</strong></span> <span class='ocrx_word' id='word_1_226' title='bbox 1243 2134 1470 2183; x_wconf 90' lang='lat' dir='ltr'><strong>horarum</strong></span> <span class='ocrx_word' id='word_1_227' title='bbox 1512 2135 1595 2195; x_wconf 88' lang='grc'><strong>24,</strong></span> <span class='ocrx_word' id='word_1_228' title='bbox 1644 2147 1759 2196; x_wconf 91' lang='lat' dir='ltr'><strong>ergo</strong></span> <span class='ocrx_word' id='word_1_229' title='bbox 1803 2131 1866 2180; x_wconf 91' lang='lat'><strong>15</strong></span> <span class='ocrx_word' id='word_1_230' title='bbox 1907 2138 2128 2194; x_wconf 85' lang='lat' dir='ltr'><strong>tempora</strong></span> <span class='ocrx_word' id='word_1_231' title='bbox 2177 2133 2455 2195; x_wconf 72' lang='lat' dir='ltr'><strong>aequatoris</strong></span> 
     </span>
     <span class='ocr_line' id='line_1_27' title="bbox 191 2203 2454 2271; baseline -0 -14"><span class='ocrx_word' id='word_1_232' title='bbox 191 2209 427 2257; x_wconf 87' lang='lat' dir='ltr'><strong>terrestris</strong></span> <span class='ocrx_word' id='word_1_233' title='bbox 468 2208 636 2258; x_wconf 88' lang='lat' dir='ltr'><strong>valent</strong></span> <span class='ocrx_word' id='word_1_234' title='bbox 672 2208 842 2257; x_wconf 81' lang='lat' dir='ltr'><strong>horam</strong></span> <span class='ocrx_word' id='word_1_235' title='bbox 879 2222 1054 2269; x_wconf 91' lang='lat' dir='ltr'><strong>unam,</strong></span> <span class='ocrx_word' id='word_1_236' title='bbox 1094 2213 1286 2271; x_wconf 84' lang='lat' dir='ltr'><strong>tempus</strong></span> <span class='ocrx_word' id='word_1_237' title='bbox 1323 2220 1410 2257; x_wconf 88' lang='lat' dir='ltr'><strong>seu</strong></span> <span class='ocrx_word' id='word_1_238' title='bbox 1449 2206 1628 2271; x_wconf 87' lang='lat' dir='ltr'><strong>gradus</strong></span> <span class='ocrx_word' id='word_1_239' title='bbox 1666 2206 1792 2255; x_wconf 88' lang='lat' dir='ltr'><strong>unus</strong></span> <span class='ocrx_word' id='word_1_240' title='bbox 1832 2210 2042 2267; x_wconf 88' lang='lat' dir='ltr'><strong>quatuor</strong></span> <span class='ocrx_word' id='word_1_241' title='bbox 2079 2203 2228 2254; x_wconf 86' lang='lat' dir='ltr'><strong>horae</strong></span> <span class='ocrx_word' id='word_1_242' title='bbox 2266 2206 2454 2256; x_wconf 84' lang='lat' dir='ltr'><strong>minuta</strong></span> 
     </span>
     <span class='ocr_line' id='line_1_28' title="bbox 194 2280 633 2345; baseline 0 -15"><span class='ocrx_word' id='word_1_243' title='bbox 194 2286 241 2330; x_wconf 91' lang='lat' dir='ltr'><strong>et</strong></span> <span class='ocrx_word' id='word_1_244' title='bbox 278 2282 348 2330; x_wconf 90' lang='lat' dir='ltr'><strong>sic</strong></span> <span class='ocrx_word' id='word_1_245' title='bbox 389 2280 633 2345; x_wconf 87' lang='lat' dir='ltr'><strong>deinceps.</strong></span> 
     </span>
    </p>
   </div>
   <div class='ocr_carea' id='block_1_9' title="bbox 343 2350 2508 2420">
    <p class='ocr_par' dir='ltr' id='par_1_12' title="bbox 343 2350 2508 2420">
     <span class='ocr_line' id='line_1_29' title="bbox 343 2350 2508 2420; baseline 0 -17"><span class='ocrx_word' id='word_1_246' title='bbox 343 2354 604 2418; x_wconf 81' lang='lat' dir='ltr'><strong>Quomodo</strong></span> <span class='ocrx_word' id='word_1_247' title='bbox 652 2354 939 2420; x_wconf 84' lang='lat' dir='ltr'><strong>differentia</strong></span> <span class='ocrx_word' id='word_1_248' title='bbox 985 2351 1317 2416; x_wconf 76' lang='lat' dir='ltr'><strong>lonyitudinis</strong></span> <span class='ocrx_word' id='word_1_249' title='bbox 1363 2353 1587 2403; x_wconf 74' lang='lat' dir='ltr'><strong>locorum</strong></span> <span class='ocrx_word' id='word_1_250' title='bbox 1632 2355 1688 2400; x_wconf 89' lang='lat' dir='ltr'><strong>in</strong></span> <span class='ocrx_word' id='word_1_251' title='bbox 1735 2351 1894 2400; x_wconf 77' lang='lat' dir='ltr'><strong>Terra</strong></span> <span class='ocrx_word' id='word_1_252' title='bbox 1948 2350 2322 2413; x_wconf 76' lang='lat' dir='ltr'><strong>investiyatur?</strong></span> <span class='ocrx_word' id='word_1_253' title='bbox 2375 2350 2449 2399; x_wconf 82' lang='lat' dir='ltr'><strong>Ex</strong></span> <span class='ocrx_word' id='word_1_254' title='bbox 2504 2398 2508 2403; x_wconf 86' lang='lat'>.</span> 
     </span>
    </p>
   </div>
   <div class='ocr_carea' id='block_1_10' title="bbox 193 2424 2456 2492">
    <p class='ocr_par' dir='ltr' id='par_1_13' title="bbox 193 2424 2456 2492">
     <span class='ocr_line' id='line_1_30' title="bbox 193 2424 2456 2492; baseline -0.001 -16"><span class='ocrx_word' id='word_1_255' title='bbox 193 2427 532 2477; x_wconf 86' lang='lat' dir='ltr'><strong>altitudinibus</strong></span> <span class='ocrx_word' id='word_1_256' title='bbox 568 2426 670 2492; x_wconf 89' lang='lat' dir='ltr'><strong>poli</strong></span> <span class='ocrx_word' id='word_1_257' title='bbox 709 2433 756 2477; x_wconf 90' lang='lat' dir='ltr'><strong>et</strong></span> <span class='ocrx_word' id='word_1_258' title='bbox 795 2427 1027 2477; x_wconf 85' lang='lat' dir='ltr'><strong>distantia</strong></span> <span class='ocrx_word' id='word_1_259' title='bbox 1063 2426 1295 2475; x_wconf 87' lang='lat' dir='ltr'><strong>locorum.</strong></span> <span class='ocrx_word' id='word_1_260' title='bbox 1360 2425 1486 2475; x_wconf 87' lang='lat' dir='ltr'><strong>Nam</strong></span> <span class='ocrx_word' id='word_1_261' title='bbox 1524 2427 1565 2474; x_wconf 89' lang='lat' dir='ltr'><strong>si</strong></span> <span class='ocrx_word' id='word_1_262' title='bbox 1590 2427 1771 2474; x_wconf 84' lang='lat' dir='ltr'><strong>sciatur</strong></span> <span class='ocrx_word' id='word_1_263' title='bbox 1810 2424 2044 2473; x_wconf 82' lang='lat' dir='ltr'><strong>distantia</strong></span> <span class='ocrx_word' id='word_1_264' title='bbox 2068 2424 2316 2472; x_wconf 85' lang='lat' dir='ltr'><strong>itineraria</strong></span> <span class='ocrx_word' id='word_1_265' title='bbox 2345 2425 2456 2473; x_wconf 86' lang='lat' dir='ltr'><strong>viae</strong></span> 
     </span>
    </p>
   </div>
   <div class='ocr_carea' id='block_1_11' title="bbox 193 2494 2516 2638">
    <p class='ocr_par' dir='ltr' id='par_1_14' title="bbox 193 2494 2516 2638">
     <span class='ocr_line' id='line_1_31' title="bbox 195 2494 2516 2561; baseline -0.002 -12"><span class='ocrx_word' id='word_1_266' title='bbox 195 2500 405 2550; x_wconf 86' lang='lat' dir='ltr'><strong>directae</strong></span> <span class='ocrx_word' id='word_1_267' title='bbox 431 2502 480 2548; x_wconf 90' lang='lat' dir='ltr'><strong>in</strong></span> <span class='ocrx_word' id='word_1_268' title='bbox 504 2501 795 2550; x_wconf 86' lang='lat' dir='ltr'><strong>milliaribus</strong></span> <span class='ocrx_word' id='word_1_269' title='bbox 823 2500 1142 2560; x_wconf 84' lang='lat' dir='ltr'><strong>Germanicis,</strong></span> <span class='ocrx_word' id='word_1_270' title='bbox 1177 2513 1237 2548; x_wconf 89' lang='lat' dir='ltr'><strong>ea</strong></span> <span class='ocrx_word' id='word_1_271' title='bbox 1274 2500 1646 2550; x_wconf 64' lang='lat' dir='ltr'><strong>convertitur&#39;in</strong></span> <span class='ocrx_word' id='word_1_272' title='bbox 1685 2497 1867 2561; x_wconf 88' lang='lat' dir='ltr'><strong>gradus</strong></span> <span class='ocrx_word' id='word_1_273' title='bbox 1894 2498 2037 2545; x_wconf 89' lang='lat' dir='ltr'><strong>unius</strong></span> <span class='ocrx_word' id='word_1_274' title='bbox 2076 2495 2241 2545; x_wconf 89' lang='lat' dir='ltr'><strong>circuli</strong></span> <span class='ocrx_word' id='word_1_275' title='bbox 2274 2497 2453 2559; x_wconf 87' lang='lat' dir='ltr'><strong>magni,</strong></span> <span class='ocrx_word' id='word_1_276' title='bbox 2503 2494 2516 2503; x_wconf 78' lang='grc'><strong>”’</strong></span> 
     </span>
     <span class='ocr_line' id='line_1_32' title="bbox 193 2568 2475 2638; baseline -0.002 -15"><span class='ocrx_word' id='word_1_277' title='bbox 193 2588 279 2638; x_wconf 88' lang='lat' dir='ltr'><strong>per</strong></span> <span class='ocrx_word' id='word_1_278' title='bbox 316 2579 573 2637; x_wconf 88' lang='lat' dir='ltr'><strong>utrumque</strong></span> <span class='ocrx_word' id='word_1_279' title='bbox 610 2573 772 2623; x_wconf 89' lang='lat' dir='ltr'><strong>locum</strong></span> <span class='ocrx_word' id='word_1_280' title='bbox 811 2573 1047 2633; x_wconf 88' lang='lat' dir='ltr'><strong>traducti,</strong></span> <span class='ocrx_word' id='word_1_281' title='bbox 1097 2568 1269 2621; x_wconf 89' lang='lat' dir='ltr'><strong>sumtis</strong></span> <span class='ocrx_word' id='word_1_282' title='bbox 1327 2573 1389 2620; x_wconf 86' lang='lat'><strong>15</strong></span> <span class='ocrx_word' id='word_1_283' title='bbox 1437 2571 1726 2620; x_wconf 88' lang='lat' dir='ltr'><strong>milliaribus</strong></span> <span class='ocrx_word' id='word_1_284' title='bbox 1757 2585 1860 2635; x_wconf 74' lang='lat' dir='ltr'><strong>vpro</strong></span> <span class='ocrx_word' id='word_1_285' title='bbox 1910 2583 2009 2618; x_wconf 89' lang='lat' dir='ltr'><strong>uno</strong></span> <span class='ocrx_word' id='word_1_286' title='bbox 2061 2568 2246 2632; x_wconf 88' lang='lat' dir='ltr'><strong>gradu;</strong></span> <span class='ocrx_word' id='word_1_287' title='bbox 2302 2569 2378 2618; x_wconf 89' lang='lat' dir='ltr'><strong>vel</strong></span> <span class='ocrx_word' id='word_1_288' title='bbox 2415 2570 2475 2618; x_wconf 86' lang='lat' dir='ltr'><strong>si.</strong></span> 
     </span>
    </p>
   </div>
   <div class='ocr_carea' id='block_1_12' title="bbox 193 2641 2458 2784">
    <p class='ocr_par' dir='ltr' id='par_1_15' title="bbox 193 2641 2458 2784">
     <span class='ocr_line' id='line_1_33' title="bbox 193 2641 2458 2710; baseline -0.003 -14"><span class='ocrx_word' id='word_1_289' title='bbox 193 2646 316 2696; x_wconf 88' lang='lat' dir='ltr'><strong>alter</strong></span> <span class='ocrx_word' id='word_1_290' title='bbox 362 2646 503 2696; x_wconf 89' lang='lat' dir='ltr'><strong>locus</strong></span> <span class='ocrx_word' id='word_1_291' title='bbox 559 2661 618 2696; x_wconf 87' lang='lat' dir='ltr'><strong>ex</strong></span> <span class='ocrx_word' id='word_1_292' title='bbox 658 2646 810 2697; x_wconf 91' lang='lat' dir='ltr'><strong>altero</strong></span> <span class='ocrx_word' id='word_1_293' title='bbox 850 2647 1063 2710; x_wconf 87' lang='lat' dir='ltr'><strong>conspici</strong></span> <span class='ocrx_word' id='word_1_294' title='bbox 1105 2647 1287 2709; x_wconf 89' lang='lat' dir='ltr'><strong>possit,</strong></span> <span class='ocrx_word' id='word_1_295' title='bbox 1338 2659 1480 2694; x_wconf 88' lang='lat' dir='ltr'><strong>arcus</strong></span> <span class='ocrx_word' id='word_1_296' title='bbox 1528 2643 1694 2694; x_wconf 88' lang='lat' dir='ltr'><strong>circuli</strong></span> <span class='ocrx_word' id='word_1_297' title='bbox 1734 2646 1898 2708; x_wconf 88' lang='lat' dir='ltr'><strong>magni</strong></span> <span class='ocrx_word' id='word_1_298' title='bbox 1946 2645 2071 2691; x_wconf 90' lang='lat' dir='ltr'><strong>inter</strong></span> <span class='ocrx_word' id='word_1_299' title='bbox 2107 2641 2217 2692; x_wconf 80' lang='lat' dir='ltr'><strong>loca</strong></span> <span class='ocrx_word' id='word_1_300' title='bbox 2254 2643 2458 2692; x_wconf 85' lang='lat' dir='ltr'><strong>investi-</strong></span> 
     </span>
     <span class='ocr_line' id='line_1_34' title="bbox 193 2715 2458 2784; baseline -0.002 -16"><span class='ocrx_word' id='word_1_301' title='bbox 193 2725 338 2784; x_wconf 88' lang='lat' dir='ltr'><strong>gatur</strong></span> <span class='ocrx_word' id='word_1_302' title='bbox 374 2735 434 2769; x_wconf 88' lang='lat' dir='ltr'><strong>ea</strong></span> <span class='ocrx_word' id='word_1_303' title='bbox 472 2720 727 2782; x_wconf 90' lang='lat' dir='ltr'><strong>methodo,</strong></span> <span class='ocrx_word' id='word_1_304' title='bbox 768 2735 893 2784; x_wconf 90' lang='lat' dir='ltr'><strong>quae</strong></span> <span class='ocrx_word' id='word_1_305' title='bbox 930 2720 1055 2768; x_wconf 90' lang='lat' dir='ltr'><strong>libro</strong></span> <span class='ocrx_word' id='word_1_306' title='bbox 1094 2720 1251 2782; x_wconf 89' lang='lat' dir='ltr'><strong>primo</strong></span> <span class='ocrx_word' id='word_1_307' title='bbox 1289 2724 1364 2767; x_wconf 88' lang='lat' dir='ltr'><strong>est</strong></span> <span class='ocrx_word' id='word_1_308' title='bbox 1401 2717 1593 2767; x_wconf 89' lang='lat' dir='ltr'><strong>tradita.</strong></span> <span class='ocrx_word' id='word_1_309' title='bbox 1671 2717 1809 2766; x_wconf 87' lang='lat' dir='ltr'><strong>Tunc</strong></span> <span class='ocrx_word' id='word_1_310' title='bbox 1847 2717 1994 2781; x_wconf 86' lang='lat' dir='ltr'><strong>igitur</strong></span> <span class='ocrx_word' id='word_1_311' title='bbox 2031 2715 2265 2763; x_wconf 80' lang='lat' dir='ltr'><strong>formatur</strong></span> <span class='ocrx_word' id='word_1_312' title='bbox 2303 2716 2458 2764; x_wconf 86' lang='lat' dir='ltr'><strong>trian-</strong></span> 
     </span>
    </p>
   </div>
   <div class='ocr_carea' id='block_1_13' title="bbox 193 2787 2495 2856">
    <p class='ocr_par' dir='ltr' id='par_1_16' title="bbox 193 2787 2495 2856">
     <span class='ocr_line' id='line_1_35' title="bbox 193 2787 2495 2856; baseline -0.001 -15"><span class='ocrx_word' id='word_1_313' title='bbox 193 2792 361 2856; x_wconf 87' lang='lat' dir='ltr'><strong>gulum</strong></span> <span class='ocrx_word' id='word_1_314' title='bbox 399 2791 502 2842; x_wconf 90' lang='lat' dir='ltr'><strong>SIP</strong></span> <span class='ocrx_word' id='word_1_315' title='bbox 545 2798 658 2853; x_wconf 84' lang='lat' dir='ltr'><strong>(Fig.</strong></span> <span class='ocrx_word' id='word_1_316' title='bbox 690 2797 768 2853; x_wconf 86' lang='lat'><strong>45)</strong></span> <span class='ocrx_word' id='word_1_317' title='bbox 825 2795 949 2842; x_wconf 89' lang='lat' dir='ltr'><strong>inter</strong></span> <span class='ocrx_word' id='word_1_318' title='bbox 986 2793 1101 2841; x_wconf 88' lang='lat' dir='ltr'><strong>bina</strong></span> <span class='ocrx_word' id='word_1_319' title='bbox 1139 2791 1251 2841; x_wconf 86' lang='lat' dir='ltr'><strong>looa</strong></span> <span class='ocrx_word' id='word_1_320' title='bbox 1288 2790 1348 2851; x_wconf 88' lang='lat' dir='ltr'><strong>S,</strong></span> <span class='ocrx_word' id='word_1_321' title='bbox 1399 2791 1425 2839; x_wconf 90' lang='lat'>1</span> <span class='ocrx_word' id='word_1_322' title='bbox 1463 2797 1512 2841; x_wconf 90' lang='lat' dir='ltr'><strong>et</strong></span> <span class='ocrx_word' id='word_1_323' title='bbox 1548 2787 1716 2854; x_wconf 90' lang='lat' dir='ltr'><strong>polum</strong></span> <span class='ocrx_word' id='word_1_324' title='bbox 1752 2790 1904 2840; x_wconf 88' lang='lat' dir='ltr'><strong>Terra</strong></span> <span class='ocrx_word' id='word_1_325' title='bbox 1941 2789 2011 2848; x_wconf 92' lang='lat' dir='ltr'><strong>P,</strong></span> <span class='ocrx_word' id='word_1_326' title='bbox 2063 2793 2288 2837; x_wconf 89' lang='lat' dir='ltr'><strong>notorum</strong></span> <span class='ocrx_word' id='word_1_327' title='bbox 2326 2788 2495 2839; x_wconf 79' lang='lat' dir='ltr'><strong>late-⁸</strong></span> 
     </span>
    </p>
   </div>
   <div class='ocr_carea' id='block_1_14' title="bbox 192 2860 2454 2930">
    <p class='ocr_par' dir='ltr' id='par_1_17' title="bbox 192 2860 2454 2930">
     <span class='ocr_line' id='line_1_36' title="bbox 192 2860 2454 2930; baseline -0.001 -16"><span class='ocrx_word' id='word_1_328' title='bbox 192 2881 314 2927; x_wconf 90' lang='lat' dir='ltr'><strong>rum,</strong></span> <span class='ocrx_word' id='word_1_329' title='bbox 353 2871 523 2930; x_wconf 88' lang='lat' dir='ltr'><strong>estque</strong></span> <span class='ocrx_word' id='word_1_330' title='bbox 562 2880 820 2929; x_wconf 88' lang='lat' dir='ltr'><strong>processus</strong></span> <span class='ocrx_word' id='word_1_331' title='bbox 860 2864 1189 2929; x_wconf 82' lang='lat' dir='ltr'><strong>investigandi</strong></span> <span class='ocrx_word' id='word_1_332' title='bbox 1229 2863 1460 2928; x_wconf 88' lang='lat' dir='ltr'><strong>angulum</strong></span> <span class='ocrx_word' id='word_1_333' title='bbox 1499 2863 1563 2913; x_wconf 90' lang='lat' dir='ltr'><strong>ad</strong></span> <span class='ocrx_word' id='word_1_334' title='bbox 1599 2862 1782 2927; x_wconf 93' lang='lat' dir='ltr'><strong>polum,</strong></span> <span class='ocrx_word' id='word_1_335' title='bbox 1822 2878 1910 2913; x_wconf 89' lang='lat' dir='ltr'><strong>scu</strong></span> <span class='ocrx_word' id='word_1_336' title='bbox 1937 2861 2256 2911; x_wconf 82' lang='lat' dir='ltr'><strong>differentiam</strong></span> <span class='ocrx_word' id='word_1_337' title='bbox 2294 2860 2454 2926; x_wconf 83' lang='lat' dir='ltr'><strong>longi·</strong></span> 
     </span>
    </p>
   </div>
   <div class='ocr_carea' id='block_1_15' title="bbox 195 2933 2503 3004">
    <p class='ocr_par' dir='ltr' id='par_1_18' title="bbox 195 2933 2503 3004">
     <span class='ocr_line' id='line_1_37' title="bbox 195 2933 2503 3004; baseline -0.002 -17"><span class='ocrx_word' id='word_1_338' title='bbox 195 2937 391 3000; x_wconf 89' lang='lat' dir='ltr'><strong>tudinis,</strong></span> <span class='ocrx_word' id='word_1_339' title='bbox 431 2939 577 3002; x_wconf 87' lang='lat' dir='ltr'><strong>plane</strong></span> <span class='ocrx_word' id='word_1_340' title='bbox 617 2938 759 3001; x_wconf 91' lang='lat' dir='ltr'><strong>idem,</strong></span> <span class='ocrx_word' id='word_1_341' title='bbox 800 2941 884 3004; x_wconf 92' lang='lat' dir='ltr'><strong>qui</strong></span> <span class='ocrx_word' id='word_1_342' title='bbox 920 2939 1012 2988; x_wconf 79' lang='lat' dir='ltr'><strong>fuit</strong></span> <span class='ocrx_word' id='word_1_343' title='bbox 1037 2938 1276 3001; x_wconf 89' lang='lat' dir='ltr'><strong>superius,</strong></span> <span class='ocrx_word' id='word_1_344' title='bbox 1318 2951 1427 2985; x_wconf 91' lang='lat' dir='ltr'><strong>cum</strong></span> <span class='ocrx_word' id='word_1_345' title='bbox 1454 2941 1765 2999; x_wconf 87' lang='lat' dir='ltr'><strong>quaereretur</strong></span> <span class='ocrx_word' id='word_1_346' title='bbox 1795 2935 2066 2986; x_wconf 82' lang='lat' dir='ltr'><strong>differentia</strong></span> <span class='ocrx_word' id='word_1_347' title='bbox 2090 2933 2457 2997; x_wconf 80' lang='lat' dir='ltr'><strong>ascensionalis,</strong></span> <span class='ocrx_word' id='word_1_348' title='bbox 2499 2968 2503 2969; x_wconf 26' lang='lat' dir='ltr'><em>ff</em></span> 
     </span>
    </p>
   </div>
   <div class='ocr_carea' id='block_1_16' title="bbox 196 3009 1760 3076">
    <p class='ocr_par' dir='ltr' id='par_1_19' title="bbox 196 3009 1760 3076">
     <span class='ocr_line' id='line_1_38' title="bbox 196 3009 1760 3076; baseline -0.001 -17"><span class='ocrx_word' id='word_1_349' title='bbox 196 3011 363 3061; x_wconf 88' lang='lat' dir='ltr'><strong>itidem</strong></span> <span class='ocrx_word' id='word_1_350' title='bbox 402 3027 461 3062; x_wconf 87' lang='lat' dir='ltr'><strong>ex</strong></span> <span class='ocrx_word' id='word_1_351' title='bbox 500 3011 760 3074; x_wconf 89' lang='lat' dir='ltr'><strong>distantia,</strong></span> <span class='ocrx_word' id='word_1_352' title='bbox 801 3014 968 3076; x_wconf 86' lang='lat' dir='ltr'><strong>itaque</strong></span> <span class='ocrx_word' id='word_1_353' title='bbox 1007 3015 1195 3060; x_wconf 88' lang='lat' dir='ltr'><strong>tantum</strong></span> <span class='ocrx_word' id='word_1_354' title='bbox 1234 3009 1470 3074; x_wconf 87' lang='lat' dir='ltr'><strong>exemplis</strong></span> <span class='ocrx_word' id='word_1_355' title='bbox 1509 3022 1632 3072; x_wconf 88' lang='lat' dir='ltr'><strong>opus</strong></span> <span class='ocrx_word' id='word_1_356' title='bbox 1672 3014 1760 3058; x_wconf 89' lang='lat' dir='ltr'><strong>est.</strong></span> 
     </span>
    </p>
   </div>
   <div class='ocr_carea' id='block_1_17' title="bbox 906 3123 1750 3188">
    <p class='ocr_par' dir='ltr' id='par_1_20' title="bbox 906 3123 1750 3188">
     <span class='ocr_line' id='line_1_39' title="bbox 906 3123 1750 3188; baseline -0.006 -11"><span class='ocrx_word' id='word_1_357' title='bbox 906 3127 1017 3178; x_wconf 88' lang='lat' dir='ltr'><strong>Sint</strong></span> <span class='ocrx_word' id='word_1_358' title='bbox 1052 3127 1163 3177; x_wconf 88' lang='lat' dir='ltr'><strong>loca</strong></span> <span class='ocrx_word' id='word_1_359' title='bbox 1201 3125 1474 3176; x_wconf 88' lang='lat' dir='ltr'><strong>latitudinis</strong></span> <span class='ocrx_word' id='word_1_360' title='bbox 1514 3123 1750 3188; x_wconf 76' lang='lat' dir='ltr'><strong>eJusdem.</strong></span> 
     </span>
    </p>
   </div>
   <div class='ocr_carea' id='block_1_18' title="bbox 198 3223 2462 3867">
    <p class='ocr_par' dir='ltr' id='par_1_21' title="bbox 198 3223 2462 3867">
     <span class='ocr_line' id='line_1_40' title="bbox 632 3223 2024 3282; baseline -0.003 -13"><span class='ocrx_word' id='word_1_361' title='bbox 632 3230 771 3270; x_wconf 90' lang='lat' dir='ltr'><strong>Lincii</strong></span> <span class='ocrx_word' id='word_1_362' title='bbox 801 3234 864 3271; x_wconf 84' lang='lat' dir='ltr'><strong>est</strong></span> <span class='ocrx_word' id='word_1_363' title='bbox 894 3231 965 3272; x_wconf 81' lang='lat' dir='ltr'><strong>alt.</strong></span> <span class='ocrx_word' id='word_1_364' title='bbox 995 3230 1085 3282; x_wconf 85' lang='lat' dir='ltr'><strong>poli</strong></span> <span class='ocrx_word' id='word_1_365' title='bbox 1114 3241 1187 3269; x_wconf 81' lang='lat' dir='ltr'><strong>seu</strong></span> <span class='ocrx_word' id='word_1_366' title='bbox 1215 3227 1290 3270; x_wconf 66' lang='lat' dir='ltr'><strong>lat.</strong></span> <span class='ocrx_word' id='word_1_367' title='bbox 1321 3228 1404 3267; x_wconf 86' lang='lat' dir='ltr'><strong>loci</strong></span> <span class='ocrx_word' id='word_1_368' title='bbox 1434 3225 1515 3268; x_wconf 97' lang='grc'>480</span> <span class='ocrx_word' id='word_1_369' title='bbox 1545 3226 1628 3276; x_wconf 82' lang='grc'><strong>16’,</strong></span> <span class='ocrx_word' id='word_1_370' title='bbox 1660 3226 1811 3277; x_wconf 84' lang='lat' dir='ltr'><strong>compl.</strong></span> <span class='ocrx_word' id='word_1_371' title='bbox 1844 3223 1924 3266; x_wconf 85' lang='lat'><strong>41⁰</strong></span> <span class='ocrx_word' id='word_1_372' title='bbox 1951 3226 2024 3266; x_wconf 80' lang='lat'><strong>44‘</strong></span> 
     </span>
     <span class='ocr_line' id='line_1_41' title="bbox 635 3284 2022 3339; baseline -0.002 -11"><span class='ocrx_word' id='word_1_373' title='bbox 635 3289 770 3329; x_wconf 85' lang='lat' dir='ltr'><strong>Gratii</strong></span> <span class='ocrx_word' id='word_1_374' title='bbox 797 3290 965 3339; x_wconf 75' lang='lat' dir='ltr'><strong>styriae</strong></span> <span class='ocrx_word' id='word_1_375' title='bbox 1017 3316 1396 3330; x_wconf 80' lang='grc'><strong>......</strong></span> <span class='ocrx_word' id='word_1_376' title='bbox 1436 3287 1510 3328; x_wconf 83' lang='grc'><strong>47.</strong></span> <span class='ocrx_word' id='word_1_377' title='bbox 1575 3287 1618 3326; x_wconf 88' lang='grc'><strong>2.</strong></span> <span class='ocrx_word' id='word_1_378' title='bbox 1708 3315 1735 3337; x_wconf 92' lang='lat'>„</span> <span class='ocrx_word' id='word_1_379' title='bbox 1845 3286 1916 3324; x_wconf 89' lang='grc'><strong>42.</strong></span> <span class='ocrx_word' id='word_1_380' title='bbox 1953 3284 2022 3325; x_wconf 85' lang='grc'><strong>58.</strong></span> 
     </span>
     <span class='ocr_line' id='line_1_42' title="bbox 198 3339 2460 3398; baseline -0.002 -14"><span class='ocrx_word' id='word_1_381' title='bbox 198 3345 401 3398; x_wconf 82' lang='lat' dir='ltr'><strong>Utrinque</strong></span> <span class='ocrx_word' id='word_1_382' title='bbox 433 3346 784 3397; x_wconf 87' lang='lat' dir='ltr'><strong>septentrionalis.</strong></span> <span class='ocrx_word' id='word_1_383' title='bbox 845 3348 1125 3388; x_wconf 83' lang='lat' dir='ltr'><strong>Numerantur</strong></span> <span class='ocrx_word' id='word_1_384' title='bbox 1165 3350 1302 3387; x_wconf 88' lang='lat' dir='ltr'><strong>autem</strong></span> <span class='ocrx_word' id='word_1_385' title='bbox 1333 3345 1478 3385; x_wconf 75' lang='lat' dir='ltr'><strong>Line-io</strong></span> <span class='ocrx_word' id='word_1_386' title='bbox 1511 3343 1706 3384; x_wconf 82' lang='lat' dir='ltr'><strong>Gratium</strong></span> <span class='ocrx_word' id='word_1_387' title='bbox 1743 3340 1945 3382; x_wconf 85' lang='lat' dir='ltr'><strong>milliaria</strong></span> <span class='ocrx_word' id='word_1_388' title='bbox 1975 3342 2026 3382; x_wconf 84' lang='lat' dir='ltr'><strong>ad</strong></span> <span class='ocrx_word' id='word_1_389' title='bbox 2058 3353 2267 3384; x_wconf 85' lang='lat' dir='ltr'><strong>summum</strong></span> <span class='ocrx_word' id='word_1_390' title='bbox 2299 3343 2376 3392; x_wconf 88' lang='lat'><strong>30,</strong></span> <span class='ocrx_word' id='word_1_391' title='bbox 2416 3339 2460 3380; x_wconf 87' lang='lat' dir='ltr'><strong>id</strong></span> 
     </span>
     <span class='ocr_line' id='line_1_43' title="bbox 201 3402 960 3455; baseline 0.007 -14"><span class='ocrx_word' id='word_1_392' title='bbox 201 3406 263 3442; x_wconf 86' lang='lat' dir='ltr'><strong>est</strong></span> <span class='ocrx_word' id='word_1_393' title='bbox 291 3402 442 3452; x_wconf 85' lang='lat' dir='ltr'><strong>gradus</strong></span> <span class='ocrx_word' id='word_1_394' title='bbox 472 3405 517 3442; x_wconf 90' lang='lat' dir='ltr'><strong>in</strong></span> <span class='ocrx_word' id='word_1_395' title='bbox 548 3404 702 3445; x_wconf 86' lang='lat' dir='ltr'><strong>circulo</strong></span> <span class='ocrx_word' id='word_1_396' title='bbox 732 3418 884 3455; x_wconf 87' lang='lat' dir='ltr'><strong>magno</strong></span> <span class='ocrx_word' id='word_1_397' title='bbox 918 3408 960 3447; x_wconf 82' lang='lat'><strong>2.</strong></span> 
     </span>
     <span class='ocr_line' id='line_1_44' title="bbox 372 3460 1797 3515; baseline -0.004 -11"><span class='ocrx_word' id='word_1_398' title='bbox 372 3461 452 3500; x_wconf 78' lang='lat'><strong>4⁵2⁰</strong></span> <span class='ocrx_word' id='word_1_399' title='bbox 483 3463 550 3502; x_wconf 82' lang='lat'><strong>58⁴</strong></span> <span class='ocrx_word' id='word_1_400' title='bbox 583 3461 638 3515; x_wconf 77' lang='grc'><strong>-1-</strong></span> <span class='ocrx_word' id='word_1_401' title='bbox 668 3464 748 3504; x_wconf 87' lang='grc'><strong>410</strong></span> <span class='ocrx_word' id='word_1_402' title='bbox 777 3466 849 3505; x_wconf 82' lang='grc'><strong>46’</strong></span> <span class='ocrx_word' id='word_1_403' title='bbox 879 3480 936 3499; x_wconf 88' lang='lat'><strong><em>=</em></strong></span> <span class='ocrx_word' id='word_1_404' title='bbox 967 3463 1048 3504; x_wconf 74' lang='lat'><strong>84⁰</strong></span> <span class='ocrx_word' id='word_1_405' title='bbox 1075 3462 1170 3512; x_wconf 73' lang='lat'><strong>44¹3</strong></span> <span class='ocrx_word' id='word_1_406' title='bbox 1201 3474 1362 3502; x_wconf 86' lang='lat' dir='ltr'><strong>summa</strong></span> <span class='ocrx_word' id='word_1_407' title='bbox 1392 3463 1528 3500; x_wconf 90' lang='lat' dir='ltr'><strong>minor</strong></span> <span class='ocrx_word' id='word_1_408' title='bbox 1556 3460 1797 3514; x_wconf 84' lang='lat' dir='ltr'><strong>quadrante.</strong></span> 
     </span>
     <span class='ocr_line' id='line_1_45' title="bbox 371 3515 2456 3573; baseline -0.003 -11"><span class='ocrx_word' id='word_1_409' title='bbox 371 3520 453 3559; x_wconf 81' lang='lat'><strong>47⁰</strong></span> <span class='ocrx_word' id='word_1_410' title='bbox 513 3520 554 3559; x_wconf 80' lang='lat'><strong>2¹</strong></span> <span class='ocrx_word' id='word_1_411' title='bbox 584 3519 640 3573; x_wconf 86' lang='grc' dir='ltr'><strong>-Ι-</strong></span> <span class='ocrx_word' id='word_1_412' title='bbox 670 3524 738 3561; x_wconf 86' lang='grc'><strong>41.</strong></span> <span class='ocrx_word' id='word_1_413' title='bbox 776 3525 831 3563; x_wconf 84' lang='grc'><strong>46</strong></span> <span class='ocrx_word' id='word_1_414' title='bbox 879 3537 937 3558; x_wconf 86' lang='grc'><strong>-·--</strong></span> <span class='ocrx_word' id='word_1_415' title='bbox 969 3524 1038 3564; x_wconf 91' lang='grc'><strong>88.</strong></span> <span class='ocrx_word' id='word_1_416' title='bbox 1074 3523 1145 3563; x_wconf 90' lang='grc'><strong>48.</strong></span> <span class='ocrx_word' id='word_1_417' title='bbox 1193 3523 1309 3561; x_wconf 84' lang='lat' dir='ltr'><strong>sinus</strong></span> <span class='ocrx_word' id='word_1_418' title='bbox 1342 3522 1508 3570; x_wconf 73' lang='lat'>999783</span> <span class='ocrx_word' id='word_1_419' title='bbox 1539 3518 1687 3570; x_wconf 88' lang='lat' dir='ltr'><strong>compl.</strong></span> <span class='ocrx_word' id='word_1_420' title='bbox 1720 3516 1902 3559; x_wconf 17' lang='lat'>840‘44‘</span> <span class='ocrx_word' id='word_1_421' title='bbox 1933 3518 2070 3557; x_wconf 89' lang='lat' dir='ltr'><strong>sinum</strong></span> <span class='ocrx_word' id='word_1_422' title='bbox 2101 3518 2218 3558; x_wconf 84' lang='grc'>9179</span> <span class='ocrx_word' id='word_1_423' title='bbox 2250 3515 2456 3567; x_wconf 75' lang='lat' dir='ltr'><strong>subtrahe,</strong></span> 
     </span>
     <span class='ocr_line' id='line_1_46' title="bbox 199 3570 2458 3632; baseline -0.001 -14"><span class='ocrx_word' id='word_1_424' title='bbox 199 3575 410 3620; x_wconf 86' lang='lat' dir='ltr'><strong>residuum</strong></span> <span class='ocrx_word' id='word_1_425' title='bbox 427 3580 584 3629; x_wconf 79' lang='grc'>90799,</span> <span class='ocrx_word' id='word_1_426' title='bbox 618 3579 838 3620; x_wconf 88' lang='lat' dir='ltr'><strong>dimidium</strong></span> <span class='ocrx_word' id='word_1_427' title='bbox 869 3582 1012 3622; x_wconf 82' lang='grc'>45400</span> <span class='ocrx_word' id='word_1_428' title='bbox 1045 3577 1099 3631; x_wconf 84' lang='lat' dir='ltr'><strong>(si</strong></span> <span class='ocrx_word' id='word_1_429' title='bbox 1129 3592 1290 3620; x_wconf 82' lang='lat' dir='ltr'><strong>summa</strong></span> <span class='ocrx_word' id='word_1_430' title='bbox 1319 3583 1531 3630; x_wconf 87' lang='lat' dir='ltr'><strong>superaret</strong></span> <span class='ocrx_word' id='word_1_431' title='bbox 1559 3577 1843 3632; x_wconf 75' lang='lat' dir='ltr'><strong>quadrantem,</strong></span> <span class='ocrx_word' id='word_1_432' title='bbox 1877 3588 2070 3615; x_wconf 85' lang='lat' dir='ltr'><strong>excessus</strong></span> <span class='ocrx_word' id='word_1_433' title='bbox 2092 3577 2231 3616; x_wconf 86' lang='lat' dir='ltr'><strong>sinum</strong></span> <span class='ocrx_word' id='word_1_434' title='bbox 2252 3570 2458 3626; x_wconf 81' lang='lat' dir='ltr'><strong>adderes).</strong></span> 
     </span>
     <span class='ocr_line' id='line_1_47' title="bbox 371 3633 2462 3689; baseline -0.002 -14"><span class='ocrx_word' id='word_1_435' title='bbox 371 3635 533 3687; x_wconf 78' lang='lat' dir='ltr'><strong>Gompl.</strong></span> <span class='ocrx_word' id='word_1_436' title='bbox 559 3638 785 3677; x_wconf 85' lang='lat' dir='ltr'><strong>distantiae</strong></span> <span class='ocrx_word' id='word_1_437' title='bbox 817 3639 864 3678; x_wconf 77' lang='lat'><strong>2¹¹</strong></span> <span class='ocrx_word' id='word_1_438' title='bbox 895 3640 1032 3679; x_wconf 89' lang='lat' dir='ltr'><strong>sinum</strong></span> <span class='ocrx_word' id='word_1_439' title='bbox 1054 3640 1198 3680; x_wconf 82' lang='lat'>99939</span> <span class='ocrx_word' id='word_1_440' title='bbox 1216 3650 1240 3676; x_wconf 88' lang='lat' dir='ltr'><strong>a</strong></span> <span class='ocrx_word' id='word_1_441' title='bbox 1261 3639 1354 3678; x_wconf 90' lang='lat' dir='ltr'><strong>sinu</strong></span> <span class='ocrx_word' id='word_1_442' title='bbox 1375 3639 1508 3689; x_wconf 88' lang='lat' dir='ltr'><strong>primo</strong></span> <span class='ocrx_word' id='word_1_443' title='bbox 1540 3637 1683 3678; x_wconf 85' lang='grc'>99978</span> <span class='ocrx_word' id='word_1_444' title='bbox 1714 3636 1922 3687; x_wconf 84' lang='lat' dir='ltr'><strong>subtrahe,</strong></span> <span class='ocrx_word' id='word_1_445' title='bbox 1954 3634 2164 3674; x_wconf 88' lang='lat' dir='ltr'><strong>residuum</strong></span> <span class='ocrx_word' id='word_1_446' title='bbox 2189 3635 2245 3675; x_wconf 85' lang='lat'><strong>39</strong></span> <span class='ocrx_word' id='word_1_447' title='bbox 2264 3633 2462 3673; x_wconf 69' lang='lat' dir='ltr'><strong>continua</strong></span> 
     </span>
     <span class='ocr_line' id='line_1_48' title="bbox 202 3691 1939 3750; baseline -0.001 -15"><span class='ocrx_word' id='word_1_448' title='bbox 202 3698 226 3735; x_wconf 81' lang='lat'>5</span> <span class='ocrx_word' id='word_1_449' title='bbox 261 3695 427 3747; x_wconf 87' lang='lat' dir='ltr'><strong>cyphris</strong></span> <span class='ocrx_word' id='word_1_450' title='bbox 458 3693 518 3747; x_wconf 84' lang='lat' dir='ltr'><strong>(si</strong></span> <span class='ocrx_word' id='word_1_451' title='bbox 548 3695 748 3734; x_wconf 86' lang='lat' dir='ltr'><strong>distantia</strong></span> <span class='ocrx_word' id='word_1_452' title='bbox 779 3702 989 3747; x_wconf 86' lang='lat' dir='ltr'><strong>superaret</strong></span> <span class='ocrx_word' id='word_1_453' title='bbox 1019 3698 1306 3750; x_wconf 86' lang='lat' dir='ltr'><strong>quadrantem,</strong></span> <span class='ocrx_word' id='word_1_454' title='bbox 1338 3708 1535 3736; x_wconf 85' lang='lat' dir='ltr'><strong>excessus</strong></span> <span class='ocrx_word' id='word_1_455' title='bbox 1565 3697 1702 3735; x_wconf 88' lang='lat' dir='ltr'><strong>sinum</strong></span> <span class='ocrx_word' id='word_1_456' title='bbox 1733 3691 1939 3746; x_wconf 83' lang='lat' dir='ltr'><strong>adderes).-</strong></span> 
     </span>
     <span class='ocr_line' id='line_1_49' title="bbox 377 3745 2459 3808; baseline -0.004 -13"><span class='ocrx_word' id='word_1_457' title='bbox 377 3755 579 3795; x_wconf 85' lang='lat'>3900000</span> <span class='ocrx_word' id='word_1_458' title='bbox 611 3766 619 3791; x_wconf 77' lang='grc' dir='ltr'><em>τ</em></span> <span class='ocrx_word' id='word_1_459' title='bbox 650 3755 794 3794; x_wconf 77' lang='grc'>45400</span> <span class='ocrx_word' id='word_1_460' title='bbox 825 3770 883 3790; x_wconf 87' lang='lat'>=</span> <span class='ocrx_word' id='word_1_461' title='bbox 914 3755 969 3794; x_wconf 86' lang='grc'><strong>86</strong></span> <span class='ocrx_word' id='word_1_462' title='bbox 982 3768 993 3808; x_wconf 78' lang='lat'><em>3</em></span> <span class='ocrx_word' id='word_1_463' title='bbox 1029 3756 1221 3807; x_wconf 85' lang='lat' dir='ltr'><strong>quotiens</strong></span> <span class='ocrx_word' id='word_1_464' title='bbox 1259 3759 1321 3794; x_wconf 86' lang='lat' dir='ltr'><strong>est</strong></span> <span class='ocrx_word' id='word_1_465' title='bbox 1365 3756 1480 3794; x_wconf 86' lang='lat' dir='ltr'><strong>sinus</strong></span> <span class='ocrx_word' id='word_1_466' title='bbox 1518 3765 1680 3805; x_wconf 82' lang='lat' dir='ltr'><strong>versus,</strong></span> <span class='ocrx_word' id='word_1_467' title='bbox 1723 3763 1817 3800; x_wconf 87' lang='lat' dir='ltr'><strong>ergo</strong></span> <span class='ocrx_word' id='word_1_468' title='bbox 1862 3753 1979 3791; x_wconf 87' lang='lat' dir='ltr'><strong>sinus</strong></span> <span class='ocrx_word' id='word_1_469' title='bbox 2017 3752 2162 3792; x_wconf 89' lang='grc'>99914</span> <span class='ocrx_word' id='word_1_470' title='bbox 2202 3751 2350 3802; x_wconf 84' lang='lat' dir='ltr'><strong>compl.</strong></span> <span class='ocrx_word' id='word_1_471' title='bbox 2381 3745 2459 3790; x_wconf 81' lang='lat'><strong>87·</strong></span> 
     </span>
     <span class='ocr_line' id='line_1_50' title="bbox 204 3810 1398 3867; baseline -0.001 -13"><span class='ocrx_word' id='word_1_472' title='bbox 204 3813 273 3854; x_wconf 84' lang='lat'><strong>37¹</strong></span> <span class='ocrx_word' id='word_1_473' title='bbox 306 3813 406 3866; x_wconf 84' lang='lat'><strong>30‘¹,</strong></span> <span class='ocrx_word' id='word_1_474' title='bbox 438 3824 535 3863; x_wconf 77' lang='lat' dir='ltr'><strong>ergo</strong></span> <span class='ocrx_word' id='word_1_475' title='bbox 566 3813 681 3852; x_wconf 88' lang='lat' dir='ltr'><strong>sinus</strong></span> <span class='ocrx_word' id='word_1_476' title='bbox 712 3813 821 3852; x_wconf 83' lang='lat' dir='ltr'><strong>versi</strong></span> <span class='ocrx_word' id='word_1_477' title='bbox 852 3824 969 3852; x_wconf 88' lang='lat' dir='ltr'><strong>arcus</strong></span> <span class='ocrx_word' id='word_1_478' title='bbox 999 3816 1063 3852; x_wconf 86' lang='lat' dir='ltr'><strong>est</strong></span> <span class='ocrx_word' id='word_1_479' title='bbox 1092 3812 1143 3852; x_wconf 86' lang='grc'><strong>20</strong></span> <span class='ocrx_word' id='word_1_480' title='bbox 1173 3810 1319 3867; x_wconf 55' lang='grc'><strong>221122</strong></span> <span class='ocrx_word' id='word_1_481' title='bbox 1343 3811 1398 3867; x_wconf 82' lang='lat'><strong>⁴⁶)</strong></span> 
     </span>
    </p>
   </div>
   <div class='ocr_carea' id='block_1_19' title="bbox 300 3874 2554 3941">
    <p class='ocr_par' dir='ltr' id='par_1_22' title="bbox 300 3874 2554 3941">
     <span class='ocr_line' id='line_1_51' title="bbox 300 3874 2554 3941; baseline -0.005 -8"><span class='ocrx_word' id='word_1_482' title='bbox 300 3930 304 3933; x_wconf 18' lang='grc' dir='ltr'><strong>Α</strong></span> <span class='ocrx_word' id='word_1_483' title='bbox 374 3881 461 3930; x_wconf 89' lang='lat' dir='ltr'><strong>Hic</strong></span> <span class='ocrx_word' id='word_1_484' title='bbox 489 3885 561 3929; x_wconf 85' lang='lat' dir='ltr'><strong>est</strong></span> <span class='ocrx_word' id='word_1_485' title='bbox 591 3880 823 3941; x_wconf 85' lang='lat' dir='ltr'><strong>quaesitus</strong></span> <span class='ocrx_word' id='word_1_486' title='bbox 853 3894 986 3930; x_wconf 86' lang='lat' dir='ltr'><strong>arcus</strong></span> <span class='ocrx_word' id='word_1_487' title='bbox 1018 3882 1276 3939; x_wconf 86' lang='lat' dir='ltr'><strong>aequatoris</strong></span> <span class='ocrx_word' id='word_1_488' title='bbox 1306 3881 1535 3931; x_wconf 83' lang='lat' dir='ltr'><strong>terrestris</strong></span> <span class='ocrx_word' id='word_1_489' title='bbox 1567 3892 1649 3927; x_wconf 88' lang='lat' dir='ltr'><strong>seu</strong></span> <span class='ocrx_word' id='word_1_490' title='bbox 1678 3879 1872 3937; x_wconf 83' lang='lat' dir='ltr'><strong>angulus</strong></span> <span class='ocrx_word' id='word_1_491' title='bbox 1902 3879 1960 3926; x_wconf 88' lang='lat' dir='ltr'><strong>ad</strong></span> <span class='ocrx_word' id='word_1_492' title='bbox 1989 3878 2167 3938; x_wconf 86' lang='lat' dir='ltr'><strong>polum,</strong></span> <span class='ocrx_word' id='word_1_493' title='bbox 2211 3874 2471 3926; x_wconf 64' lang='lat' dir='ltr'><strong>differentis</strong></span> <span class='ocrx_word' id='word_1_494' title='bbox 2550 3899 2554 3917; x_wconf 69' lang='grc' dir='ltr'><strong>ι</strong></span> 
     </span>
    </p>
   </div>
  </div>
 </body>
</html>
