2554 4140
204 130 307 186 692
971 128 1244 173 Tabularum
1275 122 1664 186 Rudolphinarum

343 277 492 318 Facies
526 280 644 314 sexta
675 275 913 313 tabularum
942 251 1131 314 motuum
1162 279 1203 314 et
1223 255 1516 327 aequationum
1538 251 1857 325 planetariarum
1885 275 2009 313 refert
2033 272 2096 325 ea,
2128 283 2236 325 quae
2266 271 2319 311 ad
2345 272 2444 310 lati-

197 337 384 376 tudinem
405 334 628 384 pertinent.
678 333 906 383 Inscriptae
939 337 1036 372 sunt
1058 334 1243 383 singulae
1267 332 1530 372 columellae:
1562 330 1603 387 1)
1627 333 1921 383 Argumentum
1950 330 2188 373 latitudinis
2210 328 2444 383 (OQ-90⁰),

198 394 239 448 2)
271 392 490 433 Inclinatio
522 391 576 430 ad
608 391 793 439 singulos
825 392 988 444 gradus,
1022 393 1062 439 3)
1095 391 1495 444 Mesologarithmus‚
1526 389 1570 444 4)
1599 391 1813 445 Reductio,
1845 389 1886 444 5)
1919 390 2117 430 Curtatio.

342 455 410 495 Ad
439 457 543 494 hanc
572 451 764 496 tabulam
795 460 1138 506 praeceptum
1170 458 1240 499 89.
1274 453 1394 510 (Gap.
1425 455 1567 505 XXI.)
1598 457 1700 496 haec
1729 458 1875 496 affert:
1930 451 2282 512 Argumentum
2327 446 2445 494 lati·
2512 479 2516 483 .
2551 448 2554 452 ’

196 524 377 573 tudinis
421 523 640 571 formare.
721 521 796 570 Ex
842 523 1024 571 tabulis
1065 524 1360 588 epocharum
1400 537 1580 586 quaere
1617 523 1776 571 locum
1814 523 1929 572 nodi
1980 521 2310 579 ascendentis,
2369 520 2448 566 cui

199 595 498 646 descendens
538 595 695 643 nodus
733 597 950 658 praecise
973 596 1050 644 'ex
1089 596 1260 645 eodem
1299 596 1454 659 gradu
1493 592 1542 644 et
1563 598 1761 644 minuto·
1790 597 2050 658 opponitur
2071 597 2122 642 in
2147 597 2287 656 signo
2324 605 2447 639 con-

197 671 433 732 traposito
474 668 834 716 diametraliter.
912 668 1067 730 Igitur
1093 671 1134 715 si
1161 671 1305 717 unius
1346 685 1403 717 ex
1432 670 1460 716 5
1487 668 1698 731 planetis
1736 668 1817 716 vel
1856 669 1898 716 si
1922 668 2090 716 Lunae
2116 667 2253 715 locus
2292 679 2446 727 quae-

194 744 342 802 ritur,
401 740 539 789 aufer
576 741 682 803 ejus
720 741 881 789 locum
920 741 1036 788 nodi
1076 744 1315 804 propioris
1355 743 1416 790 ab
1455 743 1657 790 invento
1694 740 1803 789 loco
1843 743 2107 789 eccentrico
2146 740 2332 787 orbitae
2370 735 2449 785 vel

196 815 416 864 vicissim
453 813 608 875 hunc,
657 815 700 861 si
738 815 1070 876 praecesserit,
1110 814 1173 863 ab
1213 814 1324 863 illo:
1374 814 1618 863 residuum
1656 817 1744 863 erit
1786 819 2124 879 argumentum
2160 809 2447 860 latitudinis.

343 900 553 948 Praec.
597 901 679 948 90.
757 898 884 962 Quia
920 898 1146 961 planetae
1184 903 1403 964 proprias
1441 901 1624 949 habent
1663 901 1860 960 orbitas,
1899 898 1962 946 ad
2001 898 2271 961 eclipticam
2308 895 2449 944 incli-

201 980 369 1035 natas,
423 987 510 1036 per
547 987 670 1035 quas
709 972 962 1038 incedunt,
1017 972 1232 1021 calculus
1270 989 1387 1024 vero
1426 974 1581 1023 tendit
1617 974 1678 1022 ad
1718 973 1991 1035 eclipticum
2029 971 2254 1034 planetae
2289 969 2449 1018 locum

198 1062 369 1097 verum
417 1052 465 1094 et
512 1045 575 1094 ad
612 1035 916 1094 latitudinem
961 1045 1072 1106 ejus
1113 1045 1401 1109 eruendam,
1452 1047 1598 1109 hujus
1635 1049 1716 1099 rei.
1755 1060 1905 1094 causa
1954 1051 2002 1093 et
2036 1042 2339 1093 reducendus
2377 1047 2450 1089 est

201 1121 338 1170 locus
378 1119 563 1168 orbitae
613 1118 676 1166 ad
717 1118 990 1181 eclipticam
1041 1124 1088 1167 et
1127 1119 1414 1168 curtandum
1450 1120 1676 1184 planetae
1714 1117 2056 1177 intervallum,
2108 1123 2159 1166 ¹et
2199 1114 2446 1164 inclinatio

199 1194 384 1242 orbitae
421 1191 648 1254 planetae
687 1191 748 1239 ad
786 1191 1089 1254 eclipticam,
1147 1204 1272 1254 quae
1313 1199 1386 1242 est
1424 1194 1601 1257 quovis
1653 1193 1906 1242 eccentrici
1954 1190 2092 1250 locu,
2129 1186 2448 1237 addiscenda.

198 1267 287 1314 Est
325 1270 490 1313 autem
529 1278 587 1312 ea
625 1263 836 1325 angulus
876 1266 924 1311 in
965 1270 1129 1313 centro
1167 1264 1311 1325 Solis,
1352 1267 1588 1315 formatus
1626 1279 1656 1313 a
1694 1265 1882 1314 duabus
1910 1263 2049 1311 lineis
2087 1262 2184 1311 loci
2222 1260 2449 1324 planetae

203 1337 414 1400 ecliptici
453 1342 502 1385 et
538 1337 634 1385 loci
673 1337 778 1399 ejus
819 1340 866 1385 in
908 1337 1080 1386 orbita.
1157 1336 1251 1387 His
1288 1341 1438 1402 igitur
1474 1339 1646 1388 usibus
1683 1339 1902 1387 serviunt
1940 1334 2136 1385 tabulae
2174 1333 2451 1383 inclinatio-

199 1426 314 1459 num
369 1411 398 1456 5
438 1410 756 1471 planetarum.
835 1410 892 1457 In
944 1412 1003 1458 iis
1053 1424 1222 1473 margo
1271 1414 1466 1462 sinister
1516 1411 1787 1474 descriptus
1828 1416 1902 1459 est
1949 1412 1997 1457 in
2040 1404 2134 1457 90⁰
2181 1407 2451 1470 argumenti

198 1481 495 1542 latitudinis,
552 1481 811 1531 columella
859 1485 1000 1531 tertia
1050 1483 1252 1532 exhibet
1286 1491 1637 1549 competentem
1691 1485 1733 1534 ei
1780 1483 2135 1542 reductionem,
2190 1478 2449 1529 columella

201 1561 375 1619 quarta
413 1557 747 1603 curtationem.
823 1555 880 1603 In
920 1555 1179 1606 columella
1214 1559 1369 1619 prima
1407 1557 1653 1622 praecedit
1689 1556 1937 1606 inclinatio
1950 1591 1961 1617 ,
2006 1556 2055 1602 in
2092 1553 2304 1603 secunda
2343 1551 2450 1614 ejus

199 1624 660 1690 mesologarithmus
698 1627 880 1676 rudiori
917 1630 1015 1677 sere
1054 1635 1102 1677 et
1139 1630 1347 1680 rotundo
1386 1645 1602 1682 numere.
1691 1635 1700 1646 “

344 1700 396 1749 Si
450 1702 560 1763 quis
619 1706 863 1750 contemto
909 1702 1340 1764 mesologarithmo
1391 1720 1477 1768 per
1525 1707 1656 1767 ipsas
1701 1701 2040 1751 inclinationes
2088 1698 2196 1747 vult
2244 1698 2448 1761 operari,

202 1789 336 1822 more
375 1776 424 1820 in
463 1775 616 1822 veteri
656 1776 953 1822 astronomia
990 1782 1212 1838 recept0,
1266 1779 1306 1825 is
1343 1778 1600 1827 subtrahat
1637 1776 2032 1835 inclinationem,
2072 1787 2180 1822 cum
2216 1770 2450 1834 gradibus

202 1849 405 1910 integris
443 1848 717 1909 argumenti
757 1854 1053 1910 excerptam,
1113 1862 1142 1895 a
1179 1852 1412 1912 proxima,
1465 1858 1512 1899 et
1551 1848 1866 1899 differentiam
1905 1848 2126 1911 logistice
2164 1844 2452 1908 multiplicet

202 1922 251 1968 in
288 1919 607 1984 appendicem
660 1921 1013 1983 scrupulariam
1051 1924 1322 1984 argumenti
1360 1922 1658 1986 latitudinis,
1713 1921 1844 1986 quod
1873 1919 2042 1986 xprodit
2077 1917 2225 1969 addat
2265 1917 2327 1966 ad
2364 1931 2451 1965 ex·
2481 1952 2491 1959 .

201 1999 439 2056 cerptam,
481 1998 536 2040 ut
573 1993 752 2042 habeat
783 1994 982 2055 justam.

342 2079 498 2130 Prae
515 2093 555 2131 c.
597 2082 679 2128 91.
726 2080 831 2129 ·De
880 2080 1175 2143 legarithmo
1221 2081 1474 2132 formando
1511 2081 1757 2133 intervalli
1798 2082 1972 2131 curtati
2021 2085 2082 2131 et=
2121 2077 2180 2128 de
2219 2075 2452 2127 curtando
2490 2084 2502 2098 ·

199 2153 488 2218 interva110,
527 2154 572 2201 si
607 2153 716 2214 quis
755 2167 813 2202 eo
852 2155 923 2201 uti
961 2153 1084 2202 vult.

343 2225 549 2276 Praec.
592 2220 691 2273 92.
750 2225 934 2274 Locum
974 2226 1159 2276 orbitae
1197 2226 1259 2274 ad
1299 2227 1570 2290 eclipticam
1607 2226 1852 2278 reducere.

344 2298 558 2346 Praec.
603 2299 686 2348 93.
764 2298 840 2347 De
876 2298 1130 2347 formando
1165 2299 1360 2362 angulo
1403 2301 1840 2350 commutationis.'
1885 2298 2069 2348 Locum
2111 2297 2239 2347 Solis
2283 2311 2450 2345 verum

203 2363 454 2420 subscribe
492 2370 603 2418 loco
642 2368 868 2433 planetae
908 2373 1176 2420 eccentrico
1216 2374 1263 2418 in
1303 2373 1527 2436 ecliptica
1574 2379 1623 2423 et
1661 2372 1740 2422 vel
1777 2372 1915 2420 illum
1953 2372 2020 2435 ⁴ab
2057 2371 2151 2420 hoc
2189 2370 2323 2419 aufer
2371 2368 2451 2418 vel

199 2444 330 2492 hunc
368 2444 430 2491 ab
469 2442 572 2503 illc,
613 2457 801 2506 semper
839 2441 1206 2493 antecedentem
1242 2460 1272 2493 a
1310 2447 1547 2508 sequenti,
1588 2450 1643 2493 ut
1678 2451 1827 2495 restet
1863 2443 2070 2507 angulus
2110 2444 2451 2492 commutatio-

199 2518 290 2564 nis,
368 2515 771 2565 commutationis
819 2516 1114 2565 anomaliam
1165 2517 1389 2567 dixerunt
1439 2524 1661 2567 auctores
1717 2518 1777 2568 ad
1820 2517 2178 2567 distinctionem
2227 2517 2289 2565 ab
2329 2530 2452 2564 ano·
2507 2573 2512 2580 Ι

203 2589 354 2638 1113113
408 2589 690 2650 eccentrici,
745 2587 878 2651 quod
914 2589 1038 2639 haec
1082 2592 1130 2637 in
1182 2605 1298 2639 vero
1346 2592 1461 2641 orbe
1498 2591 1724 2655 planetae
1765 2593 1967 2652 inesset,
2018 2589 2105 2639 illa
2157 2591 2453 2638 extrinsecus
2540 2610 2541 2616 =

208 2661 476 2723 adveniret,
516 2662 698 2710 faciens
724 2663 972 2726 planetam
1009 2663 1171 2711 locum
1209 2677 1350 2712 suum
1378 2666 1698 2715 eccentricum
1731 2666 2106 2731 παραλλαττειν,
2147 2666 2457 2727 commutare,

206 2750 265 2784 ex
309 2749 457 2784 causa
494 2748 590 2782 non
631 2734 801 2795 insita,
842 2734 927 2783 sed
967 2735 1252 2785 adventitia.

348 2807 557 2856 Praec.
601 2808 683 2855 94.
759 2808 1129 2870 Proportionem
1167 2810 1373 2858 formare
1410 2809 1777 2859 intervallorum
1815 2825 1846 2858 a
1883 2808 2012 2859 Sole.

347 2880 557 2929 Praec.
613 2880 696 2929 95.
783 2881 1032 2942 Angulum
1085 2884 1473 2931 commutationis
1523 2883 1658 2931 illum
1708 2882 1931 2942 definire,
1983 2883 2034 2929 in
2079 2893 2176 2942 quo
2221 2877 2455 2939 contingit
2530 2914 2534 2930 .

206 2953 660 3018 prosthaphaeresis
680 2952 809 3001 orbis
844 2968 930 3016 per
957 2954 1227 3016 quamlibet
1258 2954 1420 3004 datam
1446 2957 1805 3019 proportionem
1841 2951 2204 3021 intervallorum
2227 2951 2452 2999 maxima.
2530 2956 2554 3023 {3

348 3038 551 3088 Praec.
595 3040 822 3088 96—99.
887 3040 1157 3104 Excerpere
1184 3041 1265 3090 vel
1291 3048 1571 3104 computare
1595 3042 2053 3106 prosthaphaeresin
2078 3054 2164 3088 seu
2183 3036 2453 3100 parallaxin
2532 3076 2551 3104 u

210 3112 337 3159 orbis
375 3126 459 3174 per
498 3112 730 3174 angulum
770 3115 1160 3161 commutationis
1210 3121 1257 3162 et
1304 3117 1663 3177 proportionem
1714 3115 2092 3165 intervallorum.
2167 3110 2454 3172 Elongatio-
2530 3114 2554 3139 ⁴¹

210 3197 342 3245 nem,
382 3184 693 3232 intervallum
733 3200 762 3233 a
800 3184 938 3245 Sole,
977 3185 1284 3236 latitudinem
1323 3187 1571 3250 indagare.
2548 3191 2549 3201 ¹

358 3261 493 3313 Caput
523 3263 618 3306 XX.
651 3262 1019 3316 „Praeceptorum“
1066 3265 1110 3302 111
1140 3265 1238 3307 Mss,
1273 3265 1623 3306 Pulkoviensibus
1654 3267 1737 3306 tale
1769 3270 1846 3309 est.
1910 3258 2031 3308 Cum
2067 3257 2117 3302 in
2155 3255 2453 3320 praefatione

215 3328 432 3390 dixerim,
474 3329 691 3390 abjectos
718 3343 824 3378 esse
851 3345 880 3378 a
907 3344 984 3378 me
1012 3328 1217 3379 circulos
1257 3338 1304 3381 et
1342 3327 1483 3381 orbes
1523 3345 1785 3395 eorumque
1818 3331 1925 3380 loco
1962 3327 2258 3378 introductas
2286 3340 2457 3377 causas

211 3401 458 3465 physicaS,
498 3403 746 3463 nonnulla,
791 3412 915 3465 qu‘ae
941 3402 1000 3450 ad
1029 3403 1403 3464 explicationem
1428 3405 1573 3467 hujus
1599 3407 1668 3454 rei
1690 3406 1944 3468 pertinent,
1984 3401 2293 3464 descriptioni
2318 3401 2451 3450 tabb.
2519 3421 2523 3425 ·

213 3475 558 3536 aequationum
598 3476 763 3525 censui
799 3474 1167 3538 praemittenda.
1230 3476 1591 3541 Hypothesium
1621 3493 1708 3543 seu
1742 3476 2125 3540 suppositionum
2164 3489 2261 3523 vox
2288 3475 2455 3523 crebra
2532 3478 2533 3482 ’

216 3553 290 3595 est
326 3547 374 3593 in
414 3550 722 3595 astronomia.
787 3547 932 3609 Quod
971 3550 1098 3596 enim
1136 3548 1286 3612 vulgo
1325 3550 1575 3598 hominum
1621 3552 1840 3611 interque
1892 3546 2253 3596 dialecticorum
2291 3552 2455 3595 coetus

214 3619 340 3667 solet
378 3619 624 3681 usurpari,
665 3626 718 3667 ut
745 3620 865 3669 alter
903 3620 1041 3669 alteri
1079 3620 1232 3669 dicat:
1278 3637 1434 3687 „pone
1472 3614 1566 3671 hoc
1601 3625 1671 3671 ita
1708 3633 1828 3681 esse,
1867 3619 1985 3682 quid
2020 3625 2121 3668 tum
2158 3619 2368 3684 postea?
2408 3623 2456 3667 et

216 3690 333 3753 quid
370 3689 482 3739 inde
521 3696 747 3751 sequetur
763 3691 819 3738 ‘?“
868 3692 996 3740 idem
1031 3707 1137 3742 mos
1173 3694 1405 3757 loquendi
1444 3696 1634 3744 transiit
1677 3692 1740 3741 ad
1777 3697 2093 3742 astronomos
2171 3693 2290 3741 Cum
2327 3693 2455 3740 enim

217 3764 384 3826 aliqua
421 3767 639 3811 motuum
676 3762 1051 3826 planetariorum
1089 3766 1359 3816 accidentia
1398 3767 1617 3830 diligenti
1654 3771 1703 3814 et
1729 3766 1958 3813 continua
1984 3765 2326 3814 observatione
2366 3763 2454 3813 de-

215 3835 590 3899 prehenduntur,
629 3838 677 3884 et
714 3838 984 3885 constantia
1020 3838 1067 3883 in
1103 3839 1164 3886 iis
1201 3845 1428 3903 apparet,
1467 3845 1583 3889 tune
1618 3838 1787 3900 incipit
1822 3839 2030 3887 animus>
2053 3851 2300 3902 quaerere,
2340 3837 2453 3900 qui-
