2554 4140
1085 86 1327 132 Praefatio.
2239 91 2307 137 67
2319 91 2344 138 1

97 239 319 288 tionibus
372 235 720 298 sufficientibus
758 234 1008 284 hauddum
1047 236 1331 297 conscriptis
1369 249 1400 282 a
1437 247 1699 296 quoquam,
1740 233 2042 296 conjecturas
2065 245 2139 283 'ex
2175 234 2348 296 paucis

96 312 267 360 ductas
293 316 489 359 secutus
517 309 719 368 censuit,
760 309 807 354 in
847 309 1062 357 motibus
1102 307 1298 371 quidem
1322 306 1494 355 mediis
1520 306 1680 355 locum
1709 321 1815 355 esse
1845 306 2005 366 limae,
2044 311 2095 353 at
2118 305 2348 370 prostha—

88 384 393 448 phaereseon
442 380 636 430 tabulas
688 386 735 428 et
784 387 910 430 retro
961 387 1010 429 et
1058 386 1202 444 porro
1253 379 1315 428 ad
1368 393 1558 427 omnem
1610 379 1776 427 mundi
1819 379 2119 428 durationem
2167 378 2349 426 utiliter

92 459 378 516 servituras,
419 463 625 516 utraque
663 455 711 500 in
750 467 800 501 re
841 453 1072 516 deceptus
1113 467 1218 502 esse
1256 452 1350 501 hoc
1389 451 1583 514 quidem
1622 455 1669 499 in
1698 452 1919 515 exemplo
1960 451 2348 517 deprehenditur.

68 529 144 577 ¹In
172 527 345 578 Martis
386 528 512 576 enim
551 532 686 574 motu
724 525 883 575 medio
923 527 1173 574 minimum
1212 524 1396 587 aliquid
1423 525 1707 573 mutandum
1732 526 1838 581 fuit,
1878 527 2032 573 omnis
2062 539 2175 574 vero
2202 524 2349 587 huJus

93 604 208 650 anni
248 601 466 649 desectus
505 613 564 647 ex
601 599 1104 661 prosthaphaereseon
1143 598 1511 647 Prutenicarum
1553 599 1683 646 vitiis
1722 598 1813 645 suit
1852 605 1999 646 ortuS.

237 672 535 736 Hujusmodi
575 673 723 734 igitur
763 673 1094 720 aberrationes
1131 664 1498 720 Prutenicarum
1540 684 1648 718 cum
1686 670 1798 730 inde
1860 685 1917 718 ex
1958 685 2053 733 quo
2093 668 2205 717 illa-e
2242 668 2350 722 fue-

89 752 213 795 runt·
240 746 400 796 editae
439 747 535 793 viri
577 745 706 793 docti
746 752 792 792 et
832 748 880 792 in
920 745 1131 793 siderum
1178 743 1602 792 observationibus
1628 744 1877 791 exercitati
1906 741 2349 806 deprehendissent,

97 833 220 882 quos
259 821 382 867 inter
420 832 610 866 summo
637 832 727 866 suo
754 820 924 870 merito
953 816 1402 866 commemorandus
1428 822 1515 877 est,
1555 821 1609 863 ut
1634 815 1951 879 coryphanS‚
1991 815 2352 863 Illustrissimus

91 892 344 941 Cattorum
381 890 616 953 Princeps
655 889 1071 974 Guilielmus,
1111 896 1303 939 coortus
1343 895 1416 937 est
1454 888 1661 952 denique
1700 887 1905 952 Tycho
1944 888 2250 949 BraheuS,
2292 902 2350 936 ex

87 967 227 1043 regni
269 965 458 1013 Daniae
498 963 753 1012 nobilitate
791 964 1084 1027 praecipua,
1135 965 1244 1025 qui,
1294 961 1587 1025 posthabitis
1627 963 1799 1011 ceteris
1845 960 2122 1022 aequalium
2161 960 2350 1020 studiiS,

92 1017 424 1087 astronomiae
461 1037 865 1085 restaurationem
914 1037 1097 1097 ingenti
1137 1037 1299 1083 animo
1354 1034 1665 1097 complexus,
1714 1033 1807 1082 hoc
1854 1036 2050 1081 unicum
2090 1048 2212 1096 opus
2260 1034 2353 1081 sibi

94 1110 303 1174 delegit,
357 1112 407 1157 in
447 1123 544 1172 quo
583 1115 792 1156 aetatem
832 1123 971 1156 suam
1026 1110 1314 1168 transigeret
1366 1122 1582 1170 opesque
1623 1109 1784 1156 avitas
1822 1095 2129 1170 splendidaS,
2178 1107 2353 1168 quibus

91 1191 201 1232 erat
237 1183 480 1243 suffultuS,
521 1181 847 1244 impenderet3
903 1179 1132 1243 quodque
1179 1182 1230 1227 in
1267 1182 1531 1244 praecipua
1584 1181 1768 1247 gloriae
1805 1186 1946 1243 parte
1995 1193 2192 1240 cense0,
2239 1179 2354 1227 fecit

86 1256 180 1305 hoc
229 1255 313 1304 ille
360 1259 522 1304 animo
551 1255 633 1302 -ab
683 1255 908 1302 omnibus
958 1254 1384 1316 superstitionibus
1432 1252 1738 1316 astrologicis
1790 1266 1948 1301 vacuo
2003 1255 2149 1315 inque
2200 1266 2349 1299 unum

87 1329 246 1377 solum
284 1327 429 1376 finem
467 1329 619 1376 totius
657 1318 999 1390 philosophiae
1038 1323 1330 1389 supremum,
1371 1328 1417 1373 in
1448 1327 1773 1388 cognitionem
1813 1332 1862 1374 et
1888 1325 1980 1374 Dei
2021 1332 2069 1374 et
2094 1327 2168 1374 sui
2195 1326 2361 1388 ipsius,

89 1402 419 1463 erectissimo;
460 1399 592 1463 quod
631 1414 739 1448 cum
779 1401 825 1446 in
867 1400 1057 1462 scriptis
1097 1407 1145 1448 et
1183 1399 1476 1460 carminibus
1488 1434 1507 1465 ,.
1544 1401 1721 1461 quibus
1762 1398 2118 1459 delectabatur,
2159 1405 2261 1447 tum
2300 1400 2348 1459 in

89 1474 386 1537 quotidianis
413 1473 673 1536 colloquiis
700 1472 996 1536 aequalitate
1024 1474 1416 1521 constantissima
1441 1471 2149 1533 reddiditcontestatissimum,
2190 1479 2350 1519 astro-

92 1548 314 1610 logorum
353 1561 470 1595 vero
509 1547 799 1607 vanitatem,
856 1547 1106 1606 inertiam,
1159 1547 1411 1608 ignaviam
1434 1543 1499 1593 ‘et
1536 1545 1703 1594 sordes
1752 1545 2010 1608 plurimum
2050 1548 2113 1593 et'
2136 1544 2351 1598 deridere

95 1627 145 1669 et
184 1620 414 1668 detestari
454 1626 527 1668 est
564 1618 764 1678 solitus,
823 1620 894 1666 sic
919 1625 1112 1679 tamen,
1169 1625 1224 1666 ut
1261 1618 1474 1666 siderum
1501 1618 1699 1666 effectus
1739 1622 1787 1666 in
1824 1618 2195 1678 sublunaribus,
2235 1632 2350 1680 par-

90 1700 189 1742 tem
225 1692 568 1755 philosophiae
607 1693 1103 1755 praestantissimam,
1143 1705 1454 1753 nequaquam
1493 1694 1707 1754 negaret,
1753 1706 1958 1754 gnarus,
1998 1691 2195 1754 effectus
2233 1691 2345 1738 illos

90 1766 303 1814 siderum
341 1761 595 1828 generales
634 1766 695 1812 ab
723 1765 980 1812 eventibus
1016 1766 1135 1827 ipsis
1174 1766 1222 1811 in
1261 1765 1406 1812 rebus
1429 1764 1658 1813 'humanis
1684 1761 1948 1812 individuis
1983 1765 2349 1812 accuratissimo

87 1838 275 1901 judicio
317 1838 630 1902 distinguere.
707 1836 851 1898 Quod
889 1852 996 1886 cum
1035 1852 1135 1886 non
1174 1844 1367 1901 caperet
1402 1837 1579 1900 vulgus
1618 1837 1891 1897 hominum,
1932 1836 1994 1885 ad
2034 1837 2351 1885 miraculosas

89 1911 448 1996 praedictiones
489 1910 751 1970 credulum,
793 1910 856 1958 ad
892 1925 1110 1959 rumores
1148 1910 1298 1967 salsos
1339 1909 1725 1959 disseminandos
1762 1917 2018 1974 promtum,
2059 1917 2262 1972 utraque
2300 1924 2350 1958 re

89 1986 436 2045 vanissimum,
498 1998 846 2046 nonnunquam
898 1986 1055 2031 virum
1101 1979 1550 2032 innocentissimum
1603 1986 1767 2049 inepto
1825 1984 1930 2047 ejus
1980 1984 2139 2032 famae
2189 1981 2349 2032 studio

89 2059 393 2107 sermonibus
432 2058 645 2119 obliquis
686 2063 732 2106 et
771 2056 984 2106 invidiae
1022 2056 1311 2118 Magnatum
1351 2057 1545 2120 objecit.
2377 2051 2388 2063 “

234 2130 328 2179 Hic
364 2132 510 2192 igitur
549 2136 624 2178 est
659 2129 740 2178 ille
778 2130 961 2192 primus
996 2129 1391 2178 Tabularum
1431 2118 1978 2194 Rudolphinarum
2028 2135 2349 2192 nuncupator,

61 2204 168 2265 ‚hic
207 2203 338 2253 mille
375 2204 579 2252 fixarum
618 2202 891 2263 ordinator,
942 2202 1072 2250 Solis
1124 2209 1172 2251 et
1208 2202 1379 2251 Lunae
1426 2209 1646 2273 motuum
1695 2203 1997 2266 explorator,
2049 2202 2353 2265 planetarum

89 2279 303 2326 omnium
341 2291 427 2339 per
467 2277 535 2324 38
574 2290 727 2324 annos
766 2281 814 2324 et
862 2290 920 2324 ex
958 2275 1034 2323 his
1073 2290 1157 2339 per
1197 2277 1264 2324 20
1290 2263 1582 2340 posteriores
1611 2278 1866 2325 continuos
1894 2277 2192 2332 observator,
2239 2275 2352 2323 dili-

11 2347 13 2349 ’
87 2352 269 2412 gentia,
299 2350 743 2411 circumspectione,
770 2350 1023 2411 patientia,
1063 2351 1337 2398 constantia
1366 2364 1556 2398 omnem
1582 2349 1724 2398 fidem
1749 2349 2010 2397 humanam
2039 2363 2350 2411 exsuperans·

234 2421 363 2484 Quid
401 2436 516 2489 vero
554 2420 865 2484 ille·praeter
900 2421 1001 2483 jam
1039 2420 1170 2469 dicta
1208 2423 1256 2468 in
1281 2421 1576 2484 reliquorum
1611 2425 1758 2472 etiam
1786 2423 2090 2485 planetarum
2129 2422 2351 2484 singulo-

88 2510 194 2543 rum
234 2495 446 2543 motibus
471 2495 778 2557 praestiterit,
819 2493 869 2541 id
904 2508 962 2542 ex
991 2493 1253 2542 Christiani
1278 2493 1497 2543 Severini
1522 2494 1780 2558 Longim
1799 2497 2012 2543 ontani
2039 2496 2351 2543 Astronomia

87 2566 306 2628 Darnica,
353 2582 499 2630 quam
538 2582 595 2616 ex
637 2581 744 2616 meo
791 2566 948 2615 relatu
986 2567 1215 2615 lectorem
1257 2566 1440 2616 discere
1478 2569 1626 2617 malo.
1702 2568 1791 2616 Ille
1835 2583 2044 2630 namque
2098 2583 2206 2616 cum
2245 2567 2350 2630 Ty-

88 2641 242 2708 chone
282 2642 406 2689 vixit
459 2654 544 2703 per
582 2653 737 2688 annos
777 2639 944 2688 decem
983 2641 1269 2701 continuos,
1326 2654 1417 2703 ego
1457 2642 1539 2690 vix
1590 2655 1774 2705 paucos
1826 2640 2037 2688 duorum
2071 2641 2349 2689 ultimorum

90 2728 326 2763 annorum
364 2727 571 2761 menses.
649 2713 792 2760 Anno
833 2727 1043 2774 namque
1090 2714 1239 2773 1600,
1291 2727 1458 2761 mense
1496 2715 1763 2762 Februario
1802 2715 2010 2776 primum
2048 2713 2110 2762 ad
2150 2712 2351 2775 Tycho-

87 2802 201 2837 nem
250 2788 363 2835 veni
407 2787 715 2847 Benaticam,
767 2792 1021 2848 praesente
1061 2786 1483 2849 LongimontanO,
1535 2788 1712 2835 crebris
1762 2803 1790 2834 a
1839 2785 2073 2850 Tychone
2120 2786 2275 2834 literis
2323 2800 2349 2834 e

88 2859 252 2924 Styria
290 2865 540 2919 evocatus,
583 2861 838 2908 occasione
866 2859 928 2907 ab
957 2857 1170 2908 editione
1208 2860 1304 2908 mei
1332 2859 1552 2923 Mysterii
1581 2859 1981 2921 Cosmographici
2019 2858 2348 2923 suppeditata,

86 2939 357 2995 pactusque
397 2946 506 2980 cum
543 2931 657 2992 illo,
696 2946 863 2980 mense
903 2930 1055 2980 Junio
1095 2946 1318 2980 reversus
1357 2947 1464 2980 sum
1504 2934 1551 2979 in
1593 2932 1833 2996 Styriam,
1880 2934 2167 2980 accersitum
2204 2931 2350 2979 fami-

85 3005 213 3054 liam
241 3011 289 3053 et
327 3004 680 3067 supellectilem
717 3003 981 3054 librariam.
1057 3004 1289 3067 Ejusdem
1329 3007 1440 3053 anni
1483 3020 1647 3059 mense
1689 2995 1913 3064 Octobri,
1961 3019 2090 3053 cum·
2104 3005 2206 3068 jam
2246 3003 2348 3052 dis-

90 3078 314 3147 cessisset
362 3077 805 3140 Longimontanus,
858 3077 1082 3141 Tychoni
1131 3093 1208 3126 me
1259 3092 1367 3126 cum
1413 3078 1598 3126 familia
1636 3077 1824 3140 Pragae
1877 3079 1978 3125 stiti
2028 3083 2346 3141 praesentem,

88 3150 173 3200 sed
211 3149 446 3209 inutilem,
488 3151 668 3212 quippe
709 3155 948 3212 quartana
986 3165 1063 3198 me
1101 3151 1150 3198 in
1188 3151 1359 3199 itinere
1398 3153 1694 3213 corripuerat
1746 3149 2049 3212 detinuitque
2090 3165 2242 3214 usque
2282 3150 2345 3198 ad

88 3223 349 3272 solstitium
388 3224 502 3272 anni
540 3224 817 3284 sequentis,
868 3236 958 3270 nec
995 3227 1108 3271 ante
1148 3222 1386 3287 deseruit,
1432 3238 1579 3285 quam
1619 3221 1839 3271 Gratium
1880 3226 2188 3273 recurrissem
2206 3223 2349 3287 ,hae-

22 3348 33 3364 ,
90 3295 312 3345 reditatis
352 3310 515 3345 causa.
580 3294 826 3359 Reversus
853 3293 1062 3358 Pragam
1100 3310 1266 3345 mense
1291 3295 1581 3359 Septembri,
1625 3295 1745 3343 duos
1785 3310 1880 3344 non
1904 3296 2118 3359 vamplius
2157 3311 2349 3346 menses

89 3368 336 3433 Tychonis
376 3369 743 3418 conversatione
783 3367 875 3414 srui
913 3370 1065 3429 potui,
1107 3382 1215 3417 cum
1241 3382 1367 3416 mors
1395 3368 1530 3417 illum
1572 3367 1647 3417 die
1687 3370 1770 3420 24.
1797 3368 2087 3419 Novembris
2127 3373 2347 3430 (Octobris)

88 3443 294 3504 proximi
332 3442 461 3507 stylo
500 3454 629 3489 novo
667 3442 923 3504 rapuisset.

235 3513 370 3576 Quas
408 3517 553 3578 igitur
591 3520 756 3576 partes
797 3511 1094 3560 Tabularum
1127 3511 1548 3575 Rudolphinarum
1588 3512 1757 3577 Tycho
1796 3515 2048 3579 perfecerit
2086 3521 2344 3580 superstes,

94 3601 219 3649 quae
255 3587 505 3650 reliquerit
543 3586 826 3650 adjumenta
864 3599 950 3634 seu
990 3584 1345 3633 admonitiones
1384 3585 1446 3633 ad
1486 3585 1776 3648 perficienda
1814 3602 1940 3651 quae
1980 3589 2255 3647 restabant,
2296 3586 2346 3634 id

93 3661 360 3710 rectissime
398 3660 821 3722 Longimontanus
867 3658 1010 3706 suerit
1049 3663 1278 3718 testatuS,
1330 3659 1412 3719 qui
1452 3665 1498 3706 et
1545 3659 1688 3708 refert
1734 3660 1841 3710 illas
1881 3663 2201 3711 correctiones
2241 3659 2346 3723 Ty-

94 3730 264 3780 chonis
302 3729 574 3798 ὁλοσχερεις
611 3735 659 3780 in
701 3732 909 3796 planetis
950 3722 1173 3779 omnibus
1213 3735 1262 3778 et
1299 3736 1530 3793 tanquam
1569 3730 1663 3781 fide
1704 3732 1875 3797 dignas
1915 3733 2213 3783 fundamenti
2236 3732 2344 3781 loco

94 3802 316 3854 adhibuit
352 3808 400 3853 in
438 3805 621 3855 tabulis
659 3807 764 3854 suis
803 3801 1156 3868 computandis.
1230 3802 1337 3851 Etsi
1385 3809 1433 3853 et
1470 3805 1518 3852 in
1560 3804 1929 3857 Commentariis
1970 3807 2140 3855 Martis
2178 3805 2345 3870 aliqua
