2554 4140
855 122 1215 180 LiberpTertiuS.
1274 123 1387 168 Pars
1421 123 1601 181 Quinta.
2254 95 2358 178 ,297

108 279 139 327 5
177 276 349 327 diebus
385 282 434 326 et
468 274 704 339 pluribus,
746 276 788 324 si
813 276 1045 325 minorem
1084 281 1268 324 motum
1294 274 1500 324 fixarum
1537 274 1850 324 statuerimus
1888 275 2013 323 inter
2037 272 2206 323 secula
2230 272 2364 336 Hip-

103 351 271 415 parchi
310 356 358 399 et
393 348 615 406 Hesiodi,
656 350 728 395 uti
767 350 922 397 tenuit
958 349 1268 412 Hipparchus
1307 353 1355 396 et
1390 347 1729 396 Ptolemaeus:
1772 348 1999 410 credique
2037 351 2228 411 potest,
2270 346 2364 395 hoc

106 426 251 473 etiam
277 424 402 471 inter
426 421 510 476 illa
547 421 698 470 fuisse
728 420 1033 482 documenta,
1076 420 1201 470 unde
1226 419 1461 469 Eudoxus
1487 420 1569 467 vel
1592 420 1905 483 Hipparchus
1930 420 2205 469 ratiocinati
2229 425 2358 480 sunt,

23 496 29 502 ’
106 496 315 569 solstitia
350 497 399 542 in
439 496 627 543 oetavis
662 495 883 557 partibus
921 497 1170 557 signorum
1207 493 1406 555 confici3
1456 492 1546 541 sed
1583 492 1643 540 de
1682 493 1774 541 hac
1810 508 1861 542 re
1899 493 2040 555 plura
2078 493 2203 542 libro
2243 493 2361 542 VII.

247 567 435 615 Plinius
473 574 692 615 exortum
743 567 913 616 stellae
962 570 1102 630 ponit
1146 569 1203 614 11
1247 566 1417 615 diebus
1458 570 1569 613 ante
1617 567 2008 627 aequinoctium,
2063 565 2196 628 quod
2245 579 2364 614 eon-

102 643 231 704 gruit
266 639 366 689 sere
414 639 477 688 ad
514 639 723 689 Hesiodi
760 646 1005 703 tempora,
1049 641 1164 703 quia
1202 638 1356 699 vides,
1397 638 1563 688 Solem
1600 639 1651 685 in
1699 639 1966 687 emersione
2008 639 2200 687 Ar·ctu1i
2245 639 2363 702 poni

107 710 199 762 10⁰
235 713 444 776 amplius
483 719 596 761 ante
635 714 1014 776 aequinoctium.
1098 711 1338 761 Occasum
1377 717 1448 760 ter
1473 716 1833 772 commemorat,
1872 712 2027 773 primo
2068 711 2204 759 VIII.
2246 711 2363 759 Idus

101 787 295 845 Junias,
339 785 472 848 quod
511 801 679 835 verum
719 791 792 835 est
829 785 976 835 hodie
1017 785 1076 834 de
1117 799 1293 834 occasu
1330 786 1595 845 matutino,
1637 798 1781 846 quem
1821 783 1959 832 vides
2002 785 2047 832 6.
2086 783 2225 831 Junii
2265 783 2364 832 Ju-

99 861 217 909 liani
256 860 564 921 contingere3
603 873 792 908 rursum
831 859 1038 908 eundem
1078 857 1215 909 VIII,
1254 858 1371 906 Idus
1398 857 1542 920 Aug„
1572 857 1715 921 quod
1741 856 1888 922 plane
1927 855 2179 918 abhorret3
2220 859 2362 905 tertio

100 946 325 982 oceasum
364 933 691 995 vespertinum
732 931 809 980 vel
846 931 969 994 prid.
1000 931 1104 980 Cal.
1149 931 1226 979 vel
1265 931 1325 979 V.
1367 931 1534 979 Nonas
1564 930 1708 991 Now,
1750 928 1882 993 quod
1920 928 2078 977 solum
2118 931 2358 991 congruit.

99 1006 287 1053 Plinius
336 1007 463 1054 enim
514 1006 687 1054 triente
733 1004 977 1053 intervalli
1027 1005 1307 1068 temporarii
1355 1003 1504 1052 distat
1542 1004 1604 1052 ab
1643 1002 1888 1062 Hesiodo,
1937 1002 2079 1051 besse
2131 1017 2161 1050 a
2199 1002 2360 1052 nobis,

98 1079 163 1128 Et
198 1078 341 1126 nobis
381 1078 652 1127 occultatur
676 1077 910 1126 Arcturus
951 1077 1034 1126 25.
1064 1077 1322 1138 Novemb„
1362 1075 1584 1126 Hesiodo
1625 1076 1709 1172 25.
1746 1074 1940 1138 octob,
1981 1089 2095 1139 ergo
2138 1075 2209 1125 ad
2239 1090 2362 1125 ana-

99 1150 281 1215 logiam
318 1150 477 1200 Plinio
520 1151 566 1200 5.
605 1150 911 1199 Novembris.

516 1267 600 1316 De
638 1268 968 1327 antoeciS,
1021 1266 1354 1330 perioecis
1394 1270 1453 1315 et
1500 1261 1938 1330 antipodibus.

249 1369 385 1432 Quos
421 1370 684 1438 appellant
719 1369 995 1431 yeoyraphi
1033 1366 1273 1431 ἀντοικες,
1328 1383 1451 1432 quos
1501 1387 1763 1433 περιοικες,
1818 1374 1864 1416 et
1902 1382 2025 1432 quos
2063 1365 2364 1425 ἀττιποδαςὶ)

98 1443 302 1491 Antoeci
342 1448 391 1490 et
427 1443 639 1505 perioeci
678 1442 819 1504 quasi
857 1442 1194 1491 adversicolae
1220 1449 1269 1492 et
1307 1442 1628 1492 circumcolae
1657 1442 1896 1491 dicuntur.
1974 1440 2181 1490 Antoeci
2218 1441 2364 1489 habi-

98 1521 202 1565 tant
257 1516 348 1564 sub
403 1515 576 1564 codem
626 1515 894 1563 meridiano
947 1518 1186 1581 terrestri,
1242 1515 1329 1563 sed
1380 1517 1430 1562 in
1481 1514 1687 1566 diversis
1727 1515 2032 1574 climatibuS,
2092 1513 2363 1577 aequaliter

98 1591 322 1650 utrinque
363 1587 659 1638 distantibus
703 1589 765 1637 ab
806 1594 1099 1651 aequatore3
1154 1594 1208 1637 ut
1244 1588 1314 1648 L,
1372 1586 1414 1637 O
1449 1592 1552 1646 (Fig.
1586 1598 1671 1644 44).
1753 1589 1971 1638 Perioeci
2010 1593 2177 1636 contra
2215 1587 2362 1636 habi-

98 1667 204 1710 tant
239 1663 287 1708 in
330 1661 501 1711 eodem
541 1662 758 1721 elimate,
811 1661 899 1709 sed
939 1663 1191 1710 contrariis
1243 1661 1349 1724 ejus
1388 1663 1685 1711 sectionibus
1724 1677 1834 1711 eum
1871 1660 2139 1710 meridiano
2179 1675 2276 1709 uno
2315 1666 2364 1709 et

13 1726 15 1729 ¹
99 1735 293 1794 eodem,
343 1741 398 1783 ut
436 1735 491 1796 L,
532 1735 587 1782 P.
665 1733 938 1797 Antipodes
977 1741 1025 1783 et
1063 1737 1112 1781 in
1169 1733 1373 1783 diversis
1413 1735 1715 1800 climatibus,
1767 1736 1829 1784 ab
1869 1740 2133 1797 aequatore
2174 1748 2363 1797 aequa-

101 1806 211 1856 liter
246 1809 461 1869 remotis,
504 1814 552 1856 et
589 1809 637 1854 in
678 1809 928 1873 contrariis
966 1806 1158 1856 illorum
1198 1822 1306 1855 cum
1348 1823 1445 1857 uno
1484 1809 1751 1858 meridiano
1791 1809 2121 1872 sectionibuS,
2159 1807 2252 1856 hoc
2290 1813 2363 1856 est

98 1880 446 1930 diametraliter
483 1882 694 1928 invicem
734 1881 998 1943 oppositis,
1053 1880 1299 1941 habitant,
1348 1888 1403 1929 ut
1442 1881 1498 1942 L,
1542 1881 1598 1929 A.
1677 1881 1846 1931 Solent
1885 1881 2036 1943 aliqui
2078 1895 2188 1941 coe,
2239 1894 2363 1943 quos

5 1998 7 2019 ἐ
96 1961 328 2003 antoecos
366 1953 491 2013 dieo,
530 1953 778 2017 appellare
814 1952 1068 2014 α’ντωμους
1105 1953 1168 2002 ad
1207 1956 1619 2016 comparationem
1658 1953 1954 2019 ἀντιποδων,
2007 1953 2138 2016 quod
2186 1959 2240 2002 ut
2287 1953 2362 2001 his

95 2026 275 2091 pedes,
332 2028 404 2076 sic
441 2027 537 2075 illis
573 2028 761 2076 humeri
814 2028 912 2075 sint
951 2028 1162 2089 oppositi
1212 2032 1261 2075 et
1310 2027 1537 2090 obversi3
1586 2043 1824 2094 περισκιθς
1861 2041 1977 2077 vero
2017 2033 2065 2076 et
2102 2024 2363 2084 ἀντιποδας

97 2101 374 2164 promiscue
413 2100 575 2149 solent
612 2099 852 2149 interdum
890 2102 1140 2148 nominare
1180 2096 1485 2165 ἀντιχθονας.

244 2173 607 2237 Quibus-inter
642 2188 692 2221 se
722 2173 1124 2235 proprietatibus
1161 2176 1592 2235 apparentia-rum
1640 2173 2071 2236 distinyuuntur?
2129 2172 2360 2222 Antoecis

98 2248 336 2295 contraria
373 2252 486 2294 sunt
524 2246 803 2294 discrimina
842 2252 1113 2311 temporum
1151 2247 1280 2307 anni,
1318 2249 1557 2310 perioecis
1596 2249 1836 2295 contraria
1871 2246 2152 2295 discrimina
2189 2246 2286 2296 diei
2315 2253 2362 2295 et

10 2312 11 2321 ¹
96 2320 266 2379 noctis,
305 2318 620 2382 antipodibus
648 2327 922 2382 utrumque.
995 2319 1232 2369 Antoecis
1271 2322 1399 2369 enim
1435 2319 1604 2370 eodem
1632 2326 1878 2369 momento
1903 2320 2146 2379 meridies,
2188 2320 2361 2371 eodem

95 2391 259 2441 media
294 2406 421 2452 nox,
471 2398 524 2440 at
560 2398 723 2441 aestas
765 2399 812 2441 ct
852 2392 956 2441 dies
993 2391 1157 2442 alteris
1195 2392 1399 2456 longae,
1441 2392 1636 2456 quando
1674 2394 1875 2456 reliquis
1914 2393 2068 2443 hiems
2109 2400 2158 2443 et
2194 2399 2362 2443 noctes

97 2471 213 2513 sunt
261 2464 437 2526 longae
487 2471 535 2513 et
583 2467 813 2517 vicissim.
888 2466 1071 2528 Excipe
1122 2479 1296 2514 zonam
1346 2466 1602 2527 torridam,
1653 2468 1736 2516 ubi
1787 2481 1896 2516 cum
1948 2465 2121 2516 diebus
2161 2473 2210 2517 et
2249 2482 2357 2516 cum

94 2544 281 2587 aestate
329 2538 400 2586 sic
446 2543 520 2586 est
571 2543 903 2600 comparatum
941 2544 996 2586 ut
1035 2538 1164 2600 dixi3
1215 2539 1422 2588 hiemem
1460 2545 1666 2603 possunt
1704 2539 1850 2589 simul
1901 2539 2104 2599 habere,
2159 2546 2211 2588 at
2262 2554 2359 2589 non

94 2610 366 2674 aequaliter
406 2617 752 2672 comparatam,
792 2626 884 2660 nee
924 2610 1158 2673 ejusdem,
1200 2612 1286 2660 sed
1314 2614 1542 2662 contrarii
1581 2627 1769 2662 census.
1848 2611 1930 2661 Sic
1971 2617 2019 2662 et
2058 2615 2226 2676 excipe
2265 2611 2360 2661 ali-

100 2683 219 2746 quid
260 2685 307 2730 in
346 2685 484 2731 zonis
522 2683 732 2745 frigidis,
788 2684 984 2746 quando
1024 2686 1254 2733 continua
1294 2684 1397 2734 dies
1437 2691 1532 2746 est,
1586 2700 1712 2748 quae
1752 2687 1814 2734 ob
1853 2690 2038 2734 motum
2077 2685 2206 2735 Solis
2242 2700 2360 2750 pro-

53 2768 58 2778 ’
93 2759 250 2820 prium
290 2755 456 2805 alteris
497 2758 731 2819 contingit
770 2756 960 2820 longior
986 2771 1132 2819 quam
1170 2756 1384 2820 reliquis.
1461 2758 1706 2808 Perioeeis
1744 2757 1848 2808 dies
1883 2763 2148 2821 noctesque
2189 2758 2364 2813 eodemv

96 2835 313 2893 tempore
366 2831 599 2878 eveniunt
644 2843 799 2892 aeque
849 2829 1052 2893 longae3
1104 2829 1200 2879 diei
1254 2836 1417 2880 tamen
1467 2831 1680 2882 medium
1719 2832 1901 2881 habent
1940 2831 2106 2894 alteri,
2162 2832 2358 2896 quando

92 2902 267 2966 reliqui
305 2901 514 2952 mediam
554 2908 760 2964 noctem,
799 2917 885 2952 seu
923 2917 1088 2952 veram
1128 2909 1345 2961 noctem,
1395 2918 1482 2954 seu
1521 2904 1785 2968 analogum
1824 2903 1940 2967 quid
1979 2904 2180 2955 mediae
2209 2907 2359 2955 nocti.

0 3012 13 3048 ·‚
94 2974 422 3039 Antipodibus
462 2977 623 3023 omnia
662 2978 902 3025 contraria
929 2977 1184 3026 eveniunt:
1225 2982 1388 3027 aestas
1416 2983 1464 3027 et
1499 2978 1676 3041 longae
1717 2977 1836 3039 dieS,
1878 2976 1956 3026 vel
1980 2983 2149 3028 noctes
2176 2978 2358 3040 nullae,

0 3067 2 3087 ν
94 3049 289 3111 quando
328 3048 469 3097 alteri
507 3048 716 3097 hiemem
755 3055 803 3097 et
842 3049 1014 3098 breves
1053 3049 1132 3099 vel
1173 3050 1335 3099 nullas
1375 3049 1477 3100 dies
1514 3051 1712 3111 habent,
1752 3065 1849 3099 nox
1888 3064 2003 3100 vero
2032 3051 2115 3113 ibi,
2159 3052 2357 3115 quando

0 3144 2 3148 v
90 3120 171 3170 hic
209 3121 327 3182 dies,
368 3128 417 3171 et
454 3121 582 3181 dieS‚
625 3120 820 3184 quando
858 3121 938 3170 hic
976 3135 1088 3171 nox.
1167 3122 1367 3171 Eodem
1390 3124 1587 3187 insuper
1625 3129 1895 3185 momento,
1948 3138 2045 3187 quo
2084 3125 2227 3174 nobis
2268 3125 2355 3175 Sol

13 3225 17 3246 i
92 3195 253 3254 oritur,
294 3194 470 3244 occidit
509 3195 619 3255 illis,
661 3200 710 3243 et
747 3194 943 3256 quando
984 3195 1123 3243 nobis
1164 3194 1355 3255 occidit,
1400 3196 1493 3243 illis
1534 3198 1699 3245 oritur.

15 3314 18 3336 ι
234 3267 328 3317 His
365 3267 491 3317 adde
531 3282 589 3316 ex
628 3268 985 3330 superioribus,
1040 3267 1170 3330 quod
1211 3270 1429 3317 antoecis
1469 3275 1517 3318 et
1555 3268 1898 3333 antipodibus,
1956 3272 2136 3334 quippe
2186 3271 2357 3321 ineolis

0 3355 2 3377 ι
93 3340 317 3390 australis
353 3340 710 3404 hemisphaerii,
753 3341 1024 3389 contrariae
1062 3346 1175 3389 sunt
1213 3341 1426 3390 rationes
1467 3346 1599 3390 ortus
1639 3348 1687 3392 et
1725 3356 1927 3393 occasus
1967 3343 2231 3408 stellarum,
2274 3360 2358 3394 as-

0 3438 3 3443 >
93 3416 469 3477 censionumque
510 3421 558 3463 et
595 3414 964 3463 descensionum
1005 3413 1251 3475 signorum
1281 3413 1547 3478 eclipticae.
1623 3415 1750 3465 Nam
1773 3415 1960 3479 stellae,
2003 3432 2130 3481 quae
2165 3433 2356 3482 semper

0 3494 21 3528 'l
92 3493 326 3549 apparent
362 3502 511 3550 penes
550 3501 667 3547 nos,
721 3486 832 3535 illae
872 3489 1048 3534 nostris
1087 3487 1304 3535 antoecis
1344 3494 1392 3535 et
1431 3487 1746 3551 antipodibus
1785 3504 2036 3554 nunquam
2077 3498 2353 3552 cernuntur,

19 3544 22 3564 '
93 3563 141 3607 et
191 3573 312 3622 quas
363 3574 452 3609 nos
506 3575 755 3623 nunquam
797 3559 1039 3619 videmus,
1094 3558 1165 3606 illi
1213 3573 1403 3623 semper
1443 3560 1622 3611 vident.
1700 3562 1912 3626 Reliqua
1950 3563 2109 3613 sidera
2150 3566 2356 3614 orientia

20 3626 23 3682 Ῐ
93 3635 142 3679 et
178 3630 447 3681 occidentia
493 3644 626 3682 ortus
678 3634 932 3682 occasibus
980 3637 1284 3695 permutant,
1340 3633 1579 3698 nobisque
1619 3649 1727 3685 cum
1766 3635 1890 3697 illis,
1942 3636 2030 3688 sed
2067 3638 2117 3684 in
2158 3637 2353 3686 diversa

22 3703 23 3706 ’
92 3710 228 3765 parte
264 3705 579 3756 revolutionis
618 3706 833 3766 diurnae,
874 3712 987 3754 sunt
1025 3705 1322 3754 communia:
1364 3707 1540 3769 quibus
1577 3710 1703 3758 enim
1745 3723 1852 3759 eum
1892 3709 2124 3773 gradibus
2163 3724 2347 3771 aequa-

22 3786 25 3794 *
95 3776 211 3822 toris
260 3783 310 3826 et
359 3778 611 3842 eclipticae
664 3794 887 3864 quaeque
934 3793 1082 3842 penes
1131 3792 1219 3825 nos
1268 3779 1506 3841 oriuntur,
1559 3771 1728 3831 iisdem
1781 3797 1890 3831 cum
1929 3777 2163 3845 gradibus
2200 3797 2349 3845 penes

23 3859 27 3888 r
94 3845 205 3897 illos
258 3850 557 3904 occultantur
611 3860 659 3903 et
715 3854 944 3904 vicissim.
1021 3851 1257 3900 Nimirum
1314 3854 1430 3915 quia
1483 3855 1631 3905 etiam
1684 3857 1826 3919 signa
1881 3856 2165 3920 eclipticae,
2224 3870 2350 3919 quae
