2554 4140
838 143 977 190 Liber
1005 143 1216 201 Quartus.
1277 143 1389 189 Pars
1420 141 1642 188 Secunda.
1821 120 1827 126 ’
2263 145 2369 193 349

116 297 247 358 giam
286 293 488 344 eaedem
524 293 815 355 probantur,
868 299 1064 342 servata
1115 292 1386 342 differentia
1423 293 1546 339 inter
1584 304 1732 354 opera
1770 290 2140 339 illuminationis
2174 294 2224 338 et
2260 303 2370 337 mo-

116 377 195 416 tus
232 374 281 416 et
317 367 618 429 objectorum
656 367 932 428 utriusque,
983 367 1392 428 inveniunturque
1434 370 1788 414 consentaneae
1828 363 2166 427 experimentis
2206 368 2368 412 astro-

117 454 333 490 nomicis.
1990 475 1993 478 .

263 512 387 561 Cum
425 512 553 560 enim
590 509 790 572 planeta
828 526 953 560 unus
993 517 1042 560 et
1067 510 1212 571 idem,
1251 514 1306 558 ut
1335 509 1459 558 infra
1499 507 1634 558 dice-
1923 506 2002 547 mg.
2027 506 2081 541 63·

114 592 206 647 tur,
244 587 294 633 in
332 585 552 648 partibus
579 586 835 633 eccentrici
873 583 1039 634 circuli
1069 582 1359 647 aequalibus
1398 596 1449 631 re
1486 596 1619 642 vera,

116 659 203 708 sed
238 656 580 720 inaequalibus
619 656 889 706 intervallis
931 673 969 706 a
996 657 1113 706 Sole
1153 656 1469 715 distantibuS,
1509 668 1621 703 mo-

117 747 195 780 ras
221 738 346 780 terat
368 730 669 793 inaequales,
708 729 854 793 idque
892 731 940 777 in
979 731 1087 793 ipsa
1125 727 1621 791 hacsintervallorum

114 806 451 868 proportione:
491 804 712 866 sequitur
730 805 892 866 igitur,
932 805 1078 852 etiam
1106 804 1333 852 virtutem
1370 802 1622 850 motricem

115 881 164 924 in
200 869 402 939 longum
440 877 702 938 attentuari
742 875 912 925 eadem
946 877 1273 939 proportione,
1314 890 1411 938 qua
1449 872 1534 922 lux
1571 875 1621 920 in
1654 931 1656 933 ,

112 951 313 1014 longum
351 955 660 1008 attenuatur,
712 950 760 996 in
799 950 1111 1012 proportione
1162 948 1351 998 scilicet
1388 947 1623 1010 amplitu-
1726 937 1732 948 ’

117 1023 244 1072 dinis
281 1022 584 1085 circulorum,
627 1035 832 1084 quorum
871 1029 984 1070 sunt
1008 1020 1268 1071 intervalla
1304 1021 1389 1070 illa
1415 1034 1503 1069 seu
1540 1034 1624 1069 se-

115 1096 419 1145 midiametri.
513 1098 574 1143 ln
622 1095 717 1144 hoc
766 1094 1014 1143 schemate
1059 1096 1122 1142 sit
1171 1093 1258 1143 Sol
1306 1093 1365 1156 S,
1423 1093 1624 1157 planeta

116 1169 244 1219 idem
282 1170 368 1219 CA
405 1170 603 1233 propior
653 1173 703 1216 et
740 1167 829 1215 FD
868 1167 1120 1228 remotior,
1177 1174 1224 1216 et
1263 1168 1360 1215 sint
1397 1165 1512 1225 DH,
1553 1165 1626 1214 AI

112 1250 274 1306 partes
313 1244 567 1292 eeceutrici
597 1239 830 1303 aequales
868 1238 1201 1306 (subintellige
1228 1241 1278 1287 in
1315 1240 1438 1289 locis
1466 1253 1626 1303 oppo-

115 1318 221 1365 sitis
259 1311 551 1380 eccentriei),
590 1313 690 1362 DH
722 1312 920 1376 quidem
956 1315 1200 1375 remotior,
1243 1311 1315 1361 AI
1353 1327 1469 1363 vero
1509 1326 1626 1376 pro-

114 1391 235 1452 pior.
311 1389 447 1438 Sicut
500 1389 645 1450 igitur
693 1401 745 1435 se
791 1386 942 1436 habet
980 1386 1063 1435 SD
1112 1385 1173 1434 ad
1214 1385 1320 1448 SA,
1354 1389 1443 1435 'sie
1490 1399 1627 1434 mora

114 1462 343 1526 planetae
381 1464 429 1509 i'n
458 1460 555 1509 ΒΗ
593 1459 656 1508 ad
697 1474 883 1508 moram
921 1459 1141 1523 ejusdem
1181 1461 1234 1507 in·
1270 1459 1358 1510 ΑΙ.
1434 1459 1507 1507 Ex
1533 1459 1627 1507 hoc

115 1537 335 1598 sequitur
373 1537 521 1584 etiam
558 1532 666 1591 hoc,
705 1535 832 1581 sicut
869 1538 944 1583 est
970 1532 1052 1581 SD
1081 1532 1144 1581 ad
1170 1531 1268 1593 SA,
1307 1534 1379 1582 sic
1417 1546 1626 1582 conver-

113 1611 205 1657 sim
254 1622 361 1658 esse
409 1607 698 1656 densitatem
746 1605 869 1654 lueis
915 1606 1154 1656 inferioris
1194 1605 1278 1656 CA
1318 1608 1370 1655 in
1423 1605 1625 1669 longum

20 1736 25 1738 ‚
119 1681 181 1731 ad
219 1681 507 1734 densitatem
544 1680 634 1728 FD
673 1679 796 1728 lucis
834 1680 1122 1728 remotioris.

0 1738 1 1795 Ῠ
255 1757 412 1818 Atqui
459 1755 552 1803 lux
594 1755 652 1801 in
695 1752 858 1814 dupla
903 1753 1293 1802 intervallorum
1338 1754 1673 1814 proportione
1727 1756 2061 1815 attenuatur,
2113 1750 2169 1798 id
2209 1757 2277 1799 est
2313 1753 2370 1799 in

0 1813 3 1866 ²
51 1878 55 1881 ,
107 1830 438 1891 proportione
472 1826 852 1889 superficierum
863 1843 883 1887 ,·
922 1840 1015 1874 eur
1049 1840 1158 1874 non
1196 1827 1356 1888 iyitur
1392 1828 1544 1874 etiam
1585 1827 1747 1874 virtus
1782 1826 1972 1875 motrix
2009 1825 2069 1872 in·
2089 1823 2252 1886 dupla
2274 1839 2370 1886 po-

112 1904 211 1949 tius
244 1903 570 1964 proportione
602 1899 660 1961 fit
696 1899 906 1947 debilior
942 1914 1099 1961 quam
1139 1901 1195 1946 in
1233 1898 1459 1962 simpla?
1519 1892 1649 1960 Quia
1686 1900 1842 1948 virtus
1879 1898 2057 1946 motrix
2095 1897 2369 1960 subjectum

113 1974 263 2023 habet
307 1976 517 2037 speciem
557 1973 771 2036 corporis
809 1971 1023 2032 Solaris,
1065 1986 1161 2020 non
1202 1977 1255 2020 ut
1292 1971 1422 2020 nude
1462 1978 1537 2020 est
1574 1986 1778 2037 coerS,
1819 1970 1905 2020 sed
1945 1976 2000 2019 ut
2037 1976 2111 2020 est
2146 1972 2195 2018 in
2236 1977 2371 2019 motu

113 2049 428 2096 constitutum
478 2046 838 2095 convolutionis
890 2046 1018 2094 circa
1067 2059 1211 2094 suum
1250 2059 1392 2094 axem
1444 2051 1492 2095 et
1528 2045 1670 2108 polos
1708 2043 1997 2094 immobileS.
2074 2043 2179 2092 Etsi
2218 2045 2364 2106 igitur

114 2121 302 2184 species
340 2121 554 2183 corporis
581 2118 766 2168 Solaris
806 2123 1087 2167 attenuatur
1125 2121 1173 2166 in
1212 2118 1414 2181 longum
1454 2124 1502 2168 et
1539 2118 1713 2181 latum,
1749 2132 1847 2167 non
1885 2119 2046 2166 minus
2086 2131 2233 2180 quam
2270 2118 2369 2179 lux,

112 2194 383 2243 attenuatio
419 2199 582 2242 tamen
620 2195 716 2241 ista
753 2191 944 2254 proficit
980 2191 1044 2241 ad
1082 2191 1432 2241 debilitandam
1471 2193 1699 2240 virtutem
1742 2193 1994 2241 motricem
2034 2191 2371 2240 tantummodo

8 2280 19 2293 ²
114 2281 264 2316 causa
298 2266 642 2329 longitudinis,
682 2266 863 2328 quippe
901 2270 1062 2313 motus
1100 2265 1298 2327 localiS,
1338 2279 1484 2328 quem
1522 2265 1608 2315 Sol
1645 2265 1855 2329 planetis
1893 2265 2049 2326 infert,
2090 2270 2280 2313 tantum
2317 2265 2372 2313 fit

113 2342 160 2387 in
210 2339 588 2402 longitudinem,
641 2340 689 2386 in
739 2352 884 2400 quam
939 2340 1089 2387 etiam
1136 2339 1289 2402 ipsius
1327 2338 1456 2388 Solis
1508 2344 1673 2402 partes
1727 2339 1943 2402 corporis
1994 2344 2108 2387 sunt
2145 2337 2368 2400 mobiles,

111 2427 208 2462 non
260 2414 407 2462 etiam
462 2415 511 2460 in
560 2411 867 2462 latitudinem
915 2426 1087 2462 versus
1133 2411 1276 2476 polos
1328 2413 1572 2476 corporis,
1633 2418 1857 2476 respectu
1908 2426 2112 2475 quorum
2161 2411 2247 2461 Sol
2298 2418 2372 2461 est

112 2485 388 2535 immobilis.
638 2502 642 2507 ¹
1484 2522 1487 2527 s

257 2561 497 2607 Attamen
540 2559 694 2606 etiam
744 2572 963 2619 corpora
1011 2557 1218 2607 mobilia
1268 2557 1455 2607 habent
1490 2558 1815 2607 latitudinem
1859 2573 1967 2608 non
2003 2561 2176 2607 minus
2214 2573 2371 2621 qnam

45 2678 50 2688 ,
114 2631 509 2695 lonyitudinem,
566 2645 727 2693 quare
774 2631 1032 2679 vehuntur
1082 2630 1145 2679 ab
1189 2630 1285 2680 hae
1338 2633 1544 2693 virtute,
1598 2638 1706 2680 tam
1750 2638 1811 2681 ut
1855 2633 1946 2679 illa
1984 2631 2370 2694 lonyitudinem,

14 2709 27 2750 ³.
113 2721 271 2769 quam
307 2711 367 2753 ut
404 2703 726 2753 latitudinem
761 2718 909 2752 suam
946 2703 1095 2752 habet
1105 2720 1125 2765 ,-
1162 2714 1255 2752 cur
1291 2718 1399 2753 non
1435 2707 1596 2767 iqitur
1633 2707 1784 2753 etiam
1823 2707 1881 2753 in
1918 2705 2243 2754 latitudinem
2280 2705 2369 2754 de-

112 2780 397 2828 bilitaretur
436 2779 595 2825 virtus
632 2779 854 2825 motoria
892 2782 938 2825 et
973 2779 1044 2825 sie
1080 2779 1138 2825 in
1173 2776 1334 2839 dupla
1371 2780 1699 2841 proportione
1735 2777 2168 2827 intervallorum?
2211 2777 2367 2841 Equi-

115 2851 225 2901 dem
262 2866 358 2901 non
396 2850 486 2898 has
524 2855 712 2899 tantum
754 2849 875 2898 duas
915 2849 1241 2900 dimensiones
1280 2849 1463 2900 habent
1499 2850 1804 2914 planetarum
1844 2864 2061 2914 corpora,
2096 2849 2182 2899 sed
2221 2853 2368 2900 etiam

111 2927 301 2974 tertiam
354 2924 586 2972 crassitiei
636 2937 725 2971 seu
764 2921 1061 2983 altitudinis,
1118 2930 1455 2987 occupantque
1495 2923 1623 2991 hanc
1660 2926 1887 2973 virtutem
1925 2923 2070 2987 plane
2117 2924 2367 2987 trifariam,

0 3044 12 3052 ,,
113 3004 163 3047 et
198 3004 272 3047 est
308 3011 424 3046 sane
464 2996 526 3045 ob
566 2994 615 3043 id
652 2997 806 3044 virtus
847 2997 987 3045 unius
1017 2995 1244 3059 planetae
1279 2998 1567 3059 prensatrix,
1607 2999 1790 3046 vectrix
1830 3002 1879 3046 et
1915 2998 2091 3046 motrix
2117 3011 2215 3046 non
2243 3013 2367 3048 unus

10 3058 16 3174 ἰ
70 3072 73 3077 ’
114 3071 346 3130 circulus,
396 3068 650 3118 latitudine
689 3082 883 3129 carens,
924 3068 1010 3118 sed
1049 3075 1241 3118 constat
1279 3083 1338 3118 ex
1376 3069 1576 3118 infinitis
1617 3071 1761 3132 quasi
1799 3069 1988 3119 circulis
2025 3070 2275 3134 parallelis
2314 3073 2364 3119 in

14 3207 15 3212 ¹
103 3142 264 3193 ‘latum
302 3149 350 3193 et
388 3145 434 3190 in
474 3141 653 3203 altum3
694 3147 745 3190 at
782 3155 878 3190 non
918 3142 1029 3191 ideo
1068 3142 1314 3205 sequitur,
1355 3144 1742 3192 attenuationem
1779 3141 1934 3205 hujus¹
1967 3144 2158 3193 virtutis
2197 3144 2277 3194 vel
2316 3147 2365 3193 in

13 3217 16 3239 ‘
115 3214 263 3280 dupla
301 3215 379 3265 vel
419 3218 466 3264 in
505 3215 653 3278 tripla
688 3214 1053 3264 intervallorum
1094 3229 1180 3263 seu
1204 3214 1675 3264 semidiametrorum
1699 3217 2013 3279 proportione
2040 3231 2147 3267 esse
2173 3216 2366 3269 debere.

0 3282 17 3340 ’ἰ
112 3288 239 3339 Nam
289 3291 414 3339 sicut
463 3287 586 3337 alias
636 3289 682 3335 in
738 3286 1053 3351 geometricis*
1098 3287 1599 3351 aequemultiplicium
1648 3295 1722 3338 est
1760 3287 1930 3339 eadem
1968 3292 2244 3354 proportio,
2295 3293 2366 3341 sic

15 3349 21 3428 J
115 3363 259 3412 etiam
297 3362 376 3411 hic
413 3363 462 3409 in
499 3361 731 3425 physica,
773 3363 900 3409 sicut
937 3375 989 3410 se
1027 3361 1177 3409 habet
1212 3374 1311 3409 una
1349 3359 1479 3410 linea
1514 3363 1716 3411 minima
1752 3362 1971 3427 physica,
2012 3369 2067 3413 ut
2103 3379 2215 3428 pars
2255 3378 2365 3413 cor-

18 3463 21 3505 2
114 3436 243 3498 poris
279 3435 549 3500 planetarii,
589 3434 652 3483 ad
691 3436 833 3483 unius
874 3432 1037 3482 circuli
1076 3435 1280 3482 virtuosi
1318 3435 1621 3497 tenuitatem,
1660 3437 1974 3499 proportione
2013 3437 2189 3501 simpla
2213 3440 2366 3487 inter-

116 3507 351 3557 vallorum
398 3509 739 3567 constitutam,
790 3508 860 3556 sic
896 3521 949 3555 se
988 3506 1172 3555 habent
1209 3507 1355 3555 etiam
1395 3506 1610 3557 infinitae
1647 3509 1807 3559 lineae
1844 3498 2074 3561 minimae
2112 3510 2363 3575 physicae,

116 3586 171 3628 ut
204 3587 367 3645 partes
406 3595 573 3631 omnes
613 3582 826 3644 corporis
864 3580 1143 3642 planetarii,
1198 3586 1297 3628 tam
1337 3580 1385 3627 in
1423 3579 1578 3630 latum
1615 3596 1762 3644 quam
1801 3584 1849 3630 in
1889 3583 2041 3633 altum
2080 3582 2362 3647 dispositae,

117 3650 181 3700 ad
226 3653 426 3703 totidem
474 3654 679 3703 circulos
717 3655 911 3702 virtutis
959 3653 1201 3712 motricis,
1253 3653 1336 3715 qui
1384 3666 1551 3703 omnes
1590 3661 1638 3704 et
1675 3655 1857 3718 singuli
1896 3658 1996 3705 vim
2035 3657 2218 3706 habent
2255 3671 2363 3704 mo-

120 3725 265 3773 vendi
302 3731 488 3776 tantum
525 3730 573 3775 in
611 3726 838 3790 longum,
877 3725 1061 3774 nullam
1102 3726 1149 3772 in
1188 3724 1363 3786 latum,
1404 3726 1587 3777 nullam
1626 3730 1675 3776 in
1714 3728 1882 3791 altum,
1923 3744 2013 3779 nec
2052 3730 2233 3793 singuli
2272 3743 2362 3778 nec

0 3788 28 3866 ,l
121 3797 242 3844 inter
290 3812 343 3848 se
382 3798 553 3862 juncti.
636 3799 776 3849 Sicut
823 3801 968 3860 igitur
1015 3797 1239 3861 singulae
1287 3797 1446 3849 lineae
1496 3814 1584 3850 seu
1634 3801 1784 3851 fibrae
1832 3802 2055 3851 binorum
2108 3816 2360 3866 corporum

24 3861 28 3939 f
117 3865 486 3931 planetariorum
523 3874 772 3923 solitariae
810 3878 1119 3922 moverentur
1156 3886 1186 3921 a
1221 3871 1428 3934 singulis
1466 3873 1657 3924 circulis
1694 3876 1908 3926 motricis
1942 3877 2134 3926 virtutis
2172 3877 2220 3924 in
2243 3890 2362 3938 pro-
