2554 4140
200 121 305 168 248
571 150 573 152 -
1049 113 1284 170 Epitomes
1316 113 1631 157 Astronomiae

351 261 621 327 Quomodo
670 269 951 311 numerant
1001 263 1285 312 astronomi
1334 261 1486 309 horas
1523 267 1570 309 et
1605 260 1749 309 dies?
1803 259 1896 308 Vel
1934 276 1965 308 a
2017 258 2179 308 media
2217 267 2356 310 nocte
2395 262 2458 310 ab

203 351 301 386 uno
341 339 389 383 in
431 332 730 392 24,mediae
769 338 926 383 noctis
965 337 1229 398 sequentis,
1273 340 1324 380 ut
1362 333 1667 381 Prutenicae.
1743 332 1838 381 Vel
1876 349 1906 381 a
1943 332 2168 393 meridie,
2210 328 2460 382 numerato

202 413 374 458 iterum
415 409 484 455 24
524 421 680 468 usque
731 407 794 459 ad
842 408 1092 456 meridiem
1131 411 1438 468 sequentem,
1495 412 1543 453 et
1581 405 1685 453 dies
1735 406 1976 453 interdum
2013 407 2289 453 nominatur
2329 421 2463 454 eom-

202 482 350 545 pleta,
389 478 633 527 interdum
672 493 881 540 currenS,
923 481 1060 542 eujus
1099 495 1210 542 pars
1248 485 1361 525 sunt
1400 479 1548 526 horae
1589 492 1860 540 expressae.

303 577 306 582 ,
354 552 491 616 Quot
524 557 646 599 sunt
682 552 931 600 horarum
970 551 1193 614 yenera‘?
1249 550 1476 599 Totidem
1515 550 1649 613 quod
1687 549 1897 599 dierum:
1939 550 2180 612 quaedam
2221 553 2348 598 enim
2387 551 2463 598 di-

138 616 140 618 ’
204 630 375 674 cuntur
403 624 803 687 aequinoctialeS,
832 623 1101 688 ἰιῑημερινοι,
1142 623 1384 686 quaedam
1411 622 1717 686 temporaleS,
1746 642 1968 687 καιρικαι,
2002 621 2136 685 quod
2163 637 2250 687 pro
2277 626 2463 673 ratione
2524 624 2528 629 ’

207 705 484 761 temporum
519 699 670 744 totius
710 698 823 745 anni
864 699 1048 744 variam
1089 697 1432 744 nanciscantur
1469 695 1839 757 longitudinem.

353 769 492 834 Quid
528 774 596 817 est
632 769 761 817 hora
800 769 1220 831 aequinoctialis?
1277 769 1362 816 Est
1414 783 1526 831 pars
1576 770 1809 817 vicesima
1849 768 2029 830 quarta
2078 785 2132 817 re
2172 771 2462 833 ‘rvxtlrhuepffi
2537 830 2540 838 Ι

207 858 294 892 seu
335 843 435 891 diei
474 843 728 903 noctisque
768 842 1004 890 naturalis
1037 842 1331 904 junctorum.

356 914 622 980 Quomodo
662 913 909 962 dividitur
946 915 1076 962 hora
1113 914 1500 976 aequinoctialis
1525 913 1898 961 astronomice?
1935 912 2183 960 Dividitur
2210 918 2263 960 ut
2301 914 2466 961 circuli

205 989 415 1051 alicujus
453 1001 564 1051 pars
605 987 795 1046 360¹¹¹⁸,
844 985 1024 1048 gradus
1065 986 1142 1034 vel
1182 995 1398 1050 tempus,
1438 988 1486 1033 in
1526 987 1714 1034 minuta
1753 988 2024 1047 sexaginta,
2065 989 2135 1034 sic
2174 994 2228 1034 ut
2272 987 2333 1033 15
2375 988 2467 1033 mi·

207 1068 324 1110 nuta
370 1061 549 1108 saciant
600 1058 748 1105 horae
796 1057 1140 1121 quadrantem3
1188 1060 1426 1106 minutum
1477 1073 1625 1106 unum
1679 1061 1726 1105 in
1769 1061 1835 1106 60
1874 1057 2088 1126 secunda
2138 1060 2263 1120 abit,
2319 1073 2466 1106 unum
2533 1125 2537 1132 ¹

205 1133 471 1183 secundum
509 1133 557 1177 in
599 1131 664 1177 60
705 1133 847 1179 tertia
884 1136 932 1179 et
969 1132 1039 1179 sic
1078 1133 1319 1191 continue,
1361 1145 1616 1194 quousque
1656 1146 1779 1194 opus
1820 1137 1907 1180 est.

359 1204 616 1266 Compara
655 1205 890 1251 sectiones
928 1204 1313 1265 aequinoctialis
1350 1204 1507 1252 horae
1543 1219 1658 1251 eum
1694 1205 1845 1267 pulsu
1882 1205 2126 1252 humano.
2192 1203 2246 1251 In
2275 1202 2468 1253 homine
2535 1244 2538 1255 ,,

206 1279 416 1336 valente,
444 1277 644 1323 robusto
668 1281 715 1323 et
734 1275 978 1339 perfectae
1002 1277 1190 1334 aetatiS,
1221 1276 1570 1339 complexionis
1591 1275 1971 1324 melancholicae
1991 1283 2075 1325 aut
2095 1284 2468 1325 consenescente
2536 1287 2538 1291 ’

211 1353 310 1400 fere
362 1348 567 1410 singulis
621 1348 845 1396 secundis
885 1350 1100 1397 existunt
1138 1349 1316 1409 singuli
1357 1348 1528 1410 pulsus
1566 1351 1795 1408 arteriae,
1847 1348 1983 1397 nullo
2036 1349 2309 1398 discrimine
2349 1351 2470 1397 inter
2527 1347 2534 1394 ζ’

209 1420 424 1487 systolen
464 1427 513 1469 et
539 1419 802 1469 diastolen:
845 1422 913 1469 ita
950 1427 1113 1470 essent
1149 1422 1196 1468 in
1238 1436 1335 1469 uno
1372 1424 1558 1469 minuto
1595 1421 1766 1484 pulsus
1803 1423 2088 1484 sexaginta3
2127 1422 2212 1471 sed
2250 1436 2358 1470 rara
2398 1429 2469 1470 est

210 1497 331 1544 haec
370 1493 596 1551 tarditas,
638 1493 901 1556 vulgariter
938 1502 1251 1543 numerantur
1294 1496 1375 1554 70,
1418 1497 1463 1541 in
1506 1494 1758 1542 cholericis
1800 1501 1847 1542 et
1883 1496 2074 1543 seminis
2116 1497 2213 1560 50,
2262 1501 2471 1557 quatuor

210 1571 257 1615 in
296 1574 434 1616 terna
473 1565 703 1614 secunda.
782 1566 1005 1615 Breviter
1046 1568 1092 1614 in
1133 1581 1231 1615 una
1267 1567 1389 1614 hora
1428 1573 1636 1629 quatuor
1675 1566 1828 1615 millia
1866 1567 1975 1631 plus
2013 1568 2187 1621 minus.

359 1638 625 1704 Quomodo
664 1640 882 1704 efficitur
918 1639 1020 1687 dies
1055 1639 1353 1688 naturalis?
1408 1638 1735 1688 Revolutione
1783 1647 2046 1704 apparente
2086 1640 2213 1689 Solis
2260 1639 2322 1688 ab
2363 1646 2469 1688 ortu

209 1729 295 1777 per
338 1711 589 1762 meridiem
628 1712 676 1758 in
729 1726 956 1761 oceasum
995 1714 1243 1775 imumque
1296 1712 1422 1760 coeli
1462 1712 1725 1775 ’redituque
1766 1715 1813 1759 in
1856 1719 2038 1773 ortum,
2090 1727 2215 1775 quae
2266 1727 2317 1762 re
2355 1727 2472 1761 vera

213 1793 285 1835 est
323 1786 566 1835 revolutio
594 1783 806 1833 Telluris
846 1793 893 1834 et
932 1787 980 1833 in
1022 1800 1081 1835 ea
1119 1785 1400 1844 horizontis,
1442 1799 1526 1847 per
1564 1786 1963 1848 imaginationem
2003 1787 2049 1832 in
2091 1786 2281 1834 coelum
2314 1800 2469 1849 usque

215 1860 506 1919 continuati,
547 1858 674 1907 eirea
712 1874 855 1908 axem
895 1857 1104 1907 Telluris
1143 1858 1280 1908 velut
1317 1857 1644 1919 immobilem,
1700 1866 1754 1907 ut
1790 1858 1923 1908 libris
1963 1859 2363 1909 antecedentibus
2401 1865 2473 1908 est

216 1933 612 1981 demonstratum.
1554 1932 1559 1937 ”
1780 1944 1782 1946 ’

2524 1484 2537 1514 r
2552 1468 2554 1470 .

2527 1526 2539 1555 t

2529 1555 2554 1582 ⁰1

2520 1579 2554 1691 ..ἧς

2517 1686 2554 1787 fif?

2512 1756 2554 2008 ti

364 2005 508 2068 Quae
556 2011 677 2053 sunt
720 2005 874 2065 hujus
922 2004 1256 2053 revolutionis
1305 2004 1502 2057 metae?
1559 2003 1654 2054 Per
1708 2009 1924 2053 centrum
1963 2002 2092 2052 Solis
2131 2002 2163 2052 S
2210 2001 2469 2063 immobile,
2514 1999 2554 2086 1⁴

929 2104 1011 2145 mg.
1036 2102 1092 2137 39.
1132 2102 1243 2145 (rep.)
1751 2136 1753 2138 ,
1988 2091 2170 2139 perque
2262 2075 2471 2124 Telluris
2495 2079 2554 2142 fi,

1801 2623 1877 2739 ‘'TN''
1987 2658 2156 2720 plano,
2195 2657 2345 2706 habet
2377 2659 2473 2704 ini-

1989 2163 2130 2197 axcm
2156 2148 2239 2196 PL
2272 2148 2471 2211 planum
2496 2175 2498 2177 ·

1988 2222 2471 2284 imaginationeeon-
2524 2243 2545 2263 f

1988 2295 2164 2357 cipitur
2181 2293 2469 2342 traductum.
2510 2298 2554 2333 i

1987 2367 2114 2430 Ergo
2199 2365 2336 2417 locus
2422 2367 2471 2414 in

1987 2438 2243 2502 superficie
2294 2439 2471 2489 Terrae
2511 2439 2550 2502 [-

1988 2515 2309 2575 quiscunque,
2351 2526 2469 2560 eon·
2491 2523 2515 2532 ⁴·
2548 2563 2551 2566 ,

1989 2587 2190 2633 stitutus
2255 2587 2304 2632 in
2378 2585 2471 2633 hoc
2537 2623 2554 2641 .,

2511 2151 2531 2199 ,3

2517 2212 2547 2241 ω’.

1773 2726 1913 2797 ,Ἴ
1990 2733 2111 2778 tium
2151 2729 2245 2778 diei
2273 2736 2473 2778 natura·
2523 2767 2527 2775 ,

1989 2802 2066 2862 lis,
2107 2802 2238 2865 quod
2265 2801 2345 2851 vel
2371 2816 2475 2852 me-

1786 3217 1829 3258 .
1993 3244 2043 3286 to
2073 3238 2220 3301 plano
2246 3238 2381 3298 PLS,
2418 3243 2475 3287 ex

225 3311 311 3361 illa
355 3313 503 3377 plaga
555 3331 640 3378 per
690 3316 887 3379 plagam
936 3303 1316 3379 oppositamin
1369 3313 1575 3364 eundem
1631 3314 1777 3362 situm
1828 3308 2053 3373 idemque
2110 3311 2310 3374 planum
2356 3308 2498 3360 PLS

225 3387 475 3459 volutione
512 3386 722 3436 Telluris
760 3390 1042 3440 restituitur.

377 3459 640 3522 Quomodo
688 3461 778 3507 hoc
825 3476 940 3509 eum
989 3462 1206 3525 sphaera
1242 3459 1514 3508 convenit?
1571 3457 1713 3520 Quod
1752 3456 1849 3504 dixi
1902 3455 2100 3519 planum
2138 3456 2283 3516 PLS,
2338 3455 2384 3503 id
2426 3456 2510 3505 inf

227 3532 434 3596 sphaera
460 3546 547 3594 per
571 3532 801 3580 circulum
841 3534 1218 3582 declinationum
1255 3537 1657 3594 repraesentatur,
1698 3528 1971 3578 traductum
2010 3544 2095 3591 per
2132 3529 2298 3576 mnndi
2337 3527 2475 3591 polos

229 3612 279 3654 et
331 3609 544 3653 centrum
593 3603 743 3663 Solis,
804 3610 850 3652 et
900 3619 1009 3653 eum
1060 3621 1117 3655 eo
1167 3607 1310 3668 quasi
1357 3604 1604 3653 mobilem.
1692 3602 1851 3650 Locus
1903 3615 2020 3649 vero
2077 3602 2312 3662 Telluris,
2365 3613 2473 3649 vere

1990 2876 2137 2923 ridies
2235 2881 2308 2923 est
2399 2874 2474 2925 vel
2530 2879 2548 2918 s

1993 2947 2154 2996 media
2211 2962 2331 3010 nox,
2392 2948 2515 3011 qui..-

1991 3027 2126 3069 totus
2152 3018 2222 3067 illi
2249 3019 2357 3070 loeo
2387 3021 2493 3072 de-.

1997 3095 2145 3141 currit
2158 3095 2346 3142 interim
2363 3093 2473 3141 dum
2496 3118 2499 3122 ⁴

1993 3169 2096 3229 ipse
2124 3165 2276 3225 locus,
2311 3158 2485 3215 deser-²
2532 3167 2544 3217 .'

163 3734 166 3741 Ι
226 3677 421 3726 mobilis
461 3677 588 3725 circa
623 3675 831 3724 Telluris
870 3691 1027 3741 axem,
1066 3683 1456 3742 repraesentatur
1493 3679 1539 3723 in
1567 3675 1775 3738 sphaera
1814 3688 1898 3738 per
1937 3674 2254 3722 meridianum
2300 3677 2473 3721 immo-
2552 3734 2554 3739 .

175 3764 177 3766 ·
227 3750 390 3799 bilem.
449 3748 620 3812 Itaque
646 3747 880 3796 naturalis
920 3748 1022 3797 dies
1062 3757 1135 3798 est
1172 3753 1381 3814 spatium
1428 3750 1680 3813 temporiS,
1730 3749 1854 3795 intra
1902 3746 2048 3809 quod.
2082 3752 2296 3795 centrum
2346 3745 2470 3795 Solis

231 3823 293 3875 ab
333 3819 513 3873 eodem
542 3820 843 3871 semicirculo
882 3821 1134 3871 meridiani
1173 3822 1443 3886 digressum
1480 3821 1542 3872 ad
1581 3818 1787 3872 eundem
1824 3822 2003 3871 reverti
2042 3818 2247 3869 videtur.
