2554 4140
211 148 311 197 148
764 155 766 158 ’
1025 141 1258 200 Epitomes
1287 141 1602 189 Astronomiae

206 289 351 350 Solis,
392 292 475 352 qui
512 295 625 338 sunt
662 289 784 338 alias
820 290 978 340 lineae
1016 297 1191 352 rectae,
1232 305 1339 340 cum
1382 291 1580 354 oblique
1617 290 1836 340 incidunt
1878 293 1927 339 in
1965 294 2267 357 superficiem
2304 295 2445 353 ae‘ris,

205 365 399 411 omnino
437 362 759 425 refringantur
809 362 1032 413 deorsum
1086 371 1132 413 et
1170 367 1454 425 introrsum,
1511 363 1642 426 quod
1679 367 1727 412 in
1765 365 1926 414 medio
1956 366 2166 415 densiori
2214 367 2316 415 fieri
2356 366 2447 414 do-

204 441 279 484 cet
318 436 493 497 optica.

347 504 398 571 2)
438 506 565 569 Quia
602 510 686 555 aer
723 506 853 557 Solis
891 508 1039 557 radiis
1077 508 1346 557 illustratus
1384 509 1535 556 tantis
1572 523 1662 557 nos
1699 510 1963 560 circumdat
2001 511 2354 575 splendoribus,
2395 518 2449 559 ut

204 578 332 628 diem
368 576 664 642 habeamus,
718 580 833 631 Sole
871 580 1092 630 nondumv
1126 587 1256 641 orte,
1314 580 1579 644 stellasque
1615 581 1780 632 videre
1818 597 2142 646 nequeamus3
2188 591 2294 633 orto
2332 599 2447 632 vero

203 651 317 700 Sole
367 652 502 701 nulla
553 659 651 701 tam
699 654 906 703 obscura
954 668 1144 702 camera
1191 661 1287 713 est,
1345 654 1604 702 dummodo
1654 655 1734 703 vel
1782 658 1978 706 minimo
2018 658 2249 706 foramine
2289 661 2448 705 aerem

203 724 440 773 admittat.
467 740 593 788 quae
621 739 719 774 non
741 727 979 775 colluceat
1005 728 1133 773 intus
1159 726 1267 774 luce
1295 729 1435 786 aeriS,
1463 728 1579 775 licet
1603 726 1732 776 Solis
1756 729 1904 778 radiis
1930 745 2240 793 nequaquam
2267 737 2447 792 pateat.

202 795 341 846 Haec
386 804 547 863 autem
599 801 879 848 mutuatitia
922 797 1362 860 resplendescentia
1418 799 1703 848 docentibus
1760 804 1932 886 opticis
1985 810 2059 852 est
2113 810 2449 866 argumentum

205 869 458 918 densitatis
497 877 545 920 et
584 871 799 920 colorum
837 871 1169 920 faeculentiae.

346 942 561 991 Recense
599 945 794 1006 aliquot
830 946 1131 1003 occasionem
1171 958 1231 992 επ
1269 943 1448 1006 quibus
1486 945 1782 994 intellectum
1822 954 1902 1008 est,
1931 949 2203 996 stellarum
2225 948 2452 1011 Solisque

200 1014 372 1065 radios
409 1019 465 1065 in
504 1017 759 1079 superficie
798 1019 933 1064 aeris
968 1017 1186 1079 refrinyi
1222 1023 1267 1064 et
1305 1017 1374 1065 ad
1409 1018 1610 1066 oculum
1657 1019 1898 1081 refractos
1944 1023 2225 1082 pervenire.
2307 1022 2356 1084 1)
2394 1022 2450 1070 In

205 1087 467 1151 eclipsibus
521 1089 810 1151 quibusdam
849 1090 1046 1149 Lunae,
1105 1089 1300 1150 quando
1354 1097 1570 1138 centrum
1607 1090 1784 1140 Terrae
1833 1100 1880 1141 et
1932 1100 2095 1142 centra
2144 1093 2452 1143 luminarium

204 1167 317 1210 sunt
369 1162 417 1207 in
473 1176 570 1210 una
615 1169 747 1211 recta
799 1162 952 1223 linea,
1005 1161 1061 1209 fit
1107 1170 1160 1209 ut
1208 1161 1351 1210 simul
1390 1170 1646 1225 utrumque
1699 1163 1932 1214 luminare
1970 1181 2117 1228 supra
2153 1166 2451 1216 horizontem

205 1233 442 1294 videatur,
489 1234 688 1297 perinde
727 1249 784 1284 ac
822 1237 863 1283 si
901 1249 996 1283 non
1036 1241 1199 1283 essent
1237 1237 1477 1299 opposita,
1523 1234 1607 1284 sed
1646 1243 1903 1300 utrumque
1942 1239 2083 1287 simul
2124 1240 2170 1285 in
2208 1243 2452 1304 superiore

204 1305 575 1369 hemisphaerio.

1710 1378 1797 1423 Hic
1815 1379 1867 1432 A,
1892 1380 1948 1432 H,
1967 1381 2000 1425 C
2022 1387 2127 1426 sunt
2151 1385 2305 1427 centra
2321 1382 2451 1439 Solis,

811 1460 892 1501 Fig.
923 1460 973 1494 19,
1624 1443 1790 1488 Terrae
1829 1450 1876 1489 et
1904 1445 2061 1491 Lunae
2101 1447 2147 1491 in
2189 1461 2278 1493 una
2316 1454 2458 1503 recta,

1625 1507 1818 1564 ideoque
1848 1510 1980 1556 Luna
2008 1513 2054 1556 in
2086 1512 2244 1557 umbra
2272 1514 2453 1568 Terrae,

1626 1572 1663 1616 Ο
1685 1580 1755 1619 est
1775 1574 1966 1620 oculus
1954 1591 1999 1621 ιιι
2022 1579 2259 1636 superficie
2274 1580 2453 1638 Terrae,

1628 1637 1709 1682 BD
1743 1645 1813 1684 est
1843 1646 1919 1685 a'er
1957 1644 2076 1689 circa
2106 1645 2305 1690 Terram.
2366 1646 2455 1691 Ra·

1626 1704 1727 1749 dius
1758 1706 1836 1749 AB
1867 1706 2089 1772 frangitur
2116 1710 2162 1755 in
2184 1711 2222 1754 B
2244 1710 2456 1756 deorsum

1626 1777 1671 1816 et
1709 1770 1762 1817 fit
1798 1772 1896 1830 ΒΟ,
1949 1776 2014 1820 sic
2055 1788 2111 1820 ex
2154 1776 2229 1821 CD
2269 1776 2321 1823 fit
2358 1777 2456 1822 DO.

1625 1837 1749 1894 Ergo
1781 1838 1955 1898 oculus,
1988 1841 2145 1886 videns
2175 1855 2258 1900 per
2288 1841 2456 1888 refrac-

1626 1909 1699 1948 tos
1731 1903 1820 1962 OB,
1853 1904 1949 1962 OD,
1981 1917 2065 1950 nec
2096 1905 2244 1953 sciens
2275 1908 2378 1954 illos
2408 1910 2453 1954 in

1627 1968 1680 2025 B,
1704 1969 1746 2013 D
1776 1968 1946 2016 fractos
1978 1984 2097 2030 esse,
2129 1986 2213 2029 per
2241 1975 2452 2032 imagina-

197 2045 364 2090 tionem
394 2044 629 2090 eontinuat
657 2041 760 2087 illos
792 2040 836 2085 in
869 2039 1087 2085 directum
1120 2037 1463 2084 sine'fractione
1503 2043 1548 2083 et
1578 2034 1806 2081 existimat
1835 2035 1875 2078 A
1905 2047 2006 2082 esse
2043 2038 2088 2082 in
2119 2039 2173 2095 E,
2207 2041 2239 2084 C
2271 2053 2376 2085 vero
2408 2041 2451 2084 in

195 2111 249 2167 F,
280 2115 521 2165 utrumque
553 2121 690 2166 supra
719 2106 1012 2151 horizontem.
1058 2103 1199 2161 Atqui
1230 2104 1267 2147 si
1299 2103 1392 2158 EO,
1424 2101 1500 2146 FO
1532 2100 1602 2145 vel
1632 2099 1751 2145 linc'a
1781 2113 1905 2145 mera
1936 2109 2107 2158 essent,
2146 2105 2344 2150 nondum
2375 2105 2453 2150 illa

198 2188 255 2220 ne
285 2174 350 2219 sic
380 2172 558 2230 quidem
589 2179 828 2228 utrumque
850 2170 1077 2226 Juminare
1099 2169 1139 2212 Α
1163 2174 1208 2212 et
1230 2170 1261 2213 C
1284 2167 1415 2212 simul
1436 2167 1690 2223 attingeret,
1726 2167 1831 2223 quia
1851 2167 1887 2211 Ο
1909 2174 1978 2214 est
2009 2177 2137 2216 extra
2167 2171 2330 2217 lineam
2364 2172 2453 2224 Ac,

197 2239 277 2286 sed
306 2239 378 2285 vel
407 2245 615 2286 neutrum
646 2239 864 2285 luminare
892 2243 1100 2294 tangeret
1131 2236 1202 2281 vel
1234 2236 1377 2282 solum
1410 2235 1613 2280 alterum.
1665 2263 1667 2266 ψ

346 2327 396 2396 2)
440 2329 497 2378 In
550 2328 719 2379 iisdem
768 2328 1027 2393 eclipsibus
1068 2326 1490 2397 Lunaegapparct
1529 2325 1818 2387 clarissime,
1877 2326 2007 2389 quod
2050 2328 2247 2390 umbra,
2304 2343 2453 2392 quam

199 2403 393 2468 projicit
441 2402 651 2467 sphaera
688 2402 866 2452 Terrae
905 2406 952 2450 et
989 2402 1112 2450 ae‘ris
1146 2400 1440 2462 Junctorum,
1481 2399 1692 2448 diluatur
1729 2401 1776 2447 in
1806 2401 2103 2462 marginibus
2140 2402 2250 2452 luce
2286 2402 2454 2465 aliqua

198 2473 478 2526 rubicunda
515 2470 862 2538 inaequaliter,
915 2476 985 2523 sic
1023 2479 1076 2521 ut
1111 2472 1278 2534 Luna,
1331 2474 1610 2536 praesertim
1649 2471 1844 2536 quando
1883 2472 2037 2522 latera
2077 2475 2275 2524 umbrae
2312 2475 2476 2537 radit‚'

197 2549 311 2598 licet
349 2554 457 2598 tota
501 2550 564 2596 sit
600 2550 651 2596 in
691 2548 875 2607 umbra,
914 2561 1062 2610 saepe
1102 2554 1262 2595 tamen
1303 2545 1426 2595 adeo
1465 2546 1650 2606 rubeat,
1690 2552 1745 2594 ut
1770 2545 1935 2608 aliqua
1965 2547 2176 2611 corporis
2203 2550 2277 2596 sui
2315 2557 2453 2613 parte

198 2621 358 2671 adhuc
406 2621 572 2670 lucere
625 2622 771 2684 inque
810 2619 938 2670 Solis
985 2619 1165 2668 lumine
1211 2621 1372 2682 posita
1421 2634 1528 2668 esse
1575 2618 1823 2679 videatur,
1882 2617 2036 2669 donec
2084 2622 2343 2686 incipiente
2393 2636 2453 2672 ea
2515 2647 2522 2659 =

197 2694 375 2758 egredi,
428 2696 573 2744 sucus
613 2695 704 2743 iste
743 2693 996 2756 detegatur
1034 2698 1328 2755 superventu
1368 2694 1476 2755 puri
1512 2692 1707 2740 luminis
1745 2691 1943 2741 Solaris.

223 2770 231 2773 “
342 2766 482 2817 Haec
527 2781 643 2816 vero
682 2766 781 2827 luX,
822 2767 893 2815 sic
930 2764 1253 2828 inaequaliter
1291 2764 1480 2825 diffusa,
1520 2779 1615 2813 non
1654 2771 1950 2828 potestesse
1988 2764 2198 2827 aliunde,
2239 2780 2384 2830 quam
2423 2783 2454 2817 a

137 2864 139 2866 -
166 2863 169 2867 ·
196 2840 360 2902 radiis,
411 2841 656 2903 geminam
681 2840 1018 2896 refractionem
1044 2839 1219 2901 passis,
1246 2838 1292 2885 in
1321 2839 1540 2900 ingressu
1567 2853 1632 2887 sc.
1662 2839 1788 2886 ae‘ris
1820 2839 1966 2901 inque
1995 2839 2211 2902 ejusdem
2240 2854 2461 2904 egressu.
2512 2887 2518 2897 ,
2542 2839 2545 2842 ’

372 2924 488 2970 Nam
518 2923 559 2968 si
589 2922 708 2968 BOD
729 2922 868 2967 fuerit
898 2935 989 2966 una
1019 2926 1142 2966 recta
1172 2920 1420 2978 pluresque
1451 2920 1563 2965 aliae
1595 2933 1732 2976 supra
1753 2919 1789 2964 Ο
1810 2920 1855 2964 in
1888 2925 1989 2965 acre
2010 2927 2311 2976 transeuntes,
2343 2912 2453 2968 tunc

198 2989 356 3035 iisdem
387 2990 485 3047 viis,
516 2989 677 3046 quibus
706 2989 786 3033 lux
818 2989 935 3043 &lis
967 2996 1013 3034 et
1042 2989 1199 3034 Lunae
1231 2987 1432 3033 defertur
1461 2988 1508 3031 in
1539 2987 1718 3032 oculum
1750 2986 1802 3044 Ο,
1836 3000 1896 3032 sc.
1930 3000 2012 3043 per
2042 2987 2450 3046 A130‚CDO,de·
2515 2963 2554 3049 '‘¹‘'

196 3056 342 3102 fertur
370 3056 501 3100 etiam
531 3056 611 3099 lux
643 3054 759 3099 Solis
790 3055 837 3099 in
867 3054 1059 3110 Lunam,
1078 3068 1155 3099 sc.
1185 3067 1268 3111 per
1282 3053 1456 3111 ABDC,
1487 3053 1722 3123 ipsamque
1753 3053 1955 3097 nonnihil
1984 3053 2258 3103 illuminans.
2289 3055 2374 3101 etsi
2403 3056 2450 3101 in
2523 3058 2529 3070 '

199 3119 355 3168 umbra
384 3120 523 3164 totius
555 3119 676 3177 globi
705 3125 922 3165 versetur.

346 3192 397 3261 3)
433 3195 691 3267 Hollandi,
741 3202 852 3259 post
889 3195 1164 3244 Tartariam
1199 3194 1542 3258 hibernanteS,
1589 3199 1702 3257 post
1739 3200 1934 3244 noctem
1971 3202 2068 3246 tres
2107 3212 2298 3248 menses
2336 3198 2448 3247 lon·
2518 3220 2554 3258 g

201 3284 315 3334 gam
354 3258 618 3331 coeperunt
658 3268 822 3318 videre
860 3269 1023 3318 Solem
1062 3267 1361 3333 temporibus
1400 3267 1699 3328 meridianis,
1752 3282 1860 3316 cum
1899 3268 1984 3317 illa
2035 3273 2150 3317 anni
2189 3279 2325 3333 parte
2364 3271 2451 3321 Sol

201 3343 502 3391 horizontem
545 3339 758 3389 nondum
796 3347 962 3404 posset
1000 3343 1218 3405 assequi,
1252 3342 1411 3405 spatio
1450 3331 1687 3403 graduum
1735 3340 1938 3402 aliquot.
2016 3341 2248 3405 Sequitur
2284 3346 2446 3406 igitur,

205 3421 258 3464 ut
292 3410 418 3463 radii
459 3411 605 3475 Solis,
647 3413 807 3462 adhuc
843 3414 934 3462 sub
961 3414 1111 3462 Terra
1151 3415 1403 3475 versantis,
1442 3428 1550 3462 cum
1589 3415 1638 3460 in
1677 3415 1837 3462 aerem
1866 3413 2160 3476 incidissent,
2202 3419 2449 3465 transituri

203 3488 350 3550 longe
390 3500 538 3549 supra
575 3487 735 3548 capita
772 3485 1144 3545 Hollandorum‚
1182 3487 1372 3536 refracti
1413 3485 1759 3536 declinaverint
1797 3485 2034 3549 deorsum,
2074 3495 2128 3537 ut
2165 3490 2214 3536 in
2239 3489 2450 3540 Hollan-
2525 3498 2532 3503 ’

205 3561 375 3609 dorum
415 3559 584 3608 oculos
621 3558 901 3607 inciderent.
959 3563 1057 3618 (cfr.
1090 3566 1142 3606 11.
1175 3569 1245 3607 44.
1278 3567 1392 3613 214.)

352 3628 403 3694 4)
444 3631 566 3679 Cum
604 3630 688 3679 Sol
728 3633 847 3679 satis
886 3637 960 3679 est
999 3631 1233 3692 elevatuS,
1274 3647 1447 3695 corpus
1487 3632 1591 3695 ejus
1630 3629 1888 3680 rotundum
1928 3638 2018 3698 est,
2058 3639 2105 3682 et
2145 3633 2447 3685 dimetientes

207 3706 312 3768 ejus
354 3718 520 3753 omnes
557 3704 683 3751 iuter
720 3718 771 3752 se
810 3702 1070 3765 aequalcS,
1125 3710 1179 3751 ut
1215 3705 1356 3753 facile
1396 3710 1469 3754 est
1505 3707 1833 3753 instrumentis
1871 3706 1997 3768 aptis
2040 3705 2304 3768 explorare.
2383 3708 2449 3756 At
2504 3770 2507 3772 ‚
2551 3754 2554 3760 .

157 3822 160 3825 ,
207 3793 317 3827 cum
358 3776 446 3826 Sol
481 3777 689 3840 primum
728 3777 891 3838 oritur,
933 3775 1165 3825 diameter
1203 3777 1307 3838 ejus
1348 3784 1507 3827 erecta
1544 3791 1626 3843 per
1663 3779 1980 3826 instrumenta
2017 3779 2216 3828 subtilia
2258 3782 2451 3830 brevior

207 3856 408 3914 apparet
463 3850 696 3899 diametro
747 3855 1022 3898 transversa
1069 3849 1350 3912 speciesque
1398 3850 1527 3900 Solis
1578 3855 1801 3900 accurate
1856 3852 2201 3914 contemplanti
2258 3853 2450 3902 videtur
2479 3886 2490 3891 -
2552 3870 2554 3889 2
