<?xml version="1.0" encoding="UTF-8"?>
<!DOCTYPE html PUBLIC "-//W3C//DTD XHTML 1.0 Transitional//EN"
    "http://www.w3.org/TR/xhtml1/DTD/xhtml1-transitional.dtd">
<html xmlns="http://www.w3.org/1999/xhtml" xml:lang="en" lang="en">
 <head>
  <title>
</title>
<meta http-equiv="Content-Type" content="text/html;charset=utf-8" />
  <meta name='ocr-system' content='tesseract 3.04.00' />
  <meta name='ocr-capabilities' content='ocr_page ocr_carea ocr_par ocr_line ocrx_word'/>
</head>
<body>
  <div class='ocr_page' id='page_1' title='image "./operaomniaedidit06kepluoft_0289.png"; bbox 0 0 2554 4140; ppageno 0'>
   <div class='ocr_carea' id='block_1_1' title="bbox 792 113 2318 170">
    <p class='ocr_par' dir='ltr' id='par_1_1' title="bbox 792 113 2318 170">
     <span class='ocr_line' id='line_1_1' title="bbox 792 113 2318 170; baseline 0.004 -10"><span class='ocrx_word' id='word_1_1' title='bbox 792 115 931 161; x_wconf 84' lang='lat' dir='ltr'><strong>Liber</strong></span> <span class='ocrx_word' id='word_1_2' title='bbox 959 114 1155 160; x_wconf 85' lang='lat' dir='ltr'><strong>Tertius.</strong></span> <span class='ocrx_word' id='word_1_3' title='bbox 1214 115 1327 162; x_wconf 81' lang='lat' dir='ltr'><strong>Pars</strong></span> <span class='ocrx_word' id='word_1_4' title='bbox 1357 113 1535 170; x_wconf 76' lang='lat' dir='ltr'><strong>Quinta.</strong></span> <span class='ocrx_word' id='word_1_5' title='bbox 2195 118 2318 169; x_wconf 74' lang='lat'><strong>2⁷5.</strong></span> 
     </span>
    </p>
   </div>
   <div class='ocr_carea' id='block_1_2' title="bbox 0 263 2322 2287">
    <p class='ocr_par' dir='ltr' id='par_1_2' title="bbox 45 263 2307 825">
     <span class='ocr_line' id='line_1_2' title="bbox 49 263 2306 328; baseline -0.001 -12"><span class='ocrx_word' id='word_1_6' title='bbox 49 267 112 316; x_wconf 89' lang='lat' dir='ltr'><strong>ab</strong></span> <span class='ocrx_word' id='word_1_7' title='bbox 151 266 318 328; x_wconf 85' lang='lat' dir='ltr'><strong>aliqua</strong></span> <span class='ocrx_word' id='word_1_8' title='bbox 350 265 553 314; x_wconf 84' lang='lat' dir='ltr'><strong>fixarum</strong></span> <span class='ocrx_word' id='word_1_9' title='bbox 592 263 794 314; x_wconf 85' lang='lat' dir='ltr'><strong>distaret</strong></span> <span class='ocrx_word' id='word_1_10' title='bbox 816 265 1075 327; x_wconf 90' lang='lat' dir='ltr'><strong>consuluit,</strong></span> <span class='ocrx_word' id='word_1_11' title='bbox 1118 266 1359 326; x_wconf 79' lang='lat' dir='ltr'><strong>distantia,</strong></span> <span class='ocrx_word' id='word_1_12' title='bbox 1400 264 1499 313; x_wconf 87' lang='lat' dir='ltr'><strong>illic</strong></span> <span class='ocrx_word' id='word_1_13' title='bbox 1536 280 1566 313; x_wconf 90' lang='lat' dir='ltr'><strong>a</strong></span> <span class='ocrx_word' id='word_1_14' title='bbox 1592 263 1721 325; x_wconf 86' lang='lat' dir='ltr'><strong>Sole,</strong></span> <span class='ocrx_word' id='word_1_15' title='bbox 1762 264 1841 313; x_wconf 87' lang='lat' dir='ltr'><strong>hie</strong></span> <span class='ocrx_word' id='word_1_16' title='bbox 1877 280 1908 314; x_wconf 94' lang='lat' dir='ltr'><strong>a</strong></span> <span class='ocrx_word' id='word_1_17' title='bbox 1933 264 2045 322; x_wconf 86' lang='lat' dir='ltr'><strong>fixa,</strong></span> <span class='ocrx_word' id='word_1_18' title='bbox 2086 264 2135 312; x_wconf 88' lang='lat' dir='ltr'><strong>in</strong></span> <span class='ocrx_word' id='word_1_19' title='bbox 2160 278 2306 313; x_wconf 87' lang='lat' dir='ltr'><strong>unam</strong></span> 
     </span>
     <span class='ocr_line' id='line_1_3' title="bbox 50 336 2306 400; baseline -0.001 -11"><span class='ocrx_word' id='word_1_20' title='bbox 50 340 285 400; x_wconf 87' lang='lat' dir='ltr'><strong>conflata,</strong></span> <span class='ocrx_word' id='word_1_21' title='bbox 339 338 577 400; x_wconf 84' lang='lat' dir='ltr'><strong>arguebat</strong></span> <span class='ocrx_word' id='word_1_22' title='bbox 614 337 744 385; x_wconf 88' lang='lat' dir='ltr'><strong>Solis</strong></span> <span class='ocrx_word' id='word_1_23' title='bbox 795 341 1110 388; x_wconf 87' lang='lat' dir='ltr'><strong>remotionem</strong></span> <span class='ocrx_word' id='word_1_24' title='bbox 1159 354 1189 386; x_wconf 87' lang='lat' dir='ltr'><strong>a</strong></span> <span class='ocrx_word' id='word_1_25' title='bbox 1225 338 1351 398; x_wconf 87' lang='lat' dir='ltr'><strong>fixa,</strong></span> <span class='ocrx_word' id='word_1_26' title='bbox 1404 351 1502 399; x_wconf 88' lang='lat' dir='ltr'><strong>qua</strong></span> <span class='ocrx_word' id='word_1_27' title='bbox 1541 339 1727 386; x_wconf 87' lang='lat' dir='ltr'><strong>ratione</strong></span> <span class='ocrx_word' id='word_1_28' title='bbox 1766 343 1876 400; x_wconf 89' lang='lat' dir='ltr'><strong>post</strong></span> <span class='ocrx_word' id='word_1_29' title='bbox 1913 337 2102 400; x_wconf 80' lang='lat' dir='ltr'><strong>aliquot</strong></span> <span class='ocrx_word' id='word_1_30' title='bbox 2138 336 2306 386; x_wconf 86' lang='lat' dir='ltr'><strong>secula</strong></span> 
     </span>
     <span class='ocr_line' id='line_1_4' title="bbox 45 408 2303 475; baseline -0 -15"><span class='ocrx_word' id='word_1_31' title='bbox 45 413 265 475; x_wconf 86' lang='lat' dir='ltr'><strong>repetita,</strong></span> <span class='ocrx_word' id='word_1_32' title='bbox 303 425 490 459; x_wconf 85' lang='lat' dir='ltr'><strong>rursum</strong></span> <span class='ocrx_word' id='word_1_33' title='bbox 530 409 771 472; x_wconf 87' lang='lat' dir='ltr'><strong>detegitur</strong></span> <span class='ocrx_word' id='word_1_34' title='bbox 810 414 1102 474; x_wconf 87' lang='lat' dir='ltr'><strong>quaesitum.</strong></span> <span class='ocrx_word' id='word_1_35' title='bbox 1159 410 1298 460; x_wconf 91' lang='lat' dir='ltr'><strong>Haec</strong></span> <span class='ocrx_word' id='word_1_36' title='bbox 1335 408 1631 459; x_wconf 88' lang='lat' dir='ltr'><strong>observandi</strong></span> <span class='ocrx_word' id='word_1_37' title='bbox 1669 410 1806 466; x_wconf 84' lang='lat' dir='ltr'><strong>ratio,</strong></span> <span class='ocrx_word' id='word_1_38' title='bbox 1847 416 1901 458; x_wconf 93' lang='lat' dir='ltr'><strong>ut</strong></span> <span class='ocrx_word' id='word_1_39' title='bbox 1941 410 2154 459; x_wconf 90' lang='lat' dir='ltr'><strong>debitam</strong></span> <span class='ocrx_word' id='word_1_40' title='bbox 2194 422 2303 459; x_wconf 88' lang='lat' dir='ltr'><strong>sor-</strong></span> 
     </span>
     <span class='ocr_line' id='line_1_5' title="bbox 48 482 2303 547; baseline -0.001 -15"><span class='ocrx_word' id='word_1_41' title='bbox 48 487 194 535; x_wconf 86' lang='lat' dir='ltr'><strong>tiatur</strong></span> <span class='ocrx_word' id='word_1_42' title='bbox 228 482 576 544; x_wconf 86' lang='lat' dir='ltr'><strong>subtilitatem,</strong></span> <span class='ocrx_word' id='word_1_43' title='bbox 616 482 781 531; x_wconf 91' lang='lat' dir='ltr'><strong>multis</strong></span> <span class='ocrx_word' id='word_1_44' title='bbox 822 485 1025 533; x_wconf 86' lang='lat' dir='ltr'><strong>cautelis</strong></span> <span class='ocrx_word' id='word_1_45' title='bbox 1065 499 1187 547; x_wconf 89' lang='lat' dir='ltr'><strong>opus</strong></span> <span class='ocrx_word' id='word_1_46' title='bbox 1225 483 1374 533; x_wconf 87' lang='lat' dir='ltr'><strong>habet</strong></span> <span class='ocrx_word' id='word_1_47' title='bbox 1411 495 1698 545; x_wconf 84' lang='lat' dir='ltr'><strong>semperque</strong></span> <span class='ocrx_word' id='word_1_48' title='bbox 1736 484 1987 530; x_wconf 87' lang='lat' dir='ltr'><strong>minimum</strong></span> <span class='ocrx_word' id='word_1_49' title='bbox 2026 482 2215 546; x_wconf 86' lang='lat' dir='ltr'><strong>aliquid</strong></span> <span class='ocrx_word' id='word_1_50' title='bbox 2253 484 2303 530; x_wconf 89' lang='lat' dir='ltr'><strong>in</strong></span> 
     </span>
     <span class='ocr_line' id='line_1_6' title="bbox 47 554 2307 620; baseline -0.001 -14"><span class='ocrx_word' id='word_1_51' title='bbox 47 559 227 606; x_wconf 89' lang='lat' dir='ltr'><strong>incerto</strong></span> <span class='ocrx_word' id='word_1_52' title='bbox 264 555 565 618; x_wconf 83' lang='lat' dir='ltr'><strong>relinquitur.</strong></span> <span class='ocrx_word' id='word_1_53' title='bbox 638 555 794 619; x_wconf 87' lang='lat' dir='ltr'><strong>Igitur</strong></span> <span class='ocrx_word' id='word_1_54' title='bbox 822 556 991 620; x_wconf 87' lang='lat' dir='ltr'><strong>Tycho</strong></span> <span class='ocrx_word' id='word_1_55' title='bbox 1019 557 1180 606; x_wconf 88' lang='lat' dir='ltr'><strong>Brahe</strong></span> <span class='ocrx_word' id='word_1_56' title='bbox 1219 556 1400 619; x_wconf 91' lang='lat' dir='ltr'><strong>aliique</strong></span> <span class='ocrx_word' id='word_1_57' title='bbox 1440 555 1535 604; x_wconf 89' lang='lat' dir='ltr'><strong>hoc</strong></span> <span class='ocrx_word' id='word_1_58' title='bbox 1572 554 1739 603; x_wconf 89' lang='lat' dir='ltr'><strong>seculo</strong></span> <span class='ocrx_word' id='word_1_59' title='bbox 1779 569 1864 618; x_wconf 91' lang='lat' dir='ltr'><strong>pro</strong></span> <span class='ocrx_word' id='word_1_60' title='bbox 1894 555 2033 604; x_wconf 89' lang='lat' dir='ltr'><strong>Luna</strong></span> <span class='ocrx_word' id='word_1_61' title='bbox 2066 557 2307 605; x_wconf 88' lang='lat' dir='ltr'><strong>Venerem</strong></span> 
     </span>
     <span class='ocr_line' id='line_1_7' title="bbox 46 626 2306 692; baseline -0 -13"><span class='ocrx_word' id='word_1_62' title='bbox 46 628 395 690; x_wconf 87' lang='lat' dir='ltr'><strong>adhibuerunt,</strong></span> <span class='ocrx_word' id='word_1_63' title='bbox 435 628 565 692; x_wconf 90' lang='lat' dir='ltr'><strong>quod</strong></span> <span class='ocrx_word' id='word_1_64' title='bbox 605 626 690 677; x_wconf 90' lang='lat' dir='ltr'><strong>illa</strong></span> <span class='ocrx_word' id='word_1_65' title='bbox 729 644 885 692; x_wconf 86' lang='lat' dir='ltr'><strong>aeque</strong></span> <span class='ocrx_word' id='word_1_66' title='bbox 923 635 1071 692; x_wconf 89' lang='lat' dir='ltr'><strong>atque</strong></span> <span class='ocrx_word' id='word_1_67' title='bbox 1110 629 1350 678; x_wconf 53' lang='lat' dir='ltr'><strong>Luna*de</strong></span> <span class='ocrx_word' id='word_1_68' title='bbox 1390 627 1468 678; x_wconf 93' lang='lat' dir='ltr'><strong>die</strong></span> <span class='ocrx_word' id='word_1_69' title='bbox 1508 627 1803 691; x_wconf 88' lang='lat' dir='ltr'><strong>quandoque</strong></span> <span class='ocrx_word' id='word_1_70' title='bbox 1842 635 2093 689; x_wconf 84' lang='lat' dir='ltr'><strong>cernatur,</strong></span> <span class='ocrx_word' id='word_1_71' title='bbox 2147 643 2306 692; x_wconf 88' lang='lat' dir='ltr'><strong>neque</strong></span> 
     </span>
     <span class='ocr_line' id='line_1_8' title="bbox 46 699 2306 766; baseline 0 -16"><span class='ocrx_word' id='word_1_72' title='bbox 46 708 207 766; x_wconf 86' lang='lat' dir='ltr'><strong>tamen</strong></span> <span class='ocrx_word' id='word_1_73' title='bbox 246 707 319 750; x_wconf 92' lang='lat' dir='ltr'><strong>tot</strong></span> <span class='ocrx_word' id='word_1_74' title='bbox 356 702 488 750; x_wconf 88' lang='lat' dir='ltr'><strong>tricis</strong></span> <span class='ocrx_word' id='word_1_75' title='bbox 527 703 591 749; x_wconf 89' lang='lat' dir='ltr'><strong>sit</strong></span> <span class='ocrx_word' id='word_1_76' title='bbox 629 702 842 751; x_wconf 87' lang='lat' dir='ltr'><strong>obnoxia</strong></span> <span class='ocrx_word' id='word_1_77' title='bbox 879 717 1038 766; x_wconf 89' lang='lat' dir='ltr'><strong>neque</strong></span> <span class='ocrx_word' id='word_1_78' title='bbox 1075 708 1175 752; x_wconf 89' lang='lat' dir='ltr'><strong>tam</strong></span> <span class='ocrx_word' id='word_1_79' title='bbox 1214 701 1412 764; x_wconf 76' lang='lat' dir='ltr'><strong>celeriS,</strong></span> <span class='ocrx_word' id='word_1_80' title='bbox 1466 707 1566 751; x_wconf 88' lang='lat' dir='ltr'><strong>tam</strong></span> <span class='ocrx_word' id='word_1_81' title='bbox 1604 701 1654 748; x_wconf 91' lang='lat' dir='ltr'><strong>in</strong></span> <span class='ocrx_word' id='word_1_82' title='bbox 1691 699 1838 749; x_wconf 87' lang='lat' dir='ltr'><strong>horas</strong></span> <span class='ocrx_word' id='word_1_83' title='bbox 1884 701 2108 751; x_wconf 83' lang='lat' dir='ltr'><strong>mutabili</strong></span> <span class='ocrx_word' id='word_1_84' title='bbox 2148 716 2306 763; x_wconf 90' lang='lat' dir='ltr'><strong>cursu,</strong></span> 
     </span>
     <span class='ocr_line' id='line_1_9' title="bbox 49 775 1635 825; baseline -0.003 0"><span class='ocrx_word' id='word_1_85' title='bbox 49 782 104 825; x_wconf 85' lang='lat' dir='ltr'><strong>ut</strong></span> <span class='ocrx_word' id='word_1_86' title='bbox 138 775 299 824; x_wconf 89' lang='lat' dir='ltr'><strong>Luna.</strong></span> <span class='ocrx_word' id='word_1_87' title='bbox 1370 819 1373 823; x_wconf 90' lang='grc'><strong>,</strong></span> <span class='ocrx_word' id='word_1_88' title='bbox 1503 805 1506 811; x_wconf 88' lang='lat'>·</span> <span class='ocrx_word' id='word_1_89' title='bbox 1630 785 1635 787; x_wconf 86' lang='grc'><em>·</em></span> 
     </span>
    </p>

    <p class='ocr_par' dir='ltr' id='par_1_3' title="bbox 43 846 2314 1570">
     <span class='ocr_line' id='line_1_10' title="bbox 196 846 2307 912; baseline -0.001 -17"><span class='ocrx_word' id='word_1_90' title='bbox 196 847 467 911; x_wconf 80' lang='lat' dir='ltr'><strong>Quodnam</strong></span> <span class='ocrx_word' id='word_1_91' title='bbox 506 853 575 895; x_wconf 87' lang='lat' dir='ltr'><strong>est</strong></span> <span class='ocrx_word' id='word_1_92' title='bbox 602 848 810 895; x_wconf 85' lang='lat' dir='ltr'><strong>initium</strong></span> <span class='ocrx_word' id='word_1_93' title='bbox 850 850 981 895; x_wconf 88' lang='lat' dir='ltr'><strong>anni</strong></span> <span class='ocrx_word' id='word_1_94' title='bbox 1015 847 1233 912; x_wconf 79' lang='lat' dir='ltr'><strong>siderei?</strong></span> <span class='ocrx_word' id='word_1_95' title='bbox 1269 847 1467 895; x_wconf 89' lang='lat' dir='ltr'><strong>Initium</strong></span> <span class='ocrx_word' id='word_1_96' title='bbox 1506 846 1611 909; x_wconf 88' lang='lat' dir='ltr'><strong>ejus</strong></span> <span class='ocrx_word' id='word_1_97' title='bbox 1649 852 1825 895; x_wconf 85' lang='lat' dir='ltr'><strong>natura</strong></span> <span class='ocrx_word' id='word_1_98' title='bbox 1844 860 1941 894; x_wconf 90' lang='lat' dir='ltr'><strong>non</strong></span> <span class='ocrx_word' id='word_1_99' title='bbox 1981 849 2138 908; x_wconf 86' lang='lat' dir='ltr'><strong>magis</strong></span> <span class='ocrx_word' id='word_1_100' title='bbox 2165 860 2307 893; x_wconf 92' lang='lat' dir='ltr'><strong>mon-</strong></span> 
     </span>
     <span class='ocr_line' id='line_1_11' title="bbox 49 918 2312 983; baseline -0.001 -14"><span class='ocrx_word' id='word_1_101' title='bbox 49 925 182 982; x_wconf 89' lang='lat' dir='ltr'><strong>strat,</strong></span> <span class='ocrx_word' id='word_1_102' title='bbox 222 935 370 983; x_wconf 87' lang='lat' dir='ltr'><strong>quam</strong></span> <span class='ocrx_word' id='word_1_103' title='bbox 408 920 599 981; x_wconf 84' lang='lat' dir='ltr'><strong>circuli3</strong></span> <span class='ocrx_word' id='word_1_104' title='bbox 641 920 892 982; x_wconf 90' lang='lat' dir='ltr'><strong>quaelibet</strong></span> <span class='ocrx_word' id='word_1_105' title='bbox 930 922 1058 968; x_wconf 92' lang='lat' dir='ltr'><strong>enim</strong></span> <span class='ocrx_word' id='word_1_106' title='bbox 1083 920 1181 968; x_wconf 87' lang='lat' dir='ltr'><strong>fixa</strong></span> <span class='ocrx_word' id='word_1_107' title='bbox 1219 927 1380 982; x_wconf 90' lang='lat' dir='ltr'><strong>potest</strong></span> <span class='ocrx_word' id='word_1_108' title='bbox 1405 934 1492 982; x_wconf 89' lang='lat' dir='ltr'><strong>pro</strong></span> <span class='ocrx_word' id='word_1_109' title='bbox 1531 921 1671 967; x_wconf 87' lang='lat' dir='ltr'><strong>initio</strong></span> <span class='ocrx_word' id='word_1_110' title='bbox 1700 921 1864 979; x_wconf 89' lang='lat' dir='ltr'><strong>statui,</strong></span> <span class='ocrx_word' id='word_1_111' title='bbox 1906 921 1999 967; x_wconf 87' lang='lat' dir='ltr'><strong>nisi</strong></span> <span class='ocrx_word' id='word_1_112' title='bbox 2031 918 2154 967; x_wconf 89' lang='lat' dir='ltr'><strong>forte</strong></span> <span class='ocrx_word' id='word_1_113' title='bbox 2180 923 2312 967; x_wconf 85' lang='lat' dir='ltr'><strong>corta</strong></span> 
     </span>
     <span class='ocr_line' id='line_1_12' title="bbox 51 991 2308 1062; baseline -0.002 -20"><span class='ocrx_word' id='word_1_114' title='bbox 51 992 289 1062; x_wconf 78' lang='lat' dir='ltr'><strong>quaedam</strong></span> <span class='ocrx_word' id='word_1_115' title='bbox 328 993 490 1042; x_wconf 88' lang='lat' dir='ltr'><strong>sidera</strong></span> <span class='ocrx_word' id='word_1_116' title='bbox 525 995 702 1055; x_wconf 87' lang='lat' dir='ltr'><strong>quovis</strong></span> <span class='ocrx_word' id='word_1_117' title='bbox 742 999 957 1056; x_wconf 87' lang='lat' dir='ltr'><strong>tempore</strong></span> <span class='ocrx_word' id='word_1_118' title='bbox 995 994 1050 1040; x_wconf 89' lang='lat' dir='ltr'><strong>in</strong></span> <span class='ocrx_word' id='word_1_119' title='bbox 1084 995 1277 1055; x_wconf 87' lang='lat' dir='ltr'><strong>punctis</strong></span> <span class='ocrx_word' id='word_1_120' title='bbox 1317 991 1643 1042; x_wconf 81' lang='lat' dir='ltr'><strong>cardinalibus</strong></span> <span class='ocrx_word' id='word_1_121' title='bbox 1670 991 1936 1052; x_wconf 78' lang='lat' dir='ltr'><strong>versentur,</strong></span> <span class='ocrx_word' id='word_1_122' title='bbox 1979 1006 2105 1054; x_wconf 89' lang='lat' dir='ltr'><strong>quae</strong></span> <span class='ocrx_word' id='word_1_123' title='bbox 2133 997 2308 1039; x_wconf 87' lang='lat' dir='ltr'><strong>natura</strong></span> 
     </span>
     <span class='ocr_line' id='line_1_13' title="bbox 43 1054 2310 1130; baseline -0.001 -16"><span class='ocrx_word' id='word_1_124' title='bbox 43 1054 189 1115; x_wconf 79' lang='lat' dir='ltr'><strong>‘nobis</strong></span> <span class='ocrx_word' id='word_1_125' title='bbox 228 1065 563 1130; x_wconf 84' lang='lat' dir='ltr'><strong>commendat,</strong></span> <span class='ocrx_word' id='word_1_126' title='bbox 616 1072 670 1113; x_wconf 90' lang='lat' dir='ltr'><strong>ut</strong></span> <span class='ocrx_word' id='word_1_127' title='bbox 722 1066 783 1114; x_wconf 85' lang='lat' dir='ltr'><strong>ab</strong></span> <span class='ocrx_word' id='word_1_128' title='bbox 834 1067 894 1113; x_wconf 90' lang='lat' dir='ltr'><strong>iis</strong></span> <span class='ocrx_word' id='word_1_129' title='bbox 945 1067 1234 1129; x_wconf 85' lang='lat' dir='ltr'><strong>principium</strong></span> <span class='ocrx_word' id='word_1_130' title='bbox 1283 1068 1398 1114; x_wconf 90' lang='lat' dir='ltr'><strong>anni</strong></span> <span class='ocrx_word' id='word_1_131' title='bbox 1435 1068 1611 1130; x_wconf 85' lang='lat' dir='ltr'><strong>tropici</strong></span> <span class='ocrx_word' id='word_1_132' title='bbox 1650 1066 1916 1129; x_wconf 81' lang='lat' dir='ltr'><strong>capiamus.</strong></span> <span class='ocrx_word' id='word_1_133' title='bbox 1993 1064 2177 1113; x_wconf 90' lang='lat' dir='ltr'><strong>Verum</strong></span> <span class='ocrx_word' id='word_1_134' title='bbox 2217 1064 2310 1112; x_wconf 88' lang='lat' dir='ltr'><strong>hoc</strong></span> 
     </span>
     <span class='ocr_line' id='line_1_14' title="bbox 44 1137 2310 1205; baseline -0.002 -17"><span class='ocrx_word' id='word_1_135' title='bbox 44 1146 190 1205; x_wconf 80' lang='lat' dir='ltr'><strong>pacto</strong></span> <span class='ocrx_word' id='word_1_136' title='bbox 240 1139 366 1188; x_wconf 82' lang='lat' dir='ltr'><strong>fixae</strong></span> <span class='ocrx_word' id='word_1_137' title='bbox 416 1139 806 1189; x_wconf 85' lang='lat' dir='ltr'><strong>observabuntur</strong></span> <span class='ocrx_word' id='word_1_138' title='bbox 859 1153 944 1202; x_wconf 90' lang='lat' dir='ltr'><strong>pro</strong></span> <span class='ocrx_word' id='word_1_139' title='bbox 983 1139 1186 1202; x_wconf 87' lang='lat' dir='ltr'><strong>tropici,</strong></span> <span class='ocrx_word' id='word_1_140' title='bbox 1237 1153 1335 1187; x_wconf 90' lang='lat' dir='ltr'><strong>non</strong></span> <span class='ocrx_word' id='word_1_141' title='bbox 1376 1153 1491 1188; x_wconf 90' lang='lat' dir='ltr'><strong>vero</strong></span> <span class='ocrx_word' id='word_1_142' title='bbox 1530 1153 1615 1203; x_wconf 89' lang='lat' dir='ltr'><strong>pro</strong></span> <span class='ocrx_word' id='word_1_143' title='bbox 1655 1139 2034 1200; x_wconf 10' lang='lat' dir='ltr'><strong>sidereikinitiO,</strong></span> <span class='ocrx_word' id='word_1_144' title='bbox 2089 1143 2143 1186; x_wconf 93' lang='lat' dir='ltr'><strong>ut</strong></span> <span class='ocrx_word' id='word_1_145' title='bbox 2181 1137 2310 1184; x_wconf 83' lang='lat' dir='ltr'><strong>talis.</strong></span> 
     </span>
     <span class='ocr_line' id='line_1_15' title="bbox 51 1209 2314 1277; baseline -0.002 -15"><span class='ocrx_word' id='word_1_146' title='bbox 51 1211 198 1273; x_wconf 86' lang='lat' dir='ltr'><strong>Dedit</strong></span> <span class='ocrx_word' id='word_1_147' title='bbox 237 1219 399 1262; x_wconf 86' lang='lat' dir='ltr'><strong>tamen</strong></span> <span class='ocrx_word' id='word_1_148' title='bbox 451 1214 664 1277; x_wconf 86' lang='lat' dir='ltr'><strong>supremi</strong></span> <span class='ocrx_word' id='word_1_149' title='bbox 701 1211 968 1260; x_wconf 89' lang='lat' dir='ltr'><strong>Architecti</strong></span> <span class='ocrx_word' id='word_1_150' title='bbox 1014 1209 1326 1275; x_wconf 87' lang='lat' dir='ltr'><strong>providentia</strong></span> <span class='ocrx_word' id='word_1_151' title='bbox 1375 1218 1541 1261; x_wconf 88' lang='lat' dir='ltr'><strong>nostro</strong></span> <span class='ocrx_word' id='word_1_152' title='bbox 1578 1212 1780 1266; x_wconf 76' lang='lat' dir='ltr'><strong>arbitrio</strong></span> <span class='ocrx_word' id='word_1_153' title='bbox 1821 1210 2062 1274; x_wconf 86' lang='lat' dir='ltr'><strong>quaedam</strong></span> <span class='ocrx_word' id='word_1_154' title='bbox 2102 1210 2314 1259; x_wconf 90' lang='lat' dir='ltr'><strong>admini-</strong></span> 
     </span>
     <span class='ocr_line' id='line_1_16' title="bbox 43 1283 2314 1349; baseline -0.004 -11"><span class='ocrx_word' id='word_1_155' title='bbox 43 1284 158 1339; x_wconf 78' lang='lat' dir='ltr'><strong>cula</strong></span> <span class='ocrx_word' id='word_1_156' title='bbox 208 1284 420 1349; x_wconf 18' lang='lat' dir='ltr'><strong>elige-ndi</strong></span> <span class='ocrx_word' id='word_1_157' title='bbox 464 1285 598 1334; x_wconf 89' lang='lat' dir='ltr'><strong>sidus</strong></span> <span class='ocrx_word' id='word_1_158' title='bbox 646 1284 780 1334; x_wconf 87' lang='lat' dir='ltr'><strong>aliud</strong></span> <span class='ocrx_word' id='word_1_159' title='bbox 826 1299 942 1348; x_wconf 88' lang='lat' dir='ltr'><strong>prae</strong></span> <span class='ocrx_word' id='word_1_160' title='bbox 981 1284 1101 1346; x_wconf 89' lang='lat' dir='ltr'><strong>alio,</strong></span> <span class='ocrx_word' id='word_1_161' title='bbox 1156 1299 1264 1333; x_wconf 91' lang='lat' dir='ltr'><strong>cum</strong></span> <span class='ocrx_word' id='word_1_162' title='bbox 1305 1284 1696 1334; x_wconf 84' lang='lat' dir='ltr'><strong>dissimilitudine</strong></span> <span class='ocrx_word' id='word_1_163' title='bbox 1736 1284 2070 1347; x_wconf 88' lang='lat' dir='ltr'><strong>dispositionis</strong></span> <span class='ocrx_word' id='word_1_164' title='bbox 2107 1283 2314 1332; x_wconf 86' lang='lat' dir='ltr'><strong>fixarum</strong></span> 
     </span>
     <span class='ocr_line' id='line_1_17' title="bbox 47 1352 2310 1423; baseline -0.002 -15"><span class='ocrx_word' id='word_1_165' title='bbox 47 1352 216 1423; x_wconf 53' lang='lat' dir='ltr'><strong>‚omnes</strong></span> <span class='ocrx_word' id='word_1_166' title='bbox 268 1358 394 1422; x_wconf 86' lang='lat' dir='ltr'><strong>coeli</strong></span> <span class='ocrx_word' id='word_1_167' title='bbox 437 1364 602 1421; x_wconf 88' lang='lat' dir='ltr'><strong>partes</strong></span> <span class='ocrx_word' id='word_1_168' title='bbox 651 1358 714 1407; x_wconf 88' lang='lat' dir='ltr'><strong>ab</strong></span> <span class='ocrx_word' id='word_1_169' title='bbox 755 1358 979 1406; x_wconf 90' lang='lat' dir='ltr'><strong>omnibus</strong></span> <span class='ocrx_word' id='word_1_170' title='bbox 1026 1359 1124 1406; x_wconf 88' lang='lat' dir='ltr'><strong>sint</strong></span> <span class='ocrx_word' id='word_1_171' title='bbox 1163 1357 1435 1408; x_wconf 85' lang='lat' dir='ltr'><strong>distinctae.</strong></span> <span class='ocrx_word' id='word_1_172' title='bbox 1514 1357 1596 1408; x_wconf 89' lang='lat' dir='ltr'><strong>Sic</strong></span> <span class='ocrx_word' id='word_1_173' title='bbox 1635 1360 1781 1421; x_wconf 89' lang='lat' dir='ltr'><strong>igitur</strong></span> <span class='ocrx_word' id='word_1_174' title='bbox 1819 1360 2090 1420; x_wconf 88' lang='lat' dir='ltr'><strong>antiquitus</strong></span> <span class='ocrx_word' id='word_1_175' title='bbox 2127 1357 2310 1406; x_wconf 87' lang='lat' dir='ltr'><strong>factum</strong></span> 
     </span>
     <span class='ocr_line' id='line_1_18' title="bbox 52 1430 2314 1495; baseline -0.002 -13"><span class='ocrx_word' id='word_1_176' title='bbox 52 1438 150 1492; x_wconf 86' lang='lat' dir='ltr'><strong>est,</strong></span> <span class='ocrx_word' id='word_1_177' title='bbox 201 1437 255 1480; x_wconf 91' lang='lat' dir='ltr'><strong>ut</strong></span> <span class='ocrx_word' id='word_1_178' title='bbox 292 1433 529 1495; x_wconf 86' lang='lat' dir='ltr'><strong>Aegyptii</strong></span> <span class='ocrx_word' id='word_1_179' title='bbox 578 1445 757 1479; x_wconf 88' lang='lat' dir='ltr'><strong>annum</strong></span> <span class='ocrx_word' id='word_1_180' title='bbox 804 1446 945 1479; x_wconf 91' lang='lat' dir='ltr'><strong>suum</strong></span> <span class='ocrx_word' id='word_1_181' title='bbox 994 1430 1279 1480; x_wconf 86' lang='lat' dir='ltr'><strong>inchoarent</strong></span> <span class='ocrx_word' id='word_1_182' title='bbox 1325 1432 1388 1480; x_wconf 91' lang='lat' dir='ltr'><strong>ab</strong></span> <span class='ocrx_word' id='word_1_183' title='bbox 1445 1437 1552 1479; x_wconf 91' lang='lat' dir='ltr'><strong>ortu</strong></span> <span class='ocrx_word' id='word_1_184' title='bbox 1593 1431 1766 1492; x_wconf 85' lang='lat' dir='ltr'><strong>Canis,</strong></span> <span class='ocrx_word' id='word_1_185' title='bbox 1821 1433 1938 1493; x_wconf 90' lang='lat' dir='ltr'><strong>quia</strong></span> <span class='ocrx_word' id='word_1_186' title='bbox 1987 1433 2037 1479; x_wconf 91' lang='lat' dir='ltr'><strong>in</strong></span> <span class='ocrx_word' id='word_1_187' title='bbox 2076 1435 2314 1480; x_wconf 83' lang='lat' dir='ltr'><strong>aestatem</strong></span> 
     </span>
     <span class='ocr_line' id='line_1_19' title="bbox 52 1503 2130 1570; baseline -0 -15"><span class='ocrx_word' id='word_1_188' title='bbox 52 1505 271 1570; x_wconf 76' lang='lat' dir='ltr'><strong>cadebat,</strong></span> <span class='ocrx_word' id='word_1_189' title='bbox 312 1503 497 1554; x_wconf 89' lang='lat' dir='ltr'><strong>Achaei</strong></span> <span class='ocrx_word' id='word_1_190' title='bbox 534 1505 598 1552; x_wconf 88' lang='lat' dir='ltr'><strong>ab</strong></span> <span class='ocrx_word' id='word_1_191' title='bbox 637 1510 746 1553; x_wconf 89' lang='lat' dir='ltr'><strong>ortu</strong></span> <span class='ocrx_word' id='word_1_192' title='bbox 783 1503 1139 1567; x_wconf 81' lang='lat' dir='ltr'><strong>Vergiliarum3</strong></span> <span class='ocrx_word' id='word_1_193' title='bbox 1178 1504 1265 1554; x_wconf 87' lang='lat' dir='ltr'><strong>sed</strong></span> <span class='ocrx_word' id='word_1_194' title='bbox 1300 1504 1423 1554; x_wconf 87' lang='lat' dir='ltr'><strong>haec</strong></span> <span class='ocrx_word' id='word_1_195' title='bbox 1461 1505 1742 1553; x_wconf 85' lang='lat' dir='ltr'><strong>observatio</strong></span> <span class='ocrx_word' id='word_1_196' title='bbox 1782 1504 1984 1568; x_wconf 85' lang='lat' dir='ltr'><strong>politica</strong></span> <span class='ocrx_word' id='word_1_197' title='bbox 2020 1505 2130 1554; x_wconf 84' lang='lat' dir='ltr'><strong>fuit.</strong></span> 
     </span>
    </p>

    <p class='ocr_par' dir='ltr' id='par_1_4' title="bbox 45 1576 2321 1940">
     <span class='ocr_line' id='line_1_20' title="bbox 45 1576 2316 1651; baseline -0.001 -24"><span class='ocrx_word' id='word_1_198' title='bbox 45 1626 65 1651; x_wconf 8' lang='grc' dir='ltr'><strong>,Ἴ</strong></span> <span class='ocrx_word' id='word_1_199' title='bbox 200 1578 341 1642; x_wconf 79' lang='lat' dir='ltr'><strong>Quas</strong></span> <span class='ocrx_word' id='word_1_200' title='bbox 394 1579 450 1626; x_wconf 84' lang='lat' dir='ltr'><strong>in</strong></span> <span class='ocrx_word' id='word_1_201' title='bbox 497 1579 672 1626; x_wconf 79' lang='lat' dir='ltr'><strong>classes</strong></span> <span class='ocrx_word' id='word_1_202' title='bbox 718 1578 886 1626; x_wconf 81' lang='lat' dir='ltr'><strong>stellae</strong></span> <span class='ocrx_word' id='word_1_203' title='bbox 918 1579 1221 1640; x_wconf 79' lang='lat' dir='ltr'><strong>&#39;antiquitus</strong></span> <span class='ocrx_word' id='word_1_204' title='bbox 1265 1584 1386 1626; x_wconf 89' lang='lat' dir='ltr'><strong>sunt</strong></span> <span class='ocrx_word' id='word_1_205' title='bbox 1435 1576 1768 1626; x_wconf 77' lang='lat' dir='ltr'><strong>distributae?</strong></span> <span class='ocrx_word' id='word_1_206' title='bbox 1822 1576 2042 1626; x_wconf 89' lang='lat' dir='ltr'><strong>Primum</strong></span> <span class='ocrx_word' id='word_1_207' title='bbox 2092 1577 2316 1626; x_wconf 86' lang='lat' dir='ltr'><strong>homines</strong></span> 
     </span>
     <span class='ocr_line' id='line_1_21' title="bbox 49 1649 2317 1714; baseline -0.002 -12"><span class='ocrx_word' id='word_1_208' title='bbox 49 1649 347 1703; x_wconf 88' lang='lat' dir='ltr'><strong>lineamenta</strong></span> <span class='ocrx_word' id='word_1_209' title='bbox 385 1652 540 1700; x_wconf 89' lang='lat' dir='ltr'><strong>secuti</strong></span> <span class='ocrx_word' id='word_1_210' title='bbox 579 1650 914 1714; x_wconf 83' lang='lat' dir='ltr'><strong>dispositionis</strong></span> <span class='ocrx_word' id='word_1_211' title='bbox 953 1652 1118 1699; x_wconf 88' lang='lat' dir='ltr'><strong>variae</strong></span> <span class='ocrx_word' id='word_1_212' title='bbox 1157 1650 1421 1712; x_wconf 86' lang='lat' dir='ltr'><strong>stellarum,</strong></span> <span class='ocrx_word' id='word_1_213' title='bbox 1463 1649 1812 1700; x_wconf 88' lang='lat' dir='ltr'><strong>distribuerunt</strong></span> <span class='ocrx_word' id='word_1_214' title='bbox 1851 1665 2042 1701; x_wconf 89' lang='lat' dir='ltr'><strong>omnem</strong></span> <span class='ocrx_word' id='word_1_215' title='bbox 2070 1650 2317 1700; x_wconf 91' lang='lat' dir='ltr'><strong>coelorum</strong></span> 
     </span>
     <span class='ocr_line' id='line_1_22' title="bbox 45 1720 2317 1789; baseline -0.001 -14"><span class='ocrx_word' id='word_1_216' title='bbox 45 1720 325 1786; x_wconf 51' lang='lat' dir='ltr'><strong>ssexercitum</strong></span> <span class='ocrx_word' id='word_1_217' title='bbox 380 1725 431 1771; x_wconf 90' lang='lat' dir='ltr'><strong>in</strong></span> <span class='ocrx_word' id='word_1_218' title='bbox 486 1730 651 1773; x_wconf 89' lang='lat' dir='ltr'><strong>nostra</strong></span> <span class='ocrx_word' id='word_1_219' title='bbox 704 1737 831 1772; x_wconf 86' lang='lat' dir='ltr'><strong>zona</strong></span> <span class='ocrx_word' id='word_1_220' title='bbox 884 1729 1154 1788; x_wconf 86' lang='lat' dir='ltr'><strong>temperata</strong></span> <span class='ocrx_word' id='word_1_221' title='bbox 1208 1726 1525 1789; x_wconf 89' lang='lat' dir='ltr'><strong>conspicuum</strong></span> <span class='ocrx_word' id='word_1_222' title='bbox 1574 1727 1623 1772; x_wconf 91' lang='lat' dir='ltr'><strong>in</strong></span> <span class='ocrx_word' id='word_1_223' title='bbox 1673 1725 1910 1786; x_wconf 86' lang='lat' dir='ltr'><strong>imagines</strong></span> <span class='ocrx_word' id='word_1_224' title='bbox 1968 1726 2052 1774; x_wconf 81' lang='lat'><strong>48.</strong></span> <span class='ocrx_word' id='word_1_225' title='bbox 2126 1722 2317 1773; x_wconf 88' lang='lat' dir='ltr'><strong>Deinde</strong></span> 
     </span>
     <span class='ocr_line' id='line_1_23' title="bbox 47 1796 2320 1869; baseline -0.001 -22"><span class='ocrx_word' id='word_1_226' title='bbox 47 1799 319 1869; x_wconf 54' lang='lat' dir='ltr'><strong>,astronomi</strong></span> <span class='ocrx_word' id='word_1_227' title='bbox 355 1812 454 1847; x_wconf 91' lang='lat' dir='ltr'><strong>non</strong></span> <span class='ocrx_word' id='word_1_228' title='bbox 493 1812 641 1846; x_wconf 88' lang='lat' dir='ltr'><strong>causa</strong></span> <span class='ocrx_word' id='word_1_229' title='bbox 678 1796 775 1846; x_wconf 90' lang='lat' dir='ltr'><strong>loci</strong></span> <span class='ocrx_word' id='word_1_230' title='bbox 813 1797 895 1845; x_wconf 84' lang='lat' dir='ltr'><strong>vel</strong></span> <span class='ocrx_word' id='word_1_231' title='bbox 935 1797 1348 1860; x_wconf 82' lang='lat' dir='ltr'><strong>configurationis,</strong></span> <span class='ocrx_word' id='word_1_232' title='bbox 1388 1797 1475 1847; x_wconf 91' lang='lat' dir='ltr'><strong>sed</strong></span> <span class='ocrx_word' id='word_1_233' title='bbox 1515 1811 1664 1846; x_wconf 87' lang='lat' dir='ltr'><strong>causa</strong></span> <span class='ocrx_word' id='word_1_234' title='bbox 1699 1796 2052 1860; x_wconf 85' lang='lat' dir='ltr'><strong>magnitudinis</strong></span> <span class='ocrx_word' id='word_1_235' title='bbox 2103 1797 2320 1846; x_wconf 84' lang='lat' dir='ltr'><strong>fecerunt</strong></span> 
     </span>
     <span class='ocr_line' id='line_1_24' title="bbox 45 1869 2321 1940; baseline -0.001 -20"><span class='ocrx_word' id='word_1_236' title='bbox 45 1886 143 1940; x_wconf 56' lang='grc' dir='ltr'><strong>μὶ</strong></span> <span class='ocrx_word' id='word_1_237' title='bbox 186 1870 366 1920; x_wconf 88' lang='lat' dir='ltr'><strong>classes</strong></span> <span class='ocrx_word' id='word_1_238' title='bbox 411 1871 525 1919; x_wconf 91' lang='lat' dir='ltr'><strong>hinc</strong></span> <span class='ocrx_word' id='word_1_239' title='bbox 571 1869 682 1919; x_wconf 91' lang='lat' dir='ltr'><strong>inde</strong></span> <span class='ocrx_word' id='word_1_240' title='bbox 731 1871 1055 1934; x_wconf 87' lang='lat' dir='ltr'><strong>dispersarum</strong></span> <span class='ocrx_word' id='word_1_241' title='bbox 1103 1875 1207 1918; x_wconf 87' lang='lat' dir='ltr'><strong>toto</strong></span> <span class='ocrx_word' id='word_1_242' title='bbox 1255 1870 1416 1932; x_wconf 89' lang='lat' dir='ltr'><strong>coe10,</strong></span> <span class='ocrx_word' id='word_1_243' title='bbox 1470 1884 1674 1933; x_wconf 88' lang='lat' dir='ltr'><strong>quarum</strong></span> <span class='ocrx_word' id='word_1_244' title='bbox 1720 1871 1958 1919; x_wconf 87' lang='lat' dir='ltr'><strong>maximas</strong></span> <span class='ocrx_word' id='word_1_245' title='bbox 2010 1870 2321 1935; x_wconf 86' lang='lat' dir='ltr'><strong>appellarunt</strong></span> 
     </span>
    </p>

    <p class='ocr_par' dir='ltr' id='par_1_5' title="bbox 0 1940 1868 2018">
     <span class='ocr_line' id='line_1_25' title="bbox 0 1940 1868 2018; baseline -0.001 -24"><span class='ocrx_word' id='word_1_246' title='bbox 0 1944 2 2014; x_wconf 51' lang='grc' dir='ltr'><strong><em>ᾗ</em></strong></span> <span class='ocrx_word' id='word_1_247' title='bbox 44 1940 243 2018; x_wconf 52' lang='lat' dir='ltr'><strong>[primae</strong></span> <span class='ocrx_word' id='word_1_248' title='bbox 278 1943 644 2008; x_wconf 86' lang='lat' dir='ltr'><strong>magnitudinis,</strong></span> <span class='ocrx_word' id='word_1_249' title='bbox 683 1945 908 1992; x_wconf 90' lang='lat' dir='ltr'><strong>minimas</strong></span> <span class='ocrx_word' id='word_1_250' title='bbox 934 1949 1116 2003; x_wconf 86' lang='lat' dir='ltr'><strong>sextae,</strong></span> <span class='ocrx_word' id='word_1_251' title='bbox 1156 1944 1434 2006; x_wconf 88' lang='lat' dir='ltr'><strong>interjectas</strong></span> <span class='ocrx_word' id='word_1_252' title='bbox 1474 1943 1646 1993; x_wconf 87' lang='lat' dir='ltr'><strong>eodem</strong></span> <span class='ocrx_word' id='word_1_253' title='bbox 1684 1943 1868 1993; x_wconf 88' lang='lat' dir='ltr'><strong>ordine.</strong></span> 
     </span>
    </p>

    <p class='ocr_par' dir='ltr' id='par_1_6' title="bbox 0 2016 2321 2082">
     <span class='ocr_line' id='line_1_26' title="bbox 0 2016 2321 2082; baseline 0 -18"><span class='ocrx_word' id='word_1_254' title='bbox 0 2018 2 2026; x_wconf 82' lang='grc'>’</span> <span class='ocrx_word' id='word_1_255' title='bbox 45 2026 59 2077; x_wconf 66' lang='grc' dir='ltr'>ζ</span> <span class='ocrx_word' id='word_1_256' title='bbox 154 2059 158 2064; x_wconf 87' lang='grc'><em>.</em></span> <span class='ocrx_word' id='word_1_257' title='bbox 204 2017 349 2082; x_wconf 78' lang='lat' dir='ltr'><strong>Quae</strong></span> <span class='ocrx_word' id='word_1_258' title='bbox 384 2024 504 2066; x_wconf 88' lang='lat' dir='ltr'><strong>sunt</strong></span> <span class='ocrx_word' id='word_1_259' title='bbox 529 2018 647 2066; x_wconf 87' lang='lat' dir='ltr'><strong>illae</strong></span> <span class='ocrx_word' id='word_1_260' title='bbox 671 2018 739 2065; x_wconf 84' lang='lat'><strong>48</strong></span> <span class='ocrx_word' id='word_1_261' title='bbox 763 2016 1047 2079; x_wconf 72' lang='lat' dir='ltr'><strong>imayines‘?</strong></span> <span class='ocrx_word' id='word_1_262' title='bbox 1086 2016 1360 2066; x_wconf 88' lang='lat' dir='ltr'><strong>Duodecim</strong></span> <span class='ocrx_word' id='word_1_263' title='bbox 1387 2018 1436 2066; x_wconf 90' lang='lat' dir='ltr'><strong>in</strong></span> <span class='ocrx_word' id='word_1_264' title='bbox 1475 2016 1665 2066; x_wconf 86' lang='lat' dir='ltr'><strong>zodiaci</strong></span> <span class='ocrx_word' id='word_1_265' title='bbox 1693 2016 2051 2080; x_wconf 86' lang='lat' dir='ltr'><strong>longitudinem</strong></span> <span class='ocrx_word' id='word_1_266' title='bbox 2077 2016 2321 2079; x_wconf 88' lang='lat' dir='ltr'><strong>quodam-</strong></span> 
     </span>
    </p>

    <p class='ocr_par' dir='ltr' id='par_1_7' title="bbox 2 2089 2322 2163">
     <span class='ocr_line' id='line_1_27' title="bbox 2 2089 2322 2163; baseline -0.001 -23"><span class='ocrx_word' id='word_1_267' title='bbox 2 2145 5 2160; x_wconf 33' lang='grc'><strong>4</strong></span> <span class='ocrx_word' id='word_1_268' title='bbox 47 2089 202 2163; x_wconf 66' lang='lat' dir='ltr'><strong>‚ruodo</strong></span> <span class='ocrx_word' id='word_1_269' title='bbox 256 2089 502 2151; x_wconf 86' lang='lat' dir='ltr'><strong>incidunt,</strong></span> <span class='ocrx_word' id='word_1_270' title='bbox 558 2105 684 2154; x_wconf 85' lang='lat' dir='ltr'><strong>quae</strong></span> <span class='ocrx_word' id='word_1_271' title='bbox 733 2105 881 2153; x_wconf 88' lang='lat' dir='ltr'><strong>supra</strong></span> <span class='ocrx_word' id='word_1_272' title='bbox 939 2089 1063 2139; x_wconf 89' lang='lat' dir='ltr'><strong>libro</strong></span> <span class='ocrx_word' id='word_1_273' title='bbox 1109 2092 1264 2154; x_wconf 89' lang='lat' dir='ltr'><strong>primo</strong></span> <span class='ocrx_word' id='word_1_274' title='bbox 1315 2097 1428 2140; x_wconf 88' lang='lat' dir='ltr'><strong>sunt</strong></span> <span class='ocrx_word' id='word_1_275' title='bbox 1481 2096 1903 2140; x_wconf 87' lang='lat' dir='ltr'><strong>commemoratae.</strong></span> <span class='ocrx_word' id='word_1_276' title='bbox 1980 2089 2220 2153; x_wconf 87' lang='lat' dir='ltr'><strong>Reliquae</strong></span> <span class='ocrx_word' id='word_1_277' title='bbox 2270 2091 2322 2137; x_wconf 89' lang='lat' dir='ltr'><strong>in</strong></span> 
     </span>
    </p>

    <p class='ocr_par' dir='ltr' id='par_1_8' title="bbox 0 2161 2320 2237">
     <span class='ocr_line' id='line_1_28' title="bbox 0 2161 2320 2237; baseline -0 -24"><span class='ocrx_word' id='word_1_278' title='bbox 0 2161 5 2237; x_wconf 54' lang='lat' dir='ltr'>J</span> <span class='ocrx_word' id='word_1_279' title='bbox 46 2161 424 2237; x_wconf 48' lang='lat' dir='ltr'><strong>pemisphaeriis</strong></span> <span class='ocrx_word' id='word_1_280' title='bbox 462 2179 494 2213; x_wconf 88' lang='lat' dir='ltr'><strong>a</strong></span> <span class='ocrx_word' id='word_1_281' title='bbox 530 2163 735 2213; x_wconf 85' lang='lat' dir='ltr'><strong>zodiaco</strong></span> <span class='ocrx_word' id='word_1_282' title='bbox 775 2163 1015 2212; x_wconf 88' lang='lat' dir='ltr'><strong>distinctis</strong></span> <span class='ocrx_word' id='word_1_283' title='bbox 1054 2162 1291 2225; x_wconf 91' lang='lat' dir='ltr'><strong>locantur,</strong></span> <span class='ocrx_word' id='word_1_284' title='bbox 1330 2165 1380 2211; x_wconf 89' lang='lat' dir='ltr'><strong>in</strong></span> <span class='ocrx_word' id='word_1_285' title='bbox 1406 2163 1776 2228; x_wconf 81' lang='lat' dir='ltr'><strong>septentrionali</strong></span> <span class='ocrx_word' id='word_1_286' title='bbox 1803 2166 1886 2225; x_wconf 84' lang='lat'><strong>21,</strong></span> <span class='ocrx_word' id='word_1_287' title='bbox 1925 2165 1975 2211; x_wconf 93' lang='lat' dir='ltr'><strong>in</strong></span> <span class='ocrx_word' id='word_1_288' title='bbox 2002 2162 2207 2213; x_wconf 82' lang='lat' dir='ltr'><strong>australi</strong></span> <span class='ocrx_word' id='word_1_289' title='bbox 2238 2164 2320 2212; x_wconf 85' lang='lat'><strong>15.</strong></span> 
     </span>
    </p>

    <p class='ocr_par' dir='ltr' id='par_1_9' title="bbox 203 2236 1115 2287">
     <span class='ocr_line' id='line_1_29' title="bbox 203 2236 1115 2287; baseline -0.001 -2"><span class='ocrx_word' id='word_1_290' title='bbox 203 2236 280 2287; x_wconf 91' lang='lat' dir='ltr'><strong>De</strong></span> <span class='ocrx_word' id='word_1_291' title='bbox 318 2236 395 2286; x_wconf 89' lang='lat' dir='ltr'><strong>his</strong></span> <span class='ocrx_word' id='word_1_292' title='bbox 435 2243 689 2287; x_wconf 86' lang='lat' dir='ltr'><strong>teneantur</strong></span> <span class='ocrx_word' id='word_1_293' title='bbox 722 2236 949 2286; x_wconf 83' lang='lat' dir='ltr'><strong>versiculi</strong></span> <span class='ocrx_word' id='word_1_294' title='bbox 989 2237 1115 2285; x_wconf 88' lang='lat' dir='ltr'><strong>triti:</strong></span> 
     </span>
    </p>
   </div>
   <div class='ocr_carea' id='block_1_3' title="bbox 0 2319 2045 2903">
    <p class='ocr_par' dir='ltr' id='par_1_10' title="bbox 47 2319 1629 2379">
     <span class='ocr_line' id='line_1_30' title="bbox 47 2319 1629 2379; baseline 0.001 -14"><span class='ocrx_word' id='word_1_295' title='bbox 47 2347 71 2377; x_wconf 49' lang='grc' dir='ltr'><strong>ι,</strong></span> <span class='ocrx_word' id='word_1_296' title='bbox 490 2319 569 2366; x_wconf 85' lang='lat' dir='ltr'><strong>Ad</strong></span> <span class='ocrx_word' id='word_1_297' title='bbox 586 2321 766 2366; x_wconf 85' lang='lat' dir='ltr'><strong>Boreae</strong></span> <span class='ocrx_word' id='word_1_298' title='bbox 787 2324 949 2378; x_wconf 64' lang='lat' dir='ltr'><strong>pantes</strong></span> <span class='ocrx_word' id='word_1_299' title='bbox 977 2325 1047 2365; x_wconf 85' lang='lat' dir='ltr'><strong>ter</strong></span> <span class='ocrx_word' id='word_1_300' title='bbox 1075 2326 1243 2379; x_wconf 77' lang='lat' dir='ltr'><strong>septem</strong></span> <span class='ocrx_word' id='word_1_301' title='bbox 1272 2321 1425 2367; x_wconf 85' lang='lat' dir='ltr'><strong>sidera</strong></span> <span class='ocrx_word' id='word_1_302' title='bbox 1455 2334 1629 2366; x_wconf 80' lang='lat' dir='ltr'><strong>cernes.-</strong></span> 
     </span>
    </p>

    <p class='ocr_par' dir='ltr' id='par_1_11' title="bbox 413 2377 1822 2438">
     <span class='ocr_line' id='line_1_31' title="bbox 413 2377 1822 2438; baseline 0.001 -15"><span class='ocrx_word' id='word_1_303' title='bbox 413 2379 534 2424; x_wconf 86' lang='lat' dir='ltr'><strong>Ursa</strong></span> <span class='ocrx_word' id='word_1_304' title='bbox 561 2379 726 2435; x_wconf 76' lang='lat' dir='ltr'><strong>minor,</strong></span> <span class='ocrx_word' id='word_1_305' title='bbox 755 2378 933 2435; x_wconf 78' lang='lat' dir='ltr'><strong>Major,</strong></span> <span class='ocrx_word' id='word_1_306' title='bbox 969 2377 1144 2436; x_wconf 81' lang='lat' dir='ltr'><strong>Custos,</strong></span> <span class='ocrx_word' id='word_1_307' title='bbox 1176 2379 1351 2436; x_wconf 81' lang='lat' dir='ltr'><strong>Draco,</strong></span> <span class='ocrx_word' id='word_1_308' title='bbox 1387 2378 1574 2425; x_wconf 80' lang='lat' dir='ltr'><strong>Gemma</strong></span> <span class='ocrx_word' id='word_1_309' title='bbox 1606 2378 1822 2438; x_wconf 74' lang='lat' dir='ltr'><strong>Genuque</strong></span> 
     </span>
    </p>

    <p class='ocr_par' dir='ltr' id='par_1_12' title="bbox 404 2435 1636 2496">
     <span class='ocr_line' id='line_1_32' title="bbox 404 2435 1636 2496; baseline 0.002 -15"><span class='ocrx_word' id='word_1_310' title='bbox 404 2437 675 2494; x_wconf 82' lang='lat' dir='ltr'><strong>Prolapsus,</strong></span> <span class='ocrx_word' id='word_1_311' title='bbox 707 2436 852 2496; x_wconf 79' lang='lat' dir='ltr'><strong>Lyra,</strong></span> <span class='ocrx_word' id='word_1_312' title='bbox 887 2436 1010 2492; x_wconf 84' lang='lat' dir='ltr'><strong>Olor,</strong></span> <span class='ocrx_word' id='word_1_313' title='bbox 1047 2435 1247 2496; x_wconf 73' lang='lat' dir='ltr'><strong>Cepheus</strong></span> <span class='ocrx_word' id='word_1_314' title='bbox 1277 2444 1320 2484; x_wconf 88' lang='lat' dir='ltr'><strong>et</strong></span> <span class='ocrx_word' id='word_1_315' title='bbox 1354 2437 1510 2484; x_wconf 86' lang='lat' dir='ltr'><strong>Cassio</strong></span> <span class='ocrx_word' id='word_1_316' title='bbox 1545 2438 1636 2495; x_wconf 68' lang='lat' dir='ltr'><strong>eja,</strong></span> 
     </span>
    </p>

    <p class='ocr_par' dir='ltr' id='par_1_13' title="bbox 405 2494 1718 2554">
     <span class='ocr_line' id='line_1_33' title="bbox 405 2494 1718 2554; baseline 0.002 -15"><span class='ocrx_word' id='word_1_317' title='bbox 405 2495 614 2550; x_wconf 80' lang='lat' dir='ltr'><strong>Perseus,</strong></span> <span class='ocrx_word' id='word_1_318' title='bbox 645 2495 948 2551; x_wconf 65' lang='lat' dir='ltr'><strong>Andromede,</strong></span> <span class='ocrx_word' id='word_1_319' title='bbox 979 2494 1228 2552; x_wconf 88' lang='lat' dir='ltr'><strong>Deltotum,</strong></span> <span class='ocrx_word' id='word_1_320' title='bbox 1261 2497 1454 2554; x_wconf 71' lang='lat' dir='ltr'><strong>Auriya,</strong></span> <span class='ocrx_word' id='word_1_321' title='bbox 1524 2497 1718 2553; x_wconf 66' lang='lat' dir='ltr'><strong>abalim,</strong></span> 
     </span>
    </p>

    <p class='ocr_par' dir='ltr' id='par_1_14' title="bbox 405 2553 2045 2671">
     <span class='ocr_line' id='line_1_34' title="bbox 405 2553 2045 2614; baseline 0.001 -16"><span class='ocrx_word' id='word_1_322' title='bbox 405 2553 568 2599; x_wconf 72' lang='lat' dir='ltr'><strong>Rictus</strong></span> <span class='ocrx_word' id='word_1_323' title='bbox 595 2553 737 2611; x_wconf 64' lang='lat' dir='ltr'><strong>Baui,</strong></span> <span class='ocrx_word' id='word_1_324' title='bbox 767 2553 982 2611; x_wconf 74' lang='lat' dir='ltr'><strong>Delphin,</strong></span> <span class='ocrx_word' id='word_1_325' title='bbox 1018 2553 1190 2609; x_wconf 82' lang='lat' dir='ltr'><strong>Telum3</strong></span> <span class='ocrx_word' id='word_1_326' title='bbox 1222 2555 1328 2600; x_wconf 81' lang='lat' dir='ltr'><strong>hine</strong></span> <span class='ocrx_word' id='word_1_327' title='bbox 1358 2556 1545 2612; x_wconf 80' lang='lat' dir='ltr'><strong>Aquila,</strong></span> <span class='ocrx_word' id='word_1_328' title='bbox 1579 2555 1820 2614; x_wconf 73' lang='lat' dir='ltr'><strong>Anquifer,</strong></span> <span class='ocrx_word' id='word_1_329' title='bbox 1853 2555 2045 2612; x_wconf 65' lang='lat' dir='ltr'><strong>Anguis.</strong></span> 
     </span>
     <span class='ocr_line' id='line_1_35' title="bbox 495 2611 1752 2671; baseline 0.002 -16"><span class='ocrx_word' id='word_1_330' title='bbox 495 2611 699 2670; x_wconf 70' lang='lat' dir='ltr'><strong>Siqnifer</strong></span> <span class='ocrx_word' id='word_1_331' title='bbox 728 2613 835 2658; x_wconf 84' lang='lat' dir='ltr'><strong>inde</strong></span> <span class='ocrx_word' id='word_1_332' title='bbox 863 2613 1040 2668; x_wconf 84' lang='lat' dir='ltr'><strong>subest,</strong></span> <span class='ocrx_word' id='word_1_333' title='bbox 1062 2613 1131 2659; x_wconf 83' lang='lat' dir='ltr'><strong>bis</strong></span> <span class='ocrx_word' id='word_1_334' title='bbox 1159 2627 1239 2659; x_wconf 74' lang='lat' dir='ltr'><strong>sea:</strong></span> <span class='ocrx_word' id='word_1_335' title='bbox 1269 2614 1348 2671; x_wconf 78' lang='lat' dir='ltr'><strong>qui</strong></span> <span class='ocrx_word' id='word_1_336' title='bbox 1375 2614 1532 2659; x_wconf 88' lang='lat' dir='ltr'><strong>sidera</strong></span> <span class='ocrx_word' id='word_1_337' title='bbox 1559 2620 1752 2671; x_wconf 75' lang='lat' dir='ltr'><strong>torquet.</strong></span> 
     </span>
    </p>

    <p class='ocr_par' dir='ltr' id='par_1_15' title="bbox 406 2668 1802 2731">
     <span class='ocr_line' id='line_1_36' title="bbox 406 2668 1802 2731; baseline 0.002 -16"><span class='ocrx_word' id='word_1_338' title='bbox 406 2668 611 2728; x_wconf 75' lang='lat' dir='ltr'><strong>Suntque</strong></span> <span class='ocrx_word' id='word_1_339' title='bbox 639 2670 787 2726; x_wconf 81' lang='lat' dir='ltr'><strong>Aries,</strong></span> <span class='ocrx_word' id='word_1_340' title='bbox 824 2671 1017 2726; x_wconf 83' lang='lat' dir='ltr'><strong>Taurus,</strong></span> <span class='ocrx_word' id='word_1_341' title='bbox 1053 2670 1244 2728; x_wconf 79' lang='lat' dir='ltr'><strong>Gemini,</strong></span> <span class='ocrx_word' id='word_1_342' title='bbox 1281 2671 1464 2729; x_wconf 79' lang='lat' dir='ltr'><strong>Cancer,</strong></span> <span class='ocrx_word' id='word_1_343' title='bbox 1494 2673 1606 2729; x_wconf 89' lang='lat' dir='ltr'><strong>Leo,</strong></span> <span class='ocrx_word' id='word_1_344' title='bbox 1649 2673 1802 2731; x_wconf 69' lang='lat' dir='ltr'><strong>Virqo,</strong></span> 
     </span>
    </p>

    <p class='ocr_par' dir='ltr' id='par_1_16' title="bbox 405 2727 1921 2790">
     <span class='ocr_line' id='line_1_37' title="bbox 405 2727 1921 2790; baseline 0.001 -18"><span class='ocrx_word' id='word_1_345' title='bbox 405 2728 655 2785; x_wconf 78' lang='lat' dir='ltr'><strong>Libraque,</strong></span> <span class='ocrx_word' id='word_1_346' title='bbox 687 2727 919 2787; x_wconf 77' lang='lat' dir='ltr'><strong>Scorpius,</strong></span> <span class='ocrx_word' id='word_1_347' title='bbox 953 2728 1235 2787; x_wconf 81' lang='lat' dir='ltr'><strong>Arcitenens,</strong></span> <span class='ocrx_word' id='word_1_348' title='bbox 1272 2730 1432 2788; x_wconf 78' lang='lat' dir='ltr'><strong>Caper,</strong></span> <span class='ocrx_word' id='word_1_349' title='bbox 1464 2731 1719 2790; x_wconf 74' lang='lat' dir='ltr'><strong>Amphora,</strong></span> <span class='ocrx_word' id='word_1_350' title='bbox 1750 2732 1921 2777; x_wconf 85' lang='lat' dir='ltr'><strong>Pisces.</strong></span> 
     </span>
    </p>

    <p class='ocr_par' dir='ltr' id='par_1_17' title="bbox 0 2787 1969 2903">
     <span class='ocr_line' id='line_1_38' title="bbox 0 2787 1969 2847; baseline 0.002 -18"><span class='ocrx_word' id='word_1_351' title='bbox 0 2835 3 2844; x_wconf 34' lang='lat'><strong>,</strong></span> <span class='ocrx_word' id='word_1_352' title='bbox 55 2792 89 2824; x_wconf 59' lang='lat' dir='ltr'><strong>‚r</strong></span> <span class='ocrx_word' id='word_1_353' title='bbox 491 2787 609 2831; x_wconf 80' lang='lat' dir='ltr'><strong>Post</strong></span> <span class='ocrx_word' id='word_1_354' title='bbox 637 2792 708 2831; x_wconf 83' lang='lat' dir='ltr'><strong>ter</strong></span> <span class='ocrx_word' id='word_1_355' title='bbox 737 2788 932 2844; x_wconf 78' lang='lat' dir='ltr'><strong>quinque</strong></span> <span class='ocrx_word' id='word_1_356' title='bbox 963 2788 1049 2832; x_wconf 87' lang='lat' dir='ltr'><strong>tibi</strong></span> <span class='ocrx_word' id='word_1_357' title='bbox 1077 2788 1213 2847; x_wconf 75' lang='lat' dir='ltr'><strong>siyna</strong></span> <span class='ocrx_word' id='word_1_358' title='bbox 1243 2789 1355 2833; x_wconf 82' lang='lat' dir='ltr'><strong>haec</strong></span> <span class='ocrx_word' id='word_1_359' title='bbox 1384 2795 1625 2835; x_wconf 81' lang='lat' dir='ltr'><strong>vertuntur</strong></span> <span class='ocrx_word' id='word_1_360' title='bbox 1653 2791 1704 2835; x_wconf 85' lang='lat' dir='ltr'><strong>in</strong></span> <span class='ocrx_word' id='word_1_361' title='bbox 1736 2795 1969 2835; x_wconf 79' lang='lat' dir='ltr'><strong>austrum:</strong></span> 
     </span>
     <span class='ocr_line' id='line_1_39' title="bbox 414 2844 1617 2903; baseline 0.003 -13.896"><span class='ocrx_word' id='word_1_362' title='bbox 414 2845 547 2890; x_wconf 78' lang='lat' dir='ltr'><strong>Cetus</strong></span> <span class='ocrx_word' id='word_1_363' title='bbox 578 2850 621 2889; x_wconf 87' lang='lat' dir='ltr'><strong>et</strong></span> <span class='ocrx_word' id='word_1_364' title='bbox 649 2844 905 2900; x_wconf 78' lang='lat' dir='ltr'><strong>Eridanus,</strong></span> <span class='ocrx_word' id='word_1_365' title='bbox 937 2846 1092 2903; x_wconf 75' lang='lat' dir='ltr'><strong>Lepus</strong></span> <span class='ocrx_word' id='word_1_366' title='bbox 1122 2852 1164 2891; x_wconf 89' lang='lat' dir='ltr'><strong>et</strong></span> <span class='ocrx_word' id='word_1_367' title='bbox 1193 2848 1428 2892; x_wconf 83' lang='lat' dir='ltr'><strong>nimbosus</strong></span> <span class='ocrx_word' id='word_1_368' title='bbox 1460 2847 1617 2903; x_wconf 86' lang='lat' dir='ltr'><strong>Orion,</strong></span> 
     </span>
    </p>
   </div>
   <div class='ocr_carea' id='block_1_4' title="bbox 0 2476 22 2982">
    <p class='ocr_par' dir='ltr' id='par_1_18' title="bbox 0 2476 22 2982">
     <span class='ocr_line' id='line_1_40' title="bbox 0 2476 22 2982; baseline 0 1158"><span class='ocrx_word' id='word_1_369' title='bbox 0 2476 22 2982; x_wconf 95' lang='lat' dir='ltr'><strong> </strong></span> 
     </span>
    </p>
   </div>
   <div class='ocr_carea' id='block_1_5' title="bbox 0 2903 1758 3038">
    <p class='ocr_par' dir='ltr' id='par_1_19' title="bbox 0 2903 1758 3038">
     <span class='ocr_line' id='line_1_41' title="bbox 0 2903 1718 2963; baseline -0.001 -12"><span class='ocrx_word' id='word_1_370' title='bbox 0 2943 2 2951; x_wconf 79' lang='grc'>,</span> <span class='ocrx_word' id='word_1_371' title='bbox 58 2931 93 2963; x_wconf 59' lang='lat'><strong>„9</strong></span> <span class='ocrx_word' id='word_1_372' title='bbox 408 2903 565 2949; x_wconf 75' lang='lat' dir='ltr'><strong>Sia-ius</strong></span> <span class='ocrx_word' id='word_1_373' title='bbox 596 2908 638 2948; x_wconf 81' lang='lat' dir='ltr'><strong>et</strong></span> <span class='ocrx_word' id='word_1_374' title='bbox 666 2904 899 2960; x_wconf 72' lang='lat' dir='ltr'><strong>Procyon,</strong></span> <span class='ocrx_word' id='word_1_375' title='bbox 931 2904 1059 2963; x_wconf 74' lang='lat' dir='ltr'><strong>Aryo</strong></span> <span class='ocrx_word' id='word_1_376' title='bbox 1090 2906 1210 2950; x_wconf 86' lang='lat' dir='ltr'><strong>ratis</strong></span> <span class='ocrx_word' id='word_1_377' title='bbox 1238 2905 1509 2963; x_wconf 77' lang='lat' dir='ltr'><strong>Hydraque,</strong></span> <span class='ocrx_word' id='word_1_378' title='bbox 1546 2905 1718 2960; x_wconf 80' lang='lat' dir='ltr'><strong>Crater,</strong></span> 
     </span>
     <span class='ocr_line' id='line_1_42' title="bbox 12 2960 1758 3038; baseline 0.001 -32"><span class='ocrx_word' id='word_1_379' title='bbox 12 2983 17 3038; x_wconf 42' lang='lat' dir='ltr'>k</span> <span class='ocrx_word' id='word_1_380' title='bbox 66 3006 113 3038; x_wconf 14' lang='lat'><strong>,7¹</strong></span> <span class='ocrx_word' id='word_1_381' title='bbox 413 2961 596 3017; x_wconf 79' lang='lat' dir='ltr'><strong>Corvus,</strong></span> <span class='ocrx_word' id='word_1_382' title='bbox 634 2960 900 3019; x_wconf 76' lang='lat' dir='ltr'><strong>Centaurus,</strong></span> <span class='ocrx_word' id='word_1_383' title='bbox 934 2962 1112 3021; x_wconf 67' lang='lat' dir='ltr'><strong>Lupus,</strong></span> <span class='ocrx_word' id='word_1_384' title='bbox 1143 2963 1261 3019; x_wconf 87' lang='lat' dir='ltr'><strong>Ara,</strong></span> <span class='ocrx_word' id='word_1_385' title='bbox 1298 2963 1565 3021; x_wconf 75' lang='lat' dir='ltr'><strong>Coronaque</strong></span> <span class='ocrx_word' id='word_1_386' title='bbox 1595 2965 1758 3009; x_wconf 75' lang='lat' dir='ltr'><strong>Piscis,</strong></span> 
     </span>
    </p>
   </div>
   <div class='ocr_carea' id='block_1_6' title="bbox 14 3028 2326 3247">
    <p class='ocr_par' dir='ltr' id='par_1_20' title="bbox 14 3028 2326 3247">
     <span class='ocr_line' id='line_1_43' title="bbox 14 3028 2326 3104; baseline 0.002 -18"><span class='ocrx_word' id='word_1_387' title='bbox 14 3070 16 3075; x_wconf 22' lang='grc' dir='ltr'>η</span> <span class='ocrx_word' id='word_1_388' title='bbox 204 3037 298 3087; x_wconf 86' lang='lat' dir='ltr'><strong>His</strong></span> <span class='ocrx_word' id='word_1_389' title='bbox 337 3035 524 3087; x_wconf 85' lang='lat' dir='ltr'><strong>addunt</strong></span> <span class='ocrx_word' id='word_1_390' title='bbox 553 3036 778 3087; x_wconf 88' lang='lat' dir='ltr'><strong>Lusitani</strong></span> <span class='ocrx_word' id='word_1_391' title='bbox 818 3039 1056 3103; x_wconf 82' lang='lat' dir='ltr'><strong>imagines</strong></span> <span class='ocrx_word' id='word_1_392' title='bbox 1103 3042 1165 3088; x_wconf 84' lang='lat'><strong>12</strong></span> <span class='ocrx_word' id='word_1_393' title='bbox 1206 3042 1334 3091; x_wconf 86' lang='lat' dir='ltr'><strong>cirea</strong></span> <span class='ocrx_word' id='word_1_394' title='bbox 1370 3041 1538 3104; x_wconf 90' lang='lat' dir='ltr'><strong>polum</strong></span> <span class='ocrx_word' id='word_1_395' title='bbox 1577 3039 1855 3102; x_wconf 83' lang='lat' dir='ltr'><strong>australem,</strong></span> <span class='ocrx_word' id='word_1_396' title='bbox 1897 3053 2023 3103; x_wconf 88' lang='lat' dir='ltr'><strong>quae</strong></span> <span class='ocrx_word' id='word_1_397' title='bbox 2060 3054 2211 3103; x_wconf 86' lang='lat' dir='ltr'><strong>penes</strong></span> <span class='ocrx_word' id='word_1_398' title='bbox 2235 3028 2326 3090; x_wconf 86' lang='lat' dir='ltr'><strong>nos</strong></span> 
     </span>
     <span class='ocr_line' id='line_1_44' title="bbox 15 3084 576 3181; baseline -0.004 -20"><span class='ocrx_word' id='word_1_399' title='bbox 15 3084 20 3171; x_wconf 52' lang='lat' dir='ltr'><strong>i</strong></span> <span class='ocrx_word' id='word_1_400' title='bbox 66 3110 409 3181; x_wconf 66' lang='lat' dir='ltr'><strong>inconspicuas</strong></span> <span class='ocrx_word' id='word_1_401' title='bbox 447 3117 576 3160; x_wconf 86' lang='lat' dir='ltr'><strong>sunt.</strong></span> 
     </span>
     <span class='ocr_line' id='line_1_45' title="bbox 234 3181 1060 3247; baseline -0.004 -12"><span class='ocrx_word' id='word_1_402' title='bbox 234 3181 399 3247; x_wconf 86' lang='lat' dir='ltr'><strong>Utere,</strong></span> <span class='ocrx_word' id='word_1_403' title='bbox 440 3185 479 3233; x_wconf 89' lang='lat' dir='ltr'><strong>si</strong></span> <span class='ocrx_word' id='word_1_404' title='bbox 517 3184 652 3245; x_wconf 87' lang='lat' dir='ltr'><strong>libet,</strong></span> <span class='ocrx_word' id='word_1_405' title='bbox 692 3183 787 3233; x_wconf 92' lang='lat' dir='ltr'><strong>hoc</strong></span> <span class='ocrx_word' id='word_1_406' title='bbox 826 3182 1060 3235; x_wconf 86' lang='lat' dir='ltr'><strong>disticho:</strong></span> 
     </span>
    </p>
   </div>
   <div class='ocr_carea' id='block_1_7' title="bbox 18 3231 1927 3384">
    <p class='ocr_par' dir='ltr' id='par_1_21' title="bbox 18 3231 1927 3384">
     <span class='ocr_line' id='line_1_46' title="bbox 18 3231 1927 3332; baseline 0.003 -23"><span class='ocrx_word' id='word_1_407' title='bbox 18 3231 22 3332; x_wconf 49' lang='grc' dir='ltr'>ἶ</span> <span class='ocrx_word' id='word_1_408' title='bbox 75 3234 125 3329; x_wconf 27' lang='lat' dir='ltr'><strong>¹3¹..ae</strong></span> <span class='ocrx_word' id='word_1_409' title='bbox 407 3268 634 3322; x_wconf 75' lang='lat' dir='ltr'><strong>Phoenix,</strong></span> <span class='ocrx_word' id='word_1_410' title='bbox 668 3267 803 3323; x_wconf 80' lang='lat' dir='ltr'><strong>Grus,</strong></span> <span class='ocrx_word' id='word_1_411' title='bbox 833 3264 998 3323; x_wconf 75' lang='lat' dir='ltr'><strong>Indus,</strong></span> <span class='ocrx_word' id='word_1_412' title='bbox 1033 3267 1250 3325; x_wconf 76' lang='lat' dir='ltr'><strong>xiphias,</strong></span> <span class='ocrx_word' id='word_1_413' title='bbox 1278 3269 1426 3325; x_wconf 87' lang='lat' dir='ltr'><strong>Pavo,</strong></span> <span class='ocrx_word' id='word_1_414' title='bbox 1456 3269 1608 3314; x_wconf 81' lang='lat' dir='ltr'><strong>Anser</strong></span> <span class='ocrx_word' id='word_1_415' title='bbox 1638 3275 1680 3315; x_wconf 88' lang='lat' dir='ltr'><strong>et</strong></span> <span class='ocrx_word' id='word_1_416' title='bbox 1709 3268 1766 3314; x_wconf 90' lang='lat' dir='ltr'><em>H</em></span> <span class='ocrx_word' id='word_1_417' title='bbox 1793 3269 1927 3327; x_wconf 83' lang='lat' dir='ltr'><strong>drus3</strong></span> 
     </span>
     <span class='ocr_line' id='line_1_47' title="bbox 20 3325 1876 3384; baseline 0.002 -14"><span class='ocrx_word' id='word_1_418' title='bbox 20 3333 22 3337; x_wconf 82' lang='grc'><strong><em>·</em></strong></span> <span class='ocrx_word' id='word_1_419' title='bbox 495 3326 679 3383; x_wconf 81' lang='lat' dir='ltr'><strong>Passer,</strong></span> <span class='ocrx_word' id='word_1_420' title='bbox 711 3326 858 3383; x_wconf 78' lang='lat' dir='ltr'><strong>Apus,</strong></span> <span class='ocrx_word' id='word_1_421' title='bbox 895 3325 1192 3383; x_wconf 77' lang='lat' dir='ltr'><strong>Triquetrum‚</strong></span> <span class='ocrx_word' id='word_1_422' title='bbox 1224 3326 1390 3372; x_wconf 85' lang='lat' dir='ltr'><strong>Musca</strong></span> <span class='ocrx_word' id='word_1_423' title='bbox 1422 3327 1704 3384; x_wconf 78' lang='lat' dir='ltr'><strong>Chamaeque</strong></span> <span class='ocrx_word' id='word_1_424' title='bbox 1780 3342 1876 3375; x_wconf 87' lang='lat' dir='ltr'><strong>eon.</strong></span> 
     </span>
    </p>
   </div>
   <div class='ocr_carea' id='block_1_8' title="bbox 484 3443 1884 3510">
    <p class='ocr_par' dir='ltr' id='par_1_22' title="bbox 484 3443 1884 3510">
     <span class='ocr_line' id='line_1_48' title="bbox 484 3443 1884 3510; baseline 0.002 -15"><span class='ocrx_word' id='word_1_425' title='bbox 484 3446 570 3496; x_wconf 90' lang='lat' dir='ltr'><strong>De</strong></span> <span class='ocrx_word' id='word_1_426' title='bbox 607 3444 1012 3510; x_wconf 88' lang='lat' dir='ltr'><strong>longitudine</strong></span> <span class='ocrx_word' id='word_1_427' title='bbox 1051 3451 1107 3495; x_wconf 91' lang='lat' dir='ltr'><strong>ct</strong></span> <span class='ocrx_word' id='word_1_428' title='bbox 1142 3443 1498 3496; x_wconf 85' lang='lat' dir='ltr'><strong>latitudine</strong></span> <span class='ocrx_word' id='word_1_429' title='bbox 1537 3448 1884 3499; x_wconf 82' lang='lat' dir='ltr'><strong>stellarum.</strong></span> 
     </span>
    </p>
   </div>
   <div class='ocr_carea' id='block_1_9' title="bbox 8 3545 2327 3767">
    <p class='ocr_par' dir='ltr' id='par_1_23' title="bbox 8 3545 2327 3767">
     <span class='ocr_line' id='line_1_49' title="bbox 219 3545 2325 3613; baseline 0.001 -17"><span class='ocrx_word' id='word_1_430' title='bbox 219 3545 356 3611; x_wconf 83' lang='lat' dir='ltr'><strong>Quid</strong></span> <span class='ocrx_word' id='word_1_431' title='bbox 390 3549 625 3612; x_wconf 74' lang='lat' dir='ltr'><strong>intelliyis</strong></span> <span class='ocrx_word' id='word_1_432' title='bbox 660 3565 751 3612; x_wconf 86' lang='lat' dir='ltr'><strong>per</strong></span> <span class='ocrx_word' id='word_1_433' title='bbox 789 3549 1010 3598; x_wconf 83' lang='lat' dir='ltr'><strong>duorum</strong></span> <span class='ocrx_word' id='word_1_434' title='bbox 1048 3547 1273 3597; x_wconf 81' lang='lat' dir='ltr'><strong>siderum</strong></span> <span class='ocrx_word' id='word_1_435' title='bbox 1297 3547 1633 3598; x_wconf 79' lang='lat' dir='ltr'><strong>distantiam?</strong></span> <span class='ocrx_word' id='word_1_436' title='bbox 1683 3548 2037 3613; x_wconf 85' lang='lat' dir='ltr'><strong>Intelligendus</strong></span> <span class='ocrx_word' id='word_1_437' title='bbox 2075 3556 2148 3600; x_wconf 90' lang='lat' dir='ltr'><strong>est</strong></span> <span class='ocrx_word' id='word_1_438' title='bbox 2185 3563 2325 3600; x_wconf 88' lang='lat' dir='ltr'><strong>arcus</strong></span> 
     </span>
     <span class='ocr_line' id='line_1_50' title="bbox 8 3608 1935 3687; baseline 0 -17"><span class='ocrx_word' id='word_1_439' title='bbox 8 3608 30 3665; x_wconf 66' lang='lat'><strong>.¹</strong></span> <span class='ocrx_word' id='word_1_440' title='bbox 73 3614 232 3670; x_wconf 73' lang='lat' dir='ltr'><strong>circuli</strong></span> <span class='ocrx_word' id='word_1_441' title='bbox 269 3619 503 3684; x_wconf 80' lang='lat' dir='ltr'><strong>sphaerae</strong></span> <span class='ocrx_word' id='word_1_442' title='bbox 542 3623 755 3683; x_wconf 86' lang='lat' dir='ltr'><strong>maximi,</strong></span> <span class='ocrx_word' id='word_1_443' title='bbox 796 3623 918 3671; x_wconf 86' lang='lat' dir='ltr'><strong>inter</strong></span> <span class='ocrx_word' id='word_1_444' title='bbox 958 3622 1182 3670; x_wconf 88' lang='lat' dir='ltr'><strong>binorum</strong></span> <span class='ocrx_word' id='word_1_445' title='bbox 1220 3620 1430 3671; x_wconf 83' lang='lat' dir='ltr'><strong>siderum</strong></span> <span class='ocrx_word' id='word_1_446' title='bbox 1469 3628 1633 3672; x_wconf 87' lang='lat' dir='ltr'><strong>centra</strong></span> <span class='ocrx_word' id='word_1_447' title='bbox 1669 3623 1935 3687; x_wconf 88' lang='lat' dir='ltr'><strong>intercepti.</strong></span> 
     </span>
     <span class='ocr_line' id='line_1_51' title="bbox 30 3690 2327 3767; baseline -0 -24"><span class='ocrx_word' id='word_1_448' title='bbox 30 3726 33 3767; x_wconf 60' lang='lat'><em>3</em></span> <span class='ocrx_word' id='word_1_449' title='bbox 224 3690 483 3755; x_wconf 80' lang='lat' dir='ltr'><strong>Quomodo</strong></span> <span class='ocrx_word' id='word_1_450' title='bbox 520 3697 783 3746; x_wconf 81' lang='lat' dir='ltr'><strong>innotescit</strong></span> <span class='ocrx_word' id='word_1_451' title='bbox 813 3694 1056 3743; x_wconf 82' lang='lat' dir='ltr'><strong>distantia</strong></span> <span class='ocrx_word' id='word_1_452' title='bbox 1095 3692 1319 3743; x_wconf 85' lang='lat' dir='ltr'><strong>duorum</strong></span> <span class='ocrx_word' id='word_1_453' title='bbox 1340 3695 1599 3744; x_wconf 81' lang='lat' dir='ltr'><strong>siderum?</strong></span> <span class='ocrx_word' id='word_1_454' title='bbox 1642 3695 2010 3759; x_wconf 87' lang='lat' dir='ltr'><strong>Simplicissima</strong></span> <span class='ocrx_word' id='word_1_455' title='bbox 2037 3702 2111 3746; x_wconf 88' lang='lat' dir='ltr'><strong>est</strong></span> <span class='ocrx_word' id='word_1_456' title='bbox 2137 3697 2217 3744; x_wconf 89' lang='lat' dir='ltr'><strong>via</strong></span> <span class='ocrx_word' id='word_1_457' title='bbox 2241 3709 2327 3758; x_wconf 88' lang='lat' dir='ltr'><strong>per</strong></span> 
     </span>
    </p>
   </div>
   <div class='ocr_carea' id='block_1_10' title="bbox 14 3757 2324 3907">
    <p class='ocr_par' dir='ltr' id='par_1_24' title="bbox 14 3757 2324 3907">
     <span class='ocr_line' id='line_1_52' title="bbox 14 3757 2324 3855; baseline 0.003 -45"><span class='ocrx_word' id='word_1_458' title='bbox 14 3789 38 3855; x_wconf 25' lang='lat' dir='ltr'><strong>,f</strong></span> <span class='ocrx_word' id='word_1_459' title='bbox 75 3757 475 3829; x_wconf 77' lang='lat' dir='ltr'><strong>observationem,</strong></span> <span class='ocrx_word' id='word_1_460' title='bbox 515 3781 641 3832; x_wconf 86' lang='lat' dir='ltr'><strong>quae</strong></span> <span class='ocrx_word' id='word_1_461' title='bbox 679 3768 733 3816; x_wconf 89' lang='lat' dir='ltr'><strong>fit</strong></span> <span class='ocrx_word' id='word_1_462' title='bbox 771 3770 1105 3827; x_wconf 82' lang='lat' dir='ltr'><strong>instrumento,</strong></span> <span class='ocrx_word' id='word_1_463' title='bbox 1145 3766 1353 3816; x_wconf 85' lang='lat' dir='ltr'><strong>habente</strong></span> <span class='ocrx_word' id='word_1_464' title='bbox 1393 3783 1556 3817; x_wconf 86' lang='lat' dir='ltr'><strong>arcum</strong></span> <span class='ocrx_word' id='word_1_465' title='bbox 1595 3769 1762 3818; x_wconf 86' lang='lat' dir='ltr'><strong>circuli</strong></span> <span class='ocrx_word' id='word_1_466' title='bbox 1801 3776 1849 3819; x_wconf 90' lang='lat' dir='ltr'><strong>et</strong></span> <span class='ocrx_word' id='word_1_467' title='bbox 1889 3769 2010 3818; x_wconf 87' lang='lat' dir='ltr'><strong>duas</strong></span> <span class='ocrx_word' id='word_1_468' title='bbox 2047 3769 2238 3832; x_wconf 86' lang='lat' dir='ltr'><strong>regulas</strong></span> <span class='ocrx_word' id='word_1_469' title='bbox 2265 3782 2324 3817; x_wconf 89' lang='lat' dir='ltr'><strong>ex</strong></span> 
     </span>
     <span class='ocr_line' id='line_1_53' title="bbox 32 3834 2324 3907; baseline 0 -19"><span class='ocrx_word' id='word_1_470' title='bbox 32 3863 38 3888; x_wconf 66' lang='grc' dir='ltr'>ι</span> <span class='ocrx_word' id='word_1_471' title='bbox 76 3838 256 3898; x_wconf 83' lang='lat' dir='ltr'><strong>centro,</strong></span> <span class='ocrx_word' id='word_1_472' title='bbox 295 3834 496 3904; x_wconf 77' lang='lat' dir='ltr'><strong>dioptris</strong></span> <span class='ocrx_word' id='word_1_473' title='bbox 533 3842 810 3892; x_wconf 79' lang='lat' dir='ltr'><strong>instructas.</strong></span> <span class='ocrx_word' id='word_1_474' title='bbox 887 3839 998 3891; x_wconf 87' lang='lat' dir='ltr'><strong>Una</strong></span> <span class='ocrx_word' id='word_1_475' title='bbox 1036 3841 1163 3890; x_wconf 88' lang='lat' dir='ltr'><strong>enim</strong></span> <span class='ocrx_word' id='word_1_476' title='bbox 1200 3839 1383 3904; x_wconf 82' lang='lat' dir='ltr'><strong>regula,</strong></span> <span class='ocrx_word' id='word_1_477' title='bbox 1424 3856 1550 3907; x_wconf 81' lang='lat' dir='ltr'><strong>quae</strong></span> <span class='ocrx_word' id='word_1_478' title='bbox 1588 3842 1686 3891; x_wconf 87' lang='lat' dir='ltr'><strong>fixa</strong></span> <span class='ocrx_word' id='word_1_479' title='bbox 1724 3848 1797 3892; x_wconf 91' lang='lat' dir='ltr'><strong>est</strong></span> <span class='ocrx_word' id='word_1_480' title='bbox 1822 3843 1869 3890; x_wconf 91' lang='lat' dir='ltr'><strong>in</strong></span> <span class='ocrx_word' id='word_1_481' title='bbox 1908 3844 2142 3907; x_wconf 88' lang='lat' dir='ltr'><strong>principio</strong></span> <span class='ocrx_word' id='word_1_482' title='bbox 2168 3855 2324 3902; x_wconf 85' lang='lat' dir='ltr'><strong>arcus,</strong></span> 
     </span>
    </p>
   </div>
   <div class='ocr_carea' id='block_1_11' title="bbox 1857 3929 1977 3976">
    <p class='ocr_par' dir='ltr' id='par_1_25' title="bbox 1857 3929 1977 3976">
     <span class='ocr_line' id='line_1_54' title="bbox 1857 3929 1977 3976; baseline 0.008 -1"><span class='ocrx_word' id='word_1_483' title='bbox 1857 3929 1977 3976; x_wconf 67' lang='lat'>18⁴⁸·</span> 
     </span>
    </p>
   </div>
  </div>
 </body>
</html>
