2554 4140
183 113 285 165 556
551 118 557 121 s
909 111 978 158 'In
1007 112 1260 169 Epitomen,
1278 111 1427 159 Notae
1455 112 1672 159 Editoris.¹

184 256 527 313 observationis,
575 255 649 301 cui
692 255 1015 312 unaquaelibet
1043 261 1115 301 est
1142 256 1313 301 innixa.
1373 246 1461 302 Es't
1489 256 1659 313 aliquid
1688 270 1799 304 sane
1827 258 2115 304 tribuendum
2147 257 2316 302 chartis
2345 257 2436 303 sin·

177 322 384 381 gularum
413 320 745 377 provinciarum
777 321 980 377 singulis,
1013 322 1051 366 si
1081 321 1138 365 ab
1168 320 1330 365 incolis
1360 319 1651 375 diligentibus
1688 331 1794 368 sunt
1824 324 2080 370 confectae:
2125 330 2172 368 at
2201 323 2251 369 id
2277 323 2335 368 ad
2362 336 2433 368 so·

177 388 266 432 lam
297 387 496 444 ejusdem
527 387 786 443 provinciae
816 386 1020 430 locorum
1050 386 1390 442 dispositionem
1421 386 1619 440 pertinet
1648 386 1796 444 adque
1837 389 2085 439 vicinarum
2114 389 2280 434 limites
2316 402 2435 433 com·

175 465 347 508 munes,
380 451 438 496 ad
467 449 737 509 provincias,
763 450 898 508 longe
930 451 1114 496 dissitas
1154 451 1272 494 inter
1301 463 1350 493 se
1383 449 1662 506 coaptandas
1693 453 1878 498 extendi
1905 467 1997 498 non
2025 460 2190 511 potest.
2253 454 2302 499 Si
2331 466 2434 509 geo·
2547 505 2552 514 ,

178 518 390 575 graphus-
407 518 524 563 bene
553 517 721 561 locavit
750 507 1002 567 Lutetiam,'
1021 530 1113 560 non
1143 514 1259 558 male
1290 514 1459 559 locabit
1487 513 1623 559 urbes
1652 515 1852 574 reliquas
1873 519 2069 576 Galliae,
2100 519 2169 563 sin
2199 532 2225 562 a
2255 519 2438 564 Lutetia

176 584 325 640 coepit
356 583 610 640 erravitque
641 581 825 627 dimidio
857 581 1014 638 gradu,
1046 585 1177 625 error*
1202 578 1322 623 idem
1350 579 1399 624 in
1428 585 1572 624 totam
1602 579 1874 648 redundabit
1894 584 2100 642 Galliam,
2136 583 2271 629 salvis
2300 584 2439 628 inter·
2513 584 2515 586 ’
2539 580 2550 636 ζ

179 650 310 696 vallis
327 650 708 709 particularibus.
1947 685 1951 687 »
2548 651 2554 665 “

354 716 457 760 Jam
486 715 626 772 igitur
653 719 705 760 ut
734 713 791 758 ad
823 713 975 770 capita
1005 711 1299 757 novationum
1329 725 1531 756 mearum
1573 713 1804 771 accedam,
1843 712 2036 769 primum
2066 726 2205 769 supra
2235 712 2440 771 proposi·

180 786 278 826 tum
309 786 393 838 est,
425 781 583 827 Roma.
601 779 685 824 sub
715 779 937 824 Huennae
965 777 1263 822 meridianum
1294 777 1462 833 relata,
1512 792 1647 834 quam
1690 785 1787 824 tota
1817 779 2023 834 sequitur
2051 780 2196 824 Italia.
2258 778 2441 824 Funda-
2520 785 2551 831 ’,Τ

182 851 382 891 mentum
412 846 541 901 tetigi
578 845 624 889 in
668 842 792 889 calce
823 843 1039 900 catalogi,
1082 842 1196 887 duas
1228 841 1420 899 eclipses
1450 843 1631 898 Lunae,
1672 843 1935 889 observatas
1966 845 2161 901 Romae,
2191 845 2439 901 Tubingae,
2511 841 2513 843 ’

180 904 365 955 Ιιὶῐιοίἰμ
403 909 450 956 Si
481 923 686 967 quaeras,
719 907 828 965 quid
856 906 936 951 fiat
967 906 1184 951 limitibus
1218 906 1484 950 Germaniae
1514 911 1559 951 et
1589 906 1786 951 Italiae?
1845 909 1967 965 Illos,
1999 910 2183 966 inquam
2224 924 2330 967 ego,
2375 909 2441 954 in·
2529 891 2554 970 ξ

102 1000 112 1003 s
181 975 330 1020 sident
358 972 499 1032 Alpes
531 981 577 1019 et
607 973 898 1031 Apenninus,
941 978 1117 1029 partem
1146 971 1286 1026 igitur
1323 969 1603 1015 differentiae
1644 971 1892 1018 demendae
1935 988 1991 1019 ex
2030 974 2140 1027 hoc,
2179 982 2355 1032 partem
2386 987 2442 1019 ex
2517 974 2550 1028 ,ἐξ

100 1090 102 1093 ,
176 1041 265 1086 illis
299 1041 457 1098 exemi.
518 1028 713 1085 Snellius
743 1039 790 1082 in
819 1037 1127 1082 Eratosthene
1157 1037 1343 1092 Belgico
1374 1040 1504 1080 notat
1535 1036 1766 1082 abundare
1796 1039 1983 1094 gradum
2015 1039 2134 1089 inter
2161 1041 2369 1099 Belgium
2399 1046 2446 1085 et
2495 990 2549 1094 <g

174 1107 505 1163 Hamburgum,
553 1105 714 1151 similia
744 1102 904 1148 statuit
932 1101 1052 1146 inter
1083 1102 1308 1147 Cassellas
1340 1108 1386 1146 et
1417 1101 1622 1154 Goesam‚
1654 1108 1700 1148 et
1731 1105 1958 1149 consentit
1997 1105 2154 1150 tabula
2193 1106 2444 1162 piscatorii,
2511 1098 2547 1158 ἕξ·

176 1172 324 1218 exemi
351 1173 493 1228 igitur·
522 1173 579 1216 4‘.
638 1171 755 1216 Nam
788 1176 833 1214 et
861 1169 1027 1214 itinera
1055 1169 1367 1224 consentiunt,
1413 1166 1757 1224 Osnabruggain
1787 1169 1906 1214 inter
1937 1176 1982 1214 et
2011 1170 2323 1227 Hamburgum
2352 1170 2444 1215 mil.
2505 1167 2541 1202 --·1³‘

177 1239 250 1295 27,
284 1231 636 1288 eandemjnter
672 1241 718 1280 et
755 1235 1063 1290 Antwerpiam
1094 1236 1174 1289 40,
1220 1233 1300 1278 illa
1330 1232 1575 1279 conficiunt
1604 1235 1672 1291 9‘,
1713 1233 1802 1279 ista
1835 1237 1927 1291 15¹,
1970 1249 2145 1280 summa
2184 1236 2447 1294 Hamburga

179 1304 484 1361 Antwerpiam
529 1311 599 1351 est
636 1304 694 1349 24
733 1307 812 1347 aut
852 1301 989 1359 paulo
1027 1301 1201 1356 minuS,
1247 1299 1286 1344 si
1329 1312 1470 1356 parva
1509 1299 1732 1345 milliaria.
1792 1301 1867 1345 Ex
1907 1301 2064 1358 eclipsi
2093 1295 2163 1365 Q
2195 1302 2299 1347 anni
2335 1302 2444 1348 1598

177 1370 281 1426 plus
313 1369 467 1415 adhuc
495 1368 782 1419 eximendum
815 1373 932 1411 erat:
978 1372 1084 1411 sunt
1123 1366 1241 1410 enim
1284 1365 1467 1410 inventa
1495 1364 1914 1419 interAlcmariam
1954 1373 2000 1410 et
2030 1367 2430 1426 Wandesburgum

178 1449 330 1481 arcem
358 1434 620 1490 Hamburgo
651 1433 966 1491 propinquam,
998 1431 1076 1476 ubi
1108 1436 1218 1474 tunc
1248 1430 1402 1487 Tycho
1434 1430 1766 1487 hospitabatur,
1804 1433 1884 1489 18‘,
1917 1445 2001 1489 ego
2035 1433 2087 1479 21
2121 1434 2299 1490 reliqui.

357 1501 430 1546 Ex
472 1499 629 1557 eclipsi
669 1500 772 1544 anni
821 1499 931 1544 1560
962 1496 1212 1542 Lovanium
1254 1497 1373 1539 inter
1411 1502 1456 1541 et
1494 1496 1714 1542 Viennam
1745 1498 1955 1543 Austriae
1995 1499 2175 1555 reperio
2206 1500 2299 1558 47¹,
2345 1505 2443 1545 tan-
2494 1521 2500 1530 ·

183 1565 372 1612 tundem
403 1565 499 1611 fere
530 1579 586 1610 ex
616 1564 865 1610 intervallis
910 1563 1151 1607 itinerariis
1183 1568 1228 1607 et
1271 1562 1350 1606 alt.
1381 1561 1498 1619 poli,
1531 1562 1679 1607 media
1708 1563 1918 1620 Augusta
1959 1564 2183 1618 adhibita,
2228 1578 2329 1610 cum
2359 1579 2446 1610 nu·-
2551 1618 2554 1620 ,

176 1637 406 1676 merentur
435 1630 545 1676 mill.
576 1631 633 1678 86
666 1637 711 1676 et
742 1632 812 1676 61.
874 1627 1110 1674 Consentit
1141 1633 1189 1672 et
1219 1626 1473 1671 observatio
1499 1626 1686 1684 ,eclipsis
1718 1641 1837 1673 anno
1878 1630 2005 1675 1605.
2037 1630 2212 1688 Pragae
2244 1636 2290 1675 et
2326 1631 2444 1675 Lon·
2499 1631 2514 1639 “’

180 1696 271 1741 dini
299 1696 347 1741 in
376 1695 541 1751 Anglia
579 1695 756 1752 habita,
803 1694 862 1739 ad
905 1691 1262 1738 contrahendum
1306 1691 1515 1749 spatium.
1577 1692 1651 1738 Sic
1681 1699 1727 1738 et.
1770 1693 1973 1752 eclipsis,
2016 1708 2134 1740 anno
2165 1697 2272 1742 1621
2313 1697 2445 1742 Putz-
2491 1695 2531 1756 ,is

177 1762 327 1808 bachii
357 1762 405 1807 in
425 1761 719 1818 Wetteravia,
752 1766 798 1804 et
818 1759 1022 1805 Dantisci
1053 1768 1099 1804 et
1129 1759 1273 1804 Lincii
1304 1761 1556 1815 observata,
1587 1759 1886 1806 differentiam
1915 1762 2084 1808 indicat
2104 1764 2190 1809 45⁴.
2251 1764 2304 1810 Id
2334 1778 2440 1809 con·
2519 1809 2545 1821 ,,

177 1843 338 1886 gruum
370 1834 441 1873 est
472 1826 654 1872 chartis.
714 1826 831 1871 Nam
861 1825 1100 1871 Piscatorii
1131 1826 1290 1880 Darnis,
1326 1826 1591 1871 Mercatoris
1622 1826 1836 1882 Polonia,
1878 1827 1991 1873 locis
2036 1829 2155 1873 inter
2192 1841 2242 1874 se
2284 1829 2440 1875 vicinis

179 1909 262 1952 per
284 1895 499 1940 Kaerium
531 1905 748 1948 connexa,
780 1905 898 1948 quae
928 1891 1045 1936 inter
1068 1891 1422 1950 Grypswaldiam
1455 1898 1500 1937 et
1522 1892 1825 1949 Stargardiam
1857 1894 2061 1950 (quarum
2083 1894 2163 1940 illa
2192 1894 2238 1940 in
2258 1894 2445 1950 Daniae,
2496 1888 2524 1948 ἶ,

183 1961 297 2005 haec
327 1960 373 2004 in
395 1958 609 2004 Poloniae
641 1958 798 2002 charta
827 1956 1003 2013 visitur)
1035 1955 1156 2002 locat
1176 1957 1234 2012 8¹,
1266 1958 1353 2002 hae
1383 1957 1567 2013 inquam
1601 1958 1716 2003 duae
1746 1958 1931 2004 chartae
1951 1959 2219 2004 Dantiscum
2250 1959 2314 2004 sic
2343 1972 2444 2005 cum
2492 1955 2510 2010 Ϊ

177 2026 439 2081 Hamburgo
471 2028 759 2069 connectunt.
820 2022 1032 2067 Pluribus
1070 2022 1209 2079 igitur
1237 2022 1514 2079 argumentis
1546 2024 1918 2069 concurrentibus
1940 2025 2030 2069 fide
2062 2039 2229 2083 eorum,
2262 2026 2338 2083 qui
2368 2025 2504 2075 fir·
2541 2026 2543 2029 ’

177 2094 800 2145 mamentaargumentorum
830 2087 941 2132 mihi
970 2087 1333 2144 suppeditarunt,
1380 2088 1590 2132 consensi
1620 2087 1667 2132 in
1698 2090 2071 2142 contractionem,
2113 2105 2204 2136 non
2242 2094 2440 2149 ignaruS,
2479 2144 2484 2147 ,
2536 2133 2538 2147 ,

178 2156 440 2213 Tychonem
471 2154 620 2199 Brahe
649 2153 746 2198 libr.
780 2154 840 2198 ΙΙ.
872 2153 1219 2211 Progymnasm:
1268 2153 1492 2198 Cassellas
1522 2153 1816 2199 Rucuma-25¹
1849 2155 2245 2202 occidentaliorem
2274 2158 2438 2204 facere.
2472 2155 2479 2164 “

179 2221 403 2279 Reputavi
433 2220 564 2279 enim,
596 2233 693 2265 rem
724 2233 825 2266 esse
854 2211 964 2264 mihi
994 2233 1083 2264 non
1116 2219 1477 2277 cumrTychone,
1520 2219 1600 2264 sed
1630 2233 1731 2265 cum
1760 2221 1937 2278 mappis
1974 2221 2063 2267 illis
2095 2223 2440 2281 antiquioribuS,

181 2302 294 2347 quas
325 2288 401 2334 ille
433 2291 620 2341 secutus
650 2290 734 2330 est.
808 2327 810 2330 ,
1109 2302 1117 2309 ’

352 2369 520 2414 Fateor
550 2366 758 2424 equidem
795 2365 903 2409 mihi
942 2378 1033 2409 non
1074 2377 1174 2410 esse
1206 2364 1506 2410 satisfactum.
1568 2365 1685 2410 Nam
1726 2379 1937 2423 cuperem
1969 2367 2161 2424 Pragam
2199 2368 2445 2413 meridiano

179 2436 393 2481 Lincensi
423 2434 616 2479 subdere
648 2431 853 2487 adeoque
885 2435 1033 2478 omnia
1062 2433 1164 2479 loca
1191 2433 1449 2490 Bohemiae‚
1484 2431 1692 2489 Silesiae,
1725 2433 1965 2489 Poloniae,
1998 2433 2276 2490 Hungariae,
2309 2434 2444 2478 Aust-

180 2500 274 2545 riae
304 2499 542 2556 inferioris,
575 2497 764 2554 styriae,
797 2498 825 2541 4
855 2499 1038 2543 minutis
1069 2511 1334 2555 promovere
1364 2499 1410 2542 iu
1442 2497 1682 2542 orientem:
1717 2498 1781 2543 sic
1811 2499 2042 2556 requirere
2070 2498 2282 2543 videntur
2311 2499 2445 2543 inter·
2540 2519 2544 2522 ⁴

181 2565 304 2610 valla
338 2564 589 2620 itineraria,
636 2563 857 2621 siquidem
903 2564 1112 2609 omnibus
1150 2564 1249 2609 istis
1295 2563 1501 2608 locis*15
1544 2563 1753 2609 milliaria
1795 2564 1841 2608 in
1883 2565 2071 2622 gradum
2114 2578 2251 2609 unum
2292 2555 2541 2627 οἰτοηῙῘζΪ-τέ,

181 2630 334 2687 magni
363 2634 693 2686 computentur.
754 2631 871 2675 Nam
902 2629 1156 2693 Noriberga
1185 2630 1377 2685 Pragam
1416 2635 1711 2674 numerantur
1740 2629 1949 2674 milliaria
1979 2630 2056 2686 36,
2105 2631 2311 2685 Augusta
2339 2628 2494 2690 Gra-{j

181 2698 294 2743 tium
315 2697 386 2751 60,
418 2697 577 2741 Lincio
599 2696 819 2741 Viennam
842 2696 911 2754 30,
944 2697 1138 2754 Pragam
1154 2697 1224 2752 26,
1259 2695 1504 2752 conspicua
1532 2695 1868 2752 inaequalitate,
1901 2709 1999 2741 cum
2022 2695 2125 2753 plus
2149 2696 2285 2742 distet
2304 2688 2490 2754 Pragav‘S

182 2777 318 2820 quam
351 2762 538 2814 Vienna,
571 2767 622 2806 ut
653 2775 788 2819 quam
818 2764 945 2808 navis
978 2770 1111 2822 aucto
1144 2763 1279 2807 fluvio
1322 2762 1578 2818 assequitur
1607 2761 1731 2806 horis
1763 2762 1833 2807 16.
1895 2761 2117 2819 Cuperem
2163 2773 2218 2804 ex
2259 2750 2489 2829 adverso}
2532 2768 2540 2794 -·

181 2828 418 2874 Rostochii
449 2827 747 2873 meridianum
778 2841 835 2872 ex
866 2829 1094 2873 sententia
1124 2827 1354 2886 Tychonis
1386 2828 1443 2872 ab
1475 2825 1803 2882 Uraniburgico
1837 2825 2018 2872 dimidio
2051 2826 2195 2885 gradu
2224 2827 2271 2870 in
2303 2825 2490 2888 oricum,
2531 2824 2537 2891 ζ

181 2900 274 2938 tem
306 2892 530 2948 divellere,
562 2892 944 2954 Noribergensem
978 2894 1154 2950 longius
1186 2895 1243 2938 ab
1277 2906 1330 2937 eo
1360 2893 1407 2937 in
1439 2892 1717 2937 occidentem
1748 2905 1992 2951 removere.
2054 2894 2222 2939 Verum
2252 2892 2341 2936 ista
2371 2889 2451 2953 qui
2468 2891 2500 2948 «Tl-
2528 2893 2534 2904 ⁴

182 2958 357 3014 fecerit,
400 2958 442 3001 ei
471 2956 654 3014 negotia
684 2964 927 3003 nascentur
956 2959 1027 3012 vel
1059 2972 1160 3003 cum
1192 2957 1360 3002 chartis
1390 2957 1648 3002 recentibus
1679 2956 1752 3000 vel
1784 2970 1885 3002 cum
1919 2955 2153 3015 eclipsium
2185 2957 2446 3002 observato-
2462 2956 2482 2996 ἐ·
2521 2934 2535 3044 ἶ

183 3025 321 3068 ribus.
381 3023 556 3081 Itaque,
589 3028 809 3080 tanquam
836 3023 882 3067 in
912 3023 991 3067 lite
1022 3022 1255 3081 perplexa,
1303 3021 1425 3078 quod
1456 3022 1678 3067 minutula
1709 3021 1890 3078 attinet,
1935 3022 2189 3079 catalogum
2220 3022 2339 3066 hunc
2369 3000 2489 3094 111·ῗὲ
2514 3048 2532 3076 κ,

185 3089 290 3132 beat
317 3087 459 3132 lector
505 3087 604 3133 loco
645 3088 1014 3134 interlocutoriae
1057 3101 1332 3144 manumque
1380 3094 1425 3133 et
1466 3089 1563 3145 ipse
1595 3089 1831 3133 admoveat
1874 3089 2025 3146 operi,
2071 3101 2259 3133 exorsus
2291 3099 2320 3131 a
2346 3084 2479 3134 loco‘f'·
2512 3110 2513 3114 ¹

188 3166 270 3197 suo
301 3157 347 3196 et
376 3153 583 3198 viciniam
615 3167 791 3199 omnem
823 3161 985 3212 aptans
1015 3168 1099 3211 per
1128 3159 1373 3211 praecepta
1404 3155 1654 3211 sequentia.
2229 3169 2236 3173 ·
2448 3110 2488 3209 ξ

2520 3170 2533 3235 1

357 3218 560 3263 Eandem
596 3219 851 3265 libertatem
890 3219 1158 3265 emendandi
1203 3220 1325 3264 hunc
1370 3219 1625 3275 catalogum
1668 3225 1714 3264 et
1751 3231 1835 3277 ego
1867 3218 1978 3262 mihi
2014 3230 2210 3269 reservo,
2248 3219 2285 3263 si
2315 3211 2510 3286 peritii-35⁷

187 3282 309 3336 artis,
339 3282 427 3326 hoc
451 3283 547 3338 jam
578 3286 783 3342 catalogo
813 3285 1003 3342 invitati,
1050 3297 1156 3328 suas
1185 3284 1523 3329 intervallorum
1555 3284 1891 3329 observationes
1935 3296 2111 3328 mecum
2151 3281 2529 3359 communica-23.-

186 3348 344 3394 verint.
408 3347 540 3456 Qgiod
551 3363 623 3456 teo
649 3350 770 3405 dico,
801 3365 857 3396 ne
888 3350 989 3409 quis
1020 3349 1292 3395 auctoritate
1322 3362 1422 3393 mea
1451 3349 1498 3393 in
1530 3349 1698 3395 chartis
1723 3348 2035 3405 geographicis
2062 3347 2290 3395 mutandis
2320 3335 2476 3406 prae-Q
2517 3365 2524 3387 τ

188 3424 382 3472 propere
413 3425 439 3456 a
472 3419 551 3457 uta
571 3428 637 3458 ur.
1202 3434 1205 3435 ν
1505 3424 1508 3436 ·
1733 3426 1736 3427 ν

704 3480 709 3484 a
2443 3455 2474 3491 aa

362 3492 450 3538 Sed
482 3492 675 3553 dimissis
701 3494 796 3550 jam
825 3497 937 3542 locis
969 3498 1101 3549 nobis
1132 3497 1289 3542 vicinis
1322 3503 1367 3543 et
1397 3497 1623 3554 minutiis,
1666 3509 1782 3554 quae
1814 3499 1919 3538 sunt
1956 3495 2002 3540 in
2033 3495 2185 3555 dubio,
2222 3486 2475 3553 exspatiassffi¹¹

190 3562 335 3616 bimur
355 3558 542 3614 longius
574 3558 630 3601 ad
660 3561 929 3607 meridianos
967 3569 1179 3608 remotos.
1239 3564 1445 3608 Pertinet
1484 3564 1602 3608 enim
1638 3564 1697 3608 ad
1736 3561 1991 3606 tabularum
2027 3560 2189 3607 harum
2221 3558 2461 3613 existimaes'
2511 3590 2514 3596 -

189 3631 379 3684 tionem,
427 3630 479 3669 ut
522 3624 746 3679 intelligat
784 3626 944 3684 lector,
992 3631 1235 3686 quomodo
1264 3629 1538 3674 meridianus
1567 3626 1944 3682 Uraniburgicus,
1986 3626 2147 3672 harum
2194 3624 2468 3686 tabularum?
2508 3605 2524 3651 ‘

188 3693 419 3752 proprius,
463 3703 564 3736 cum
595 3689 900 3736 Alexandrino
943 3697 1216 3752 ceterisque,
1260 3696 1343 3740 sub
1388 3696 1551 3751 quibus
1594 3699 1664 3739 est
1704 3693 1760 3738 ab
1807 3690 2006 3746 antiquis
2051 3692 2358 3747 observatum,
2389 3688 2468 3745 sifi
2497 3721 2511 3762 Q

186 3769 435 3804 connexus.
492 3754 638 3811 Igitur
668 3752 724 3798 de
755 3759 1035 3804 connexione
1057 3761 1211 3814 Linciix
1234 3765 1283 3817 et
1302 3760 1444 3803 Gratii
1473 3774 1574 3804 cum
1595 3757 1881 3812 Uraniburgo
1914 3770 1970 3800 ex
1999 3763 2129 3813 parte
2161 3771 2264 3814 una,
2299 3752 2465 3824 Limus
2512 3751 2515 3756 ’

191 3830 237 3870 et
266 3822 499 3879 Tubingae
529 3821 631 3866 cum
659 3820 804 3866 Roma
834 3834 890 3866 ex
920 3829 1049 3880 parte
1080 3825 1234 3874 altera,
1276 3826 1387 3873 satis
1417 3825 1528 3871 mihi
1557 3825 1710 3872 videor
1745 3828 1894 3870 certus
1928 3835 2028 3869 esse
2062 3822 2459 3880 meridianamque
2494 3819 2507 3884 ι
