2554 4140
603 131 743 179 Liber
772 132 1022 181 Secundus.
1085 133 1155 179 De
1186 132 1394 191 Sphaera
1423 136 1470 177 et
1500 130 1677 178 circulis
1710 131 1824 189 ejuS.
2165 130 2168 134 ’
2242 137 2344 187 199

233 285 371 352 Quid
402 285 610 334 metitur
647 284 902 346 anqulum
937 284 1283 347 sphaericum,
1324 287 1384 330 ut
1411 283 1463 330 ‚is
1501 295 1616 329 cum
1641 282 1797 331 latere
1826 285 1987 346 possit
2014 285 2309 345 comparari
2325 284 2350 331 Ρ

84 360 402 426 Sphaericum
439 355 674 419 angulum
712 358 908 406 metitur
946 357 1154 406 circulus
1191 354 1361 404 itidem
1399 354 1640 402 maximus
1690 353 1802 417 (aut
1854 357 2001 405 etiam
2040 357 2195 404 minor
2233 357 2346 420 qui-

68 429 301 499 cunque)
353 443 412 479 ex
451 429 633 491 angulo
674 442 763 478 ceu
815 429 930 493 polo
970 429 1259 492 descriptus.
1336 427 1397 475 Et
1430 431 1615 475 rectum
1655 425 1852 489 quidem
1891 429 2125 492 angulum
2163 429 2347 492 sphae-

86 508 239 555 ricum
275 518 372 552 non
410 504 571 551 minus
621 516 767 564 quam
817 502 1122 553 rectilineum
1159 506 1355 551 metitur
1393 498 1650 562 quadrans
1679 500 1863 551 circuli.
1939 502 2112 565 Itaque
2151 504 2193 551 si
2231 503 2348 552 bina

80 577 247 641 anguli
299 591 438 626 crura
476 573 774 638 quadrantes
823 575 1025 636 fuerint,
1075 574 1207 624 latus
1260 572 1440 636 angulo
1479 572 1767 621 subtensum
1806 579 1880 621 est
1918 575 2079 636 ipsum
2117 590 2349 624 mensura

80 650 212 699 illius
249 649 446 713 anguli3
486 649 561 697 siu
598 647 696 696 duo
736 647 969 711 trianguli
1004 648 1162 698 latera
1197 661 1296 696 non
1335 645 1514 695 fuerint
1552 645 1849 712 quadrantes
1888 660 2088 695 suorum
2135 647 2346 697 circulo-

77 738 197 783 rum,
236 724 432 772 omnino
471 736 557 770 sex
597 720 788 770 circulis
825 722 1050 770 maximis
1088 720 1160 786 ad
1198 719 1249 768 id
1287 733 1412 783 opus
1450 718 1568 780 erit,
1609 718 1764 767 tribus
1804 718 2029 781 quidem,
2071 723 2155 783 qui
2193 720 2349 771 latera

83 796 333 861 praebent,
374 795 527 843 tribus
567 793 692 854 aliis,
734 796 819 857 qui
857 807 1110 844 mensuras
1148 792 1453 856 angulorum.

222 868 304 918 Sic
344 869 493 931 igitur
518 867 727 929 angulos
770 867 1147 930 comprehensos
1186 868 1311 914 inter
1335 864 1556 926 circuIOS,
1599 866 1682 928 qui
1708 879 1798 928 per
1824 865 2054 914 verticem
2080 871 2347 930 transeunt,

79 943 275 991 metitur
312 941 540 1002 horizon,
580 939 786 1003 angulos
825 955 1008 1001 eorum,
1049 941 1133 1002 qui
1172 953 1258 1003 per
1292 937 1435 1003 polos
1472 938 1656 999 mundi,
1697 943 1935 1001 aequator
1971 945 2058 988 aut
2083 939 2348 1004 parallelo-

78 1029 185 1064 rum
220 1014 362 1075 unus‚
404 1013 612 1077 angulos
652 1027 836 1074 eorum,
876 1015 961 1076 qui
998 1027 1085 1077 per
1123 1011 1265 1076 polos
1306 1010 1577 1076 eclipticae,
1615 1011 1725 1076 ipsa
1753 1011 1997 1077 ecliptica.

196 1098 265 1143 Sit
304 1097 579 1154 triangulum
612 1096 741 1152 CAB,
774 1096 903 1152 cujus
933 1096 1083 1141 omnia
1114 1094 1203 1139 tria
1230 1094 1375 1138 latera
1407 1107 1516 1150 qua-

0 1194 2 1200 >
73 1164 234 1210 drante
264 1163 458 1220 minora3
503 1163 543 1207 si
574 1173 681 1218 ergo
713 1161 804 1206 sint
835 1162 934 1218 GE,
977 1162 1053 1206 OD
1086 1159 1382 1217 quadranteS,
1421 1159 1505 1203 ED

70 1229 155 1274 erit
182 1241 394 1273 mensura
423 1227 578 1284 anguli
606 1227 737 1282 ACB,
771 1227 879 1283 quia
911 1224 1109 1270 circulus
1132 1226 1216 1269 ΕΙ)
1251 1239 1308 1270 ex
1331 1226 1363 1271 C
1395 1225 1503 1284 polo
1939 1256 1975 1288 Η
2005 1262 2026 1294 Ῑ

0 1314 1 1334 1
69 1294 324 1351 descriptus
357 1298 440 1338 est.
501 1293 572 1336 Ita
603 1293 642 1337 si
671 1292 773 1350 BF,
805 1292 888 1336 BH
919 1289 1217 1348 quadrantes,
1258 1291 1343 1335 FH
1369 1305 1502 1337 arcus
2019 1290 2049 1320 ’κ

70 1361 156 1407 erit
184 1360 339 1418 anguli
368 1359 487 1404 ABC
516 1371 742 1404 mensura.
802 1357 873 1401 Ita
904 1357 943 1402 si
971 1355 1054 1413 AI,
1092 1355 1177 1400 AG
1207 1354 1499 1413 quadrantes,

0 1132 2 1165 ι
1843 1139 1924 1182 Fig.
1953 1141 2006 1177 30.

0 1216 2 1269 l

0 1354 3 1401 Ι

0 1424 31 1482 l?
71 1426 134 1473 GI
163 1426 375 1471 metietur
406 1423 623 1482 angulum
655 1423 783 1469 CAB.

0 1516 4 1565 l

0 1574 3 1602 l

2050 1317 2243 1480 Χ

218 1502 362 1566 Quae
414 1507 483 1550 est
536 1515 740 1548 summa
789 1498 1047 1548 doctrinae
1115 1497 1498 1560 trianyulorum

2 1613 3 1626 2
68 1573 492 1638 sphaericorum?
528 1573 579 1622 Si
600 1573 778 1622 fuerint
799 1587 856 1622 ex
883 1585 969 1620 sex
996 1570 1142 1619 rebus
1164 1570 1498 1633 cujuscunque
1543 1585 1573 1618 ι’

2 1654 30 1713 j·
68 1647 300 1711 trianguli
335 1649 429 1696 tria
464 1652 596 1707 nota,
639 1661 699 1696 ex
734 1647 795 1693 iis
833 1645 1130 1706 investigare
1169 1642 1496 1707 quodcunque

0 1726 15 1769 J·
70 1736 131 1770 ex
167 1722 322 1770 tribus
360 1719 558 1782 reliquis
609 1718 845 1768 beneficio
883 1722 1121 1766 rectarum
1161 1716 1341 1765 circuli.
1419 1717 1495 1766 De

0 1793 37 1865 l?
68 1793 161 1843 hac
198 1793 417 1843 doctrina
455 1798 648 1841 exstant
684 1791 955 1856 peculiares
991 1789 1118 1837 libri.

211 1862 426 1916 Recense
462 1871 626 1914 rectas
664 1866 906 1926 cujizsque
931 1877 1097 1923 arcus,
1137 1863 1283 1910 utiles
1309 1862 1379 1910 ad
1412 1878 1494 1913 so·
1527 1919 1530 1924 Χ

67 1940 312 1989 lationem
338 1939 720 2001 trianyulorum
745 1937 1139 2000 sphaericorum.
1219 1935 1296 1984 Ab
1332 1932 1720 2002 uniuscujusque
1760 1955 1901 1991 arcus
1941 1940 2212 2006 quadrante
2250 1947 2351 1994 mi..

0 2018 7 2066 ’ἱ
69 2014 201 2062 noris
237 2014 442 2066 termino
481 2026 579 2060 uno
619 2010 861 2059 ducuntur
898 2009 1051 2069 duae,
1105 2008 1260 2058 altera
1298 2010 1348 2056 in
1387 2016 1629 2072 centrum,
1685 2028 1811 2076 quae
1852 2015 2028 2064 dicitur
2065 2017 2231 2068 radius
2269 2022 2351 2071 vel

0 2082 7 2106 ’·
68 2087 203 2135 sinus
240 2091 399 2144 totus,
450 2084 603 2133 altera
640 2090 869 2146 tangens,
919 2083 969 2130 in
1006 2081 1206 2145 plagam
1232 2095 1402 2145 arcus3
1451 2084 1513 2133 ab
1553 2084 1707 2135 altero
1747 2102 1888 2137 arcus
1929 2092 2133 2139 termino
2182 2092 2350 2144 itidem

5 2171 7 2207 ε
70 2159 223 2221 duae,
277 2158 433 2207 altera
475 2156 889 2222 perpendicularis
928 2157 976 2203 in
1015 2155 1232 2216 radium,
1289 2170 1376 2223 seu
1416 2158 1656 2220 parallela
1697 2145 1967 2224 tangentis,
2008 2178 2135 2227 quae
2175 2165 2350 2216 dicitur

6 2260 7 2267 κ
67 2233 219 2293 sinuS,
259 2230 530 2294 dividitque
568 2230 758 2278 radium
785 2232 832 2277 in
870 2229 1031 2278 sin‘um
1058 2228 1401 2294 complementi
1441 2236 1489 2279 et
1527 2233 1760 2294 sagittam
1793 2249 1881 2284 seu
1919 2238 2080 2286 sinum
2121 2253 2346 2289 versum·

5 2291 8 2362 ἶ
68 2305 223 2355 altera
260 2306 521 2354 introrsum
560 2302 759 2367 quidem
797 2317 953 2365 usque
991 2301 1054 2352 ad
1095 2308 1327 2363 centrum,
1370 2310 1640 2353 extrorsum
1680 2322 1796 2356 vero
1836 2324 1994 2374 usque
2034 2310 2096 2360 ad
2135 2278 2347 2377 tangeri-3

7 2443 9 2452 A
70 2385 182 2439 tem,
221 2379 484 2427 terminans
509 2391 617 2426 eam
655 2377 971 2438 vicissimque
1010 2377 1270 2424 terminata
1307 2375 1370 2424 ab
1409 2376 1511 2438 illa,
1552 2393 1678 2441 quae
1720 2381 1896 2431 dicitur
1933 2398 2122 2448 secans3
2164 2388 2235 2435 sic
2269 2403 2350 2437 re-

6 2469 9 2505 ι
66 2454 318 2502 centiores.
373 2450 750 2499 Antecessorum
783 2448 867 2498 alii
904 2449 1094 2511 graecis
1134 2454 1335 2497 utuntur
1361 2450 1794 2515 appellationibus,
1834 2471 1922 2519 pro
1947 2458 2086 2507 radio
2114 2459 2348 2511 semidia-

7 2519 9 2523 ’
67 2531 273 2575 metrum
313 2522 393 2574 vel
429 2525 587 2583 basin,
626 2537 713 2587 pro
753 2527 984 2586 tangente
1023 2521 1271 2571 cathetum
1311 2522 1488 2584 (latine
1526 2510 2001 2597 perpendiculum)‚⁸
2023 2546 2110 2595 pro
2150 2542 2348 2584 secante

6 2594 9 2658 ‘j
69 2597 428 2664 hypotenusam
454 2594 772 2664 (subtensam,
811 2602 932 2659 puta
954 2594 1135 2658 angulo
1161 2593 1313 2660 recto)
1354 2594 1596 2661 dicentes3
1635 2599 1722 2648 alii
1748 2601 1810 2651 ad
1845 2617 1987 2653 usum
2013 2607 2344 2670 respicientes,

8 2717 10 2730 ,
71 2677 327 2735 tangentes
365 2684 455 2719 seu
492 2671 659 2732 potius
697 2684 863 2718 earum
900 2682 1128 2717 numeros
1167 2667 1419 2732 appellant
1458 2670 1742 2722 foecundos.

181 2754 329 2799 Arcus
359 2754 448 2809 BC,
479 2754 519 2798 A
547 2758 766 2804 centrum,
795 2752 875 2797 BA
895 2751 1061 2799 radius,
1093 2751 1219 2796 sinus
1250 2755 1388 2799 totus,
1422 2764 1491 2797 se·
1841 2763 1924 2804 mg.
1949 2762 2003 2798 31.

66 2818 348 2865 midiameter
368 2818 439 2864 vel
455 2818 597 2877 basis;
630 2818 709 2863 BD
741 2823 947 2874 tangen8‚
979 2816 1187 2861 cathetos
1211 2816 1281 2861 vel
1308 2815 1493 2862 foecun-

10 2899 11 2904 ’
66 2883 139 2942 da,
170 2885 248 2930 GE
273 2883 414 2941 sinus,
447 2884 530 2928 EA
554 2883 678 2928 sinus
709 2882 1042 2940 complementi‚
1074 2882 1151 2926 ΕΒ
1177 2881 1303 2928 sinus
1337 2896 1492 2929 versus

64 2950 138 2998 vel
167 2950 348 3008 sagitta,
382 2950 467 2995 AD
499 2962 661 2995 secans
691 2949 763 2994 vel
793 2948 1093 3005 hypotenusa.
1408 2963 1410 2965 ’

217 3034 354 3099 Quid
404 3033 628 3095 amplius
674 3032 1049 3082 observandum
1098 3031 1158 3080 de
1193 3033 1494 3083 sectionibus

67 3110 201 3158 inter
234 3123 284 3157 se
320 3105 707 3157 maximorum?
753 3105 875 3154 Cum
914 3120 1040 3154 unus
1079 3108 1254 3154 transit
1291 3120 1378 3169 per
1415 3104 1492 3153 al-

71 3182 221 3232 terius
258 3180 417 3246 polos,
457 3181 673 3229 vicissim
715 3180 860 3227 etiam
900 3178 1024 3228 alter
1059 3192 1143 3243 per
1180 3179 1322 3243 primi
1350 3177 1493 3241 polos

71 3256 268 3315 transit,
323 3261 372 3303 ct
418 3266 506 3316 per
554 3267 883 3315 consequens,
925 3266 1035 3300 cum
1075 3265 1201 3299 unus
1239 3266 1326 3314 per
1364 3249 1492 3298 duo-

71 3340 175 3377 rum
214 3325 356 3392 polos
394 3327 595 3386 transit,
647 3325 854 3374 habebit
901 3324 1042 3388 polos
1081 3337 1198 3372 suos
1236 3326 1284 3371 in
1325 3336 1493 3372 eorum

73 3400 409 3451 communibus
466 3399 797 3461 sectionibus3
856 3404 904 3445 et
952 3410 1094 3445 arcus
1149 3396 1282 3459 ejus,
1340 3396 1493 3444 inter·
2241 3436 2245 3456 f

2 3528 10 3604 1
74 3478 241 3539 ceptus
280 3474 405 3522 inter
442 3472 601 3536 polos,
640 3470 865 3535 aequalis
900 3476 973 3519 est
1012 3469 1144 3518 arcui
1171 3468 1295 3518 inter
1334 3469 1495 3518 circu·
1595 3487 1621 3520 Α
2052 3493 2082 3524 Β
2234 3486 2265 3519 s

77 3543 154 3596 los
190 3560 372 3596 eorum.

5 3662 9 3676 .
168 3628 259 3673 *Ita
288 3628 336 3672 in
368 3627 600 3673 schemate
638 3626 706 3672 28.
742 3624 835 3683 poli
867 3623 1126 3680 aequatoris
1159 3624 1209 3675 Β,
1243 3623 1276 3668 C
1315 3623 1361 3668 in
1393 3622 1639 3671 meridiano
1680 3629 1806 3681 sunt,
1849 3637 1934 3670 nec
1974 3623 2122 3670 minus
2166 3630 2210 3669 et
2248 3622 2342 3680 poli

0 3686 11 3760 1}
73 3691 318 3740 horizontis
351 3695 402 3748 F,
434 3695 487 3752 G,
532 3694 577 3739 id
609 3700 680 3740 est
707 3689 859 3739 zenith
891 3700 936 3737 et
974 3690 1125 3746 nadir,
1167 3704 1272 3748 ergo
1315 3692 1451 3738 etiam
1493 3692 1587 3750 poli
1629 3691 1866 3737 meridiani
1897 3691 1959 3746 M,
1991 3689 2033 3734 N
2065 3693 2143 3749 (ex
2177 3689 2340 3746 quibus

63 3756 147 3804 me
177 3760 318 3806 veluti
348 3759 605 3817 descriptus
635 3760 923 3817 intelligitur)
967 3764 1072 3803 sunt
1112 3757 1156 3801 in
1189 3757 1464 3804 sectionibus
1507 3758 1767 3815 aequatoris
1800 3764 1846 3803 et
1876 3756 2124 3803 horizontis
2155 3753 2340 3800 mutuis.

75 3820 224 3880 Quare
260 3825 493 3871 meridiani
537 3839 670 3871 arcus
701 3826 788 3871 DH
817 3826 1000 3871 metitur
1042 3823 1257 3881 angulum
1298 3824 1456 3881 HMD,
1499 3837 1633 3882 quem
1671 3824 1782 3871 facit
1818 3824 2008 3869 horizon
2040 3835 2140 3869 cum
2172 3831 2336 3876 aequa·

0 3886 11 3960 l
77 3892 189 3935 tore.
252 3890 325 3936 Sic
355 3891 436 3938 LD
470 3897 517 3937 et
547 3890 625 3937 ΒΟ
658 3895 763 3937 sunt
795 3889 1021 3949 aequales,
1095 3888 1287 3946 Reliqua
1317 3887 1607 3936 inveniuntur
1637 3889 1764 3949 apud
1787 3894 2053 3947 geometras.

0 3978 13 4140 l

1831 1838 1862 1868 E
1899 1821 2112 1854 —----n

1592 2859 1621 2891 1¹
2249 2849 2279 2884 D
