2554 4140
232 135 334 184 398
797 129 849 174 In
878 127 1113 184 Epitomes
1144 126 1462 173 Astronomiae
1491 125 1652 172 Libros
1683 126 1898 173 V—VIL

229 292 364 327 meas
403 276 632 342 physicas
671 274 1047 339 traducerentur,
1089 276 1174 326 illa
1211 290 1407 340 quoque
1432 277 1690 326 exstabant
1716 276 2005 325 adumbrata
2030 277 2078 323 in
2107 275 2476 325 Commentariis

230 351 399 398 Martis
451 354 500 397 et
549 347 766 412 perculta
811 348 1016 398 ulterius
1062 351 1109 397 in
1158 348 1439 414 Hipparcho
1489 364 1614 399 meo.
1693 350 1840 398 Erant
1889 356 2051 397 autem
2101 349 2367 411 ejusmodi,
2424 356 2478 397 ut

232 421 472 486 duplicem
509 423 558 468 in
586 420 753 469 Lunae
794 422 1039 484 circulum,
1081 424 1400 472 eccentricum
1428 428 1701 484 utrumque,
1742 427 2083 487 supponerent,
2124 436 2223 470 rem
2261 422 2476 486 physicis

228 493 640 558 speculationibus
696 495 1078 544 inimicissimam
1118 494 1339 557 adeoque
1375 494 1746 544 intolerabilem.
1820 495 1912 542 His
1950 494 2275 543 fundamentis
2315 496 2478 541 innixa

229 572 302 616 est
361 568 658 631 computatio
707 566 1101 631 Ephemeridum,
1158 582 1184 616 e
1239 582 1444 630 quarum
1491 567 1788 631 praeloquiis
1845 574 2069 631 apparet,
2131 566 2282 616 semel
2330 574 2478 629 atque

228 641 401 688 iterum
439 644 677 689 mutatam
716 654 821 689 esse
859 641 1060 689 formam
1100 639 1300 699 calculi,
1343 642 1524 705 quippe
1562 641 1826 689 fluctuante
1864 640 2146 704 passimque
2183 641 2478 703 impingente

229 727 448 762 assensu.
639 761 642 763 ,

370 785 480 835 Hac
515 799 654 835 cruce
695 783 902 848 denique
929 784 1156 833 liberavit
1181 786 1526 833 astronomiam
1552 786 1813 849 praecipua
1846 785 2232 849 speculationum
2260 798 2476 833 mearum

224 857 430 908 felicitas
457 869 622 908 mense
642 857 796 922 Aprili
820 858 934 907 anni
962 858 1099 906 1620
1131 861 1218 916 (err.
1246 862 1323 905 111.
1358 865 1440 904 661
1463 863 1554 919 ss.)‚
1584 873 1694 906 cum
1721 858 2037 907 consideratis
2057 859 2287 906 attentius
2315 860 2475 906 causis

225 930 442 996 physicis
480 937 748 996 appareret,
787 944 1141 994 supervacuum
1180 945 1287 980 esse
1324 929 1531 980 alterum
1570 930 1739 979 Lunae
1778 932 2137 991 eccentricum,
2160 929 2283 979 adeo
2323 937 2376 979 ut
2414 944 2475 979 ne

230 1002 425 1067 quidem
465 1005 810 1066 imaginatione
858 1002 1016 1064 illius,
1067 1009 1303 1067 quantum
1340 1002 1403 1051 ad
1442 1001 1760 1067 longitudinis
1798 1010 1988 1064 motus,
2042 1011 2164 1068 opus
2205 1009 2334 1052 esset
2371 1016 2478 1050 am-

226 1076 369 1141 plius.
456 1076 667 1140 Jamque
726 1081 916 1139 tempus
974 1081 1104 1138 erat,
1161 1076 1385 1125 ultimum
1431 1075 1755 1141 colophonem
1802 1075 2083 1141 imponendi
2134 1075 2256 1124 libro
2305 1082 2477 1138 quarto

228 1147 507 1215 Epitomes,
560 1151 644 1212 qui
690 1154 763 1198 est
814 1149 872 1197 de
913 1149 1159 1212 principiis
1199 1149 1447 1198 doctrinae
1486 1149 1759 1211 theoricae;
1813 1163 1909 1212 quo
1948 1150 2076 1198 facto
2115 1148 2178 1198 ad
2216 1148 2478 1197 editionem

226 1223 358 1271 illius
411 1236 607 1287 operam
662 1221 885 1270 transtuli
939 1221 1102 1271 media
1158 1225 1282 1272 inter
1338 1236 1474 1272 arma
1529 1223 1772 1271 Bavarica
1826 1222 2118 1284 crebrosque
2181 1222 2377 1270 morbos
2431 1227 2480 1269 et

226 1302 404 1344 mortes
457 1302 556 1344 tam
589 1293 813 1346 ‚militum
860 1309 1006 1358 quam
1060 1297 1254 1345 civium.
1332 1294 1460 1357 Quin
1505 1297 1652 1344 etiam
1688 1295 1973 1359 Ephemeris
2012 1297 2061 1342 in
2100 1308 2279 1344 annum
2324 1294 2476 1343 1621.

229 1374 511 1433 computata
561 1369 728 1416 statim
774 1367 865 1416 fuit
903 1382 960 1416 ex
1001 1367 1095 1417 hoc
1132 1366 1340 1433 simplici
1378 1367 1549 1416 Lunae
1587 1370 1882 1428 eccentrico‚
1928 1368 2192 1431 jussusque
2228 1365 2477 1430 prologus,

230 1456 363 1490 more
401 1446 666 1491 ceterarum
703 1454 920 1490 mearum
946 1440 1335 1504 Ephemeridum‚
1375 1440 1649 1504 significare
1673 1441 1906 1505 gaudium
1931 1455 2092 1490 meum
2117 1440 2311 1505 publice
2334 1453 2478 1504 super

146 1525 160 1534 ·
227 1514 522 1579 triumphato
559 1514 714 1563 altero
751 1512 922 1563 Lunae
961 1517 1243 1563 eccentrico.
1300 1514 1482 1563 Verum
1519 1514 1705 1565 itineris
1744 1516 1841 1564 mei
1878 1515 2167 1564 necessitate
2205 1512 2477 1578 prohibitus

227 1586 597 1653 Ephemeridem
632 1586 768 1636 illam
805 1586 1059 1649 hactenus¹
1081 1587 1222 1637 edere
1260 1601 1358 1636 non
1396 1588 1550 1651 potui.

369 1660 486 1710 Jam
532 1660 665 1724 quod
715 1660 842 1709 hanc
878 1659 1099 1708 ultimam
1138 1661 1389 1725 Epitomes
1426 1665 1613 1725 partem
1630 1668 1649 1719 ,'‘
1697 1659 1852 1709 tribus
1887 1658 2024 1709 libris
2061 1658 2474 1723 comprehensam,

227 1734 425 1784 attinet:
465 1735 557 1783 etsi
596 1738 708 1799 post
745 1732 929 1782 editum
967 1732 1142 1782 librum
1179 1733 1268 1783 lv.
1309 1733 1454 1783 domo
1492 1732 1690 1793 absum,
1729 1747 1819 1782 nec
1858 1746 2026 1796 parum
2065 1733 2293 1797 temporis
2331 1733 2478 1781 itine-

226 1806 361 1856 ribus
410 1807 635 1870 curisque
685 1806 958 1855 forensibus
1006 1807 1222 1868 insumo,
1274 1808 1452 1871 potiori
1498 1812 1661 1855 tamen
1712 1807 1942 1870 temporis
1988 1811 2126 1869 parte
2176 1805 2295 1854 mihi
2341 1804 2479 1854 licuit

230 1881 626 1943 interquiescere,
684 1878 861 1944 atque*
892 1877 1026 1927 illam
1077 1893 1270 1930 omnem
1325 1894 1417 1943 ego
1464 1881 1513 1927 in
1558 1893 1723 1928 curam
1772 1879 1918 1941 hujus
1969 1878 2196 1928 editionis
2248 1877 2475 1942 impendi.

229 1951 506 2016 Tubingam
545 1960 599 2001 ut
637 1954 750 2002 veni
789 1957 996 2002 exeunte
1034 1966 1163 2002 anno
1207 1953 1368 2013 1620,
1416 1966 1599 2002 novam
1635 1951 1981 2017 hypothesium
2019 1950 2286 2000 Lunarium
2323 1952 2476 2000 ratio·
2532 1995 2535 1998 .

227 2039 338 2075 nem
377 2027 685 2091 expositurus
710 2023 989 2085 Maestlino,
1029 2027 1169 2089 coepi
1205 2027 1535 2088 quaestiones,
1574 2030 1630 2074 ut
1665 2024 1726 2074 de
1762 2026 1934 2075 ceteris
1969 2024 2196 2090 planetis,
2234 2025 2304 2073 sic
2330 2025 2477 2073 etiam

230 2098 288 2147 de
328 2098 470 2148 Luna
507 2114 567 2149 ex
603 2098 864 2163 hypothesi
899 2097 1106 2162 physica
1144 2099 1339 2148 tandem
1373 2099 1575 2148 inventa
1612 2098 1931 2148 conscribere.

369 2171 490 2221 Mox
537 2176 592 2220 ut
626 2170 948 2220 Ratisbonam
997 2170 1062 2219 ad
1111 2171 1348 2220 familiam
1395 2171 1543 2232 redii,
1596 2170 1792 2220 easdem
1838 2169 1994 2220 revidi
2038 2168 2476 2232 describendasque

228 2242 355 2293 dedi.
431 2244 631 2294 Interim
677 2244 790 2293 libri
826 2243 915 2292 VI.
963 2248 1149 2307 partem
1199 2243 1448 2303 ultimam,
1499 2244 1736 2293 hactenus
1779 2243 1979 2292 dilatam
2014 2240 2168 2310 (quod
2204 2248 2478 2306 speraretur

226 2316 382 2366 facilis
420 2319 641 2380 interque
671 2318 991 2383 correctiones
1029 2318 1135 2381 typi
1173 2319 1451 2366 concinnari
1486 2330 1630 2381 posse
1668 2313 1930 2382 videretur)
1967 2329 2096 2365 nunc
2131 2329 2391 2379 aggressus
2429 2321 2477 2365 et

226 2391 383 2454 ipsam
423 2389 717 2455 deprehendi
753 2389 1063 2450 laboriosam,
1102 2404 1197 2438 non
1239 2397 1339 2439 tam
1378 2389 1678 2450 difficultate,
1719 2403 1866 2452 quam
1905 2387 2217 2438 multitudine
2243 2394 2291 2438 et
2315 2390 2476 2438 varie-
2533 2390 2542 2403 ‘

230 2468 331 2512 tate
370 2464 710 2526 quaestionum
747 2469 797 2511 et
834 2460 949 2512 cura
985 2462 1216 2511 methodi.
1272 2462 1523 2512 Monachii
1561 2462 1710 2511 breve
1747 2462 1864 2511 mihi
1903 2468 2094 2526 tempus
2133 2462 2476 2511 constitutione

227 2537 536 2599 antiquarum
590 2535 884 2600 epocharum
937 2541 986 2584 et
1034 2537 1395 2600 computatione
1442 2535 1696 2600 eclipsium
1743 2537 2030 2586 intercessit.
2104 2534 2378 2598 Statimque
2422 2539 2476 2583 ut

226 2607 503 2673 Tubingam
550 2608 672 2659 redii
720 2610 867 2658 etiam
914 2614 1100 2673 partem
1144 2608 1256 2657 libri
1301 2609 1390 2659 VI.
1435 2615 1683 2672 qum,
1734 2608 1795 2658 de
1834 2608 1995 2669 Luna,
2047 2609 2253 2673 repetito
2311 2607 2474 2656 labore

212 2681 615 2747 ’interpolandam
664 2681 790 2743 vidi,
838 2688 1097 2746 propterea
1142 2681 1274 2745 quod
1326 2682 1630 2732 definitiones
1673 2682 1836 2731 verbis
1875 2687 2140 2746 conceptae
2178 2683 2278 2731 vim
2314 2681 2476 2746 hypo-

225 2753 422 2806 theseos
460 2770 599 2805 meae
638 2754 872 2820 physicae
909 2753 1125 2803 nondum
1162 2759 1331 2805 exacte
1368 2761 1800 2820 repraesentarent.

369 2827 638 2878 Postremis
675 2828 924 2877 mensibus
960 2827 1099 2890 Majo
1138 2834 1187 2877 et
1224 2827 1377 2878 Junio
1413 2827 1700 2878 Stuccardia
1735 2833 2032 2892 postremum
2065 2825 2290 2876 libellum
2329 2824 2476 2888 dedit,
2518 2817 2521 2821 ’

224 2902 308 2963 qui
357 2901 553 2964 quidem
606 2902 753 2951 etiam
800 2902 851 2948 in
889 2907 1135 2966 postrema
1169 2914 1391 2950 curarum
1429 2906 1565 2966 parte
1601 2900 1875 2950 habebatur
1910 2900 2173 2960 hactenus,
2222 2904 2494 2964 propterea,

225 2973 354 3035 quod
395 2989 567 3038 parum
604 2974 895 3024 astronomis
931 2973 1140 3037 liqueret
1177 2972 1237 3024 de
1273 2975 1487 3024 motibus
1526 2979 1732 3024 octavae
1770 2973 2031 3038 sphaerae,
2070 2987 2196 3036 quae
2235 2986 2350 3022 vero
2377 2970 2474 3022 dici
2506 2976 2509 2978 ’

230 3045 289 3094 de
326 3045 419 3096 hac
456 3048 661 3098 materia
696 3052 922 3112 possent,
971 3046 1204 3111 pleraque
1242 3048 1292 3094 in
1331 3048 1705 3098 Commentariis
1743 3046 1940 3104 Martis,
1980 3048 2028 3093 in
2066 3046 2316 3110 Epitomes
2352 3042 2475 3093 libro

171 3170 174 3179 Α
224 3117 316 3169 ΙΙΙ,
357 3118 536 3169 dudum
577 3120 723 3182 edito,
763 3122 910 3184 inque
935 3119 1112 3169 chartis
1151 3119 1262 3169 aliis
1285 3126 1447 3169 essent
1483 3136 1514 3169 a
1538 3135 1615 3169 me
1641 3125 1892 3184 concepta.
1956 3117 2117 3167 Multa
2139 3125 2303 3168 tamen
2330 3131 2475 3167 occa-

226 3191 363 3240 sione
403 3194 785 3243 conversationis
824 3208 934 3243 cum
959 3191 1239 3255 Maestlino,
1279 3195 1434 3243 veteri
1471 3193 1595 3243 duce
1633 3207 1744 3242 meo
1783 3191 1847 3242 ad
1885 3190 2235 3256 capessendum
2267 3191 2360 3239 hoc
2385 3191 2475 3239 iter

230 3267 554 3314 astronomiae
594 3266 982 3331 Copernicanae,
1037 3265 1193 3315 multa
1242 3281 1328 3331 per
1375 3266 1634 3316 lectionem
1680 3265 1939 3325 librorum,
1991 3278 2115 3327 quos
2152 3263 2390 3313 hactenus
2424 3263 2473 3309 in

227 3334 426 3385 Austria
474 3339 688 3388 nancisci
736 3353 835 3388 non
885 3345 1131 3404 poteram,
1169 3338 1467 3401 inciderunt,
1507 3353 1651 3403 quae,
1691 3339 1785 3387 nisi
1823 3337 2076 3399 hucusque
2115 3336 2268 3386 dilata
2303 3336 2474 3384 suisset

225 3405 391 3470 editio,
429 3413 701 3460 necessario
740 3411 1168 3476 praetermittenda
1203 3411 1413 3461 fuerunt.

370 3479 569 3530 Interim
608 3488 656 3532 et
692 3483 833 3534 litore
872 3490 1133 3548 conspecto
1170 3486 1500 3548 navigationis
1536 3484 1698 3546 hujus,
1735 3482 1829 3532 fine
1854 3481 2041 3531 scilicet
2067 3483 2242 3546 operis,
2281 3487 2329 3531 et
2353 3479 2473 3530 snb-
2538 3509 2544 3554 ξ

227 3554 376 3602 missa
392 3552 563 3602 Lincio
601 3557 807 3618 pecunia
844 3563 1103 3618 recreatus,
1143 3563 1257 3606 tuae
1295 3557 1388 3609 Ad.
1425 3555 1714 3607 Reverende
1750 3556 1814 3603 D.
1844 3554 1908 3602 D.
1946 3555 2148 3619 Antoni,
2184 3551 2387 3603 Praesul
2421 3554 2470 3606 in

226 3625 664 3687 Krembsmunstcr,
704 3628 1017 3690 benignitatis
1056 3636 1105 3679 et
1141 3629 1255 3680 fidei
1291 3635 1594 3693 argumento,
1634 3634 1683 3679 et
1713 3627 1922 3690 denique
1948 3626 2156 3676 induciis
2180 3627 2270 3676 fori
2295 3638 2471 3688 magno
2534 3668 2539 3677 .

228 3698 424 3761 quidem
469 3713 579 3749 meo
628 3697 792 3748 dolore
844 3702 1164 3763 interpositis,
1216 3701 1420 3753 Junium
1471 3703 1630 3752 itineri
1668 3699 2050 3749 Francofurtano
2102 3707 2150 3749 et
2188 3713 2330 3748 curae
2366 3698 2470 3762 typi
2533 3732 2536 3740 .

226 3771 351 3821 dedi.
416 3772 579 3835 Atque
616 3771 695 3820 hic
732 3785 919 3820 rursum
957 3772 1070 3821 dum
1107 3774 1371 3825 moliuntur
1409 3789 1602 3838 operae,
1645 3773 1758 3822 dum
1797 3779 2050 3822 comuntur
2086 3771 2323 3835 pagellae,
2363 3770 2470 3819 dia·
2531 3789 2534 3792 ·

225 3852 508 3908 grammata,
548 3845 760 3903 toi-mae,
799 3845 978 3894 mensis
1016 3853 1107 3908 est,
1147 3855 1194 3895 et
1231 3848 1353 3898 haec
1389 3847 1579 3898 siderea
1613 3852 1849 3907 matrona,
1887 3860 2034 3909 quam
2074 3845 2308 3896 hactenus
2332 3842 2470 3898 vultu
