2554 4140
1054 62 1061 66 '
1124 58 1392 117 Praecepta.
1931 90 1934 94 ,
2267 68 2369 118 679
2394 99 2397 102 >

112 210 391 270 excerptum
429 206 564 256 velut
601 205 855 275 eclipticae
874 221 1054 268 arcum,
1096 222 1385 258 conversum
1410 209 1543 271 prius
1568 210 1742 258 iteium
1769 212 1819 257 in
1845 215 2079 273 tempora,
2121 211 2372 261 constituit

113 292 213 328 asc.
255 278 530 342 obliquam,
571 280 663 328 iste
702 293 817 327 vero
858 279 1115 342 occiduuS,
1157 281 1373 342 ablatuS,
1416 283 1669 331 constituit
1708 282 1837 334 dese.
1879 283 2144 346 obliquam

261 351 471 401 Praec.
513 354 596 401 44.
669 351 786 400 Alia
824 355 930 401 via:
986 352 1177 415 Quaere
1214 356 1368 418 ipsius
1407 356 1576 417 puncti
1626 354 1877 419 eclipticae
1917 358 2114 406 orientis
2154 355 2403 406 declina-r

111 424 293 473 tionem
346 439 404 472 ex
442 423 613 472 tabula
666 426 807 486 eique
849 425 1002 487 junge
1052 427 1284 493 angulum
1324 428 1550 489 orientis;
1602 432 1859 492 compositi
1907 429 2198 491 logarithmo
2246 429 2372 479 adde

112 495 212 558 log.
255 496 612 557 declinationis,
654 512 892 546 asumma
929 499 1078 560 rejice
1117 500 1216 562 log.
1246 501 1329 548 alt.
1370 503 1665 561 aequatoris,
1706 503 1911 551 restabit
1935 503 2028 565 log.
2055 496 2157 550 diff.
2199 517 2373 551 ascen-

108 568 337 629 sionaliS,
380 584 505 631 quae
546 569 605 619 de
643 572 811 632 puncti
849 573 1242 634 septentrionalis
1281 587 1379 622 asc.
1418 577 1551 620 recta
1590 573 1855 623 auferenda
1894 580 1992 636 est,
2039 575 2102 624 ad
2139 575 2372 625 meridio-

112 641 272 690 nalem
311 640 565 703 addenda,
607 650 661 690 ut
699 645 1023 692 constituatur
1060 659 1159 694 asc.
1200 645 1296 694 obl.
1338 646 1572 708 quaesita.

255 713 331 761 Pr
348 729 466 763 aec.
507 716 591 764 45.
670 715 767 764 Sed
807 723 854 765 et
893 718 1052 780 ipsum
1091 724 1323 781 punctum
1363 718 1616 781 eclipticae
1657 719 1816 767 oriens
1864 734 1950 781 per
1989 720 2221 782 angulum
2261 721 2368 784 ejus

109 801 216 835 cum
255 787 508 837 horizonte
548 789 714 837 datum
754 790 835 838 vel
874 796 1086 838 sumtum
1126 797 1174 839 et
1211 806 1297 855 per
1335 805 1431 840 asc.
1474 790 1723 852 obliquam
1764 791 1928 839 datam
1973 794 2152 854 inquiri
2189 799 2368 856 potest.

252 859 347 908 Pro
386 875 484 909 asc.
527 862 728 924 obliqua
768 862 884 911 data
921 877 1057 912 sume
1095 878 1192 914 asc,
1231 871 1419 914 rectam«
1460 862 1606 912 medii
1646 864 1771 919 coeli
1819 870 1867 912 et
1905 879 2084 927 quaere
2137 872 2369 930 punctum

107 931 383 995 eclipticae,
427 934 557 997 quod
598 949 706 983 cum
747 950 807 983 ea
846 935 1034 984 coelum
1072 935 1269 998 mediat,
1310 938 1512 1000 ejusque
1553 936 1948 999 declinationem3
1999 953 2124 999 quae
2164 940 2205 987 si
2235 941 2366 1002 sept.

105 1004 312 1054 addatur
350 1006 412 1054 ad
451 1008 534 1056 alt.
576 1009 871 1081 aequatoris7
914 1011 987 1056 sin
1026 1009 1309 1070 meridiana,
1350 1010 1611 1059 auferatur.
1661 1010 1733 1058 ·A
1772 1010 1954 1059 residui
1993 1011 2073 1059 vel
2113 1014 2369 1074 compositi

105 1079 399 1140 logarithmo
440 1081 575 1129 aufer
614 1081 711 1143 log.
753 1080 922 1142 anguli
963 1083 1189 1130 orientis:
1229 1084 1432 1132 restabit
1468 1083 1566 1145 log.
1607 1098 1748 1132 arcus
1790 1083 2070 1146 eclipticae,
2112 1085 2287 1142 ortivi,
2328 1087 2369 1133 si

104 1158 339 1214 punctum
378 1153 567 1202 coelum
606 1153 827 1202 medians
866 1159 970 1202 erat
1008 1156 1055 1201 in
1096 1154 1407 1204 descendenti
1435 1157 1754 1218 semicirculo,
1796 1157 2000 1217 occidui,
2042 1158 2082 1204 si
2119 1159 2168 1204 in
2195 1171 2370 1206 ascen-

105 1224 269 1273 dente.
345 1225 436 1275 Ille
475 1228 623 1288 igitur
660 1226 854 1275 additus
896 1226 957 1275 ad
996 1234 1228 1291 punctum
1270 1229 1458 1276 coelum
1498 1228 1718 1278 medians
1766 1231 1994 1305 pertingit
2035 1229 2096 1278 ad
2133 1235 2367 1293 punctum

105 1299 290 1357 oriem,
344 1299 435 1348 iste
474 1299 668 1348 ablatus
709 1298 771 1347 ad
813 1300 1054 1349 occidens.
1133 1300 1185 1349 Si
1225 1301 1410 1350 ablatio
1449 1301 1551 1350 fieri
1591 1316 1686 1350 non
1724 1308 1914 1365 potest,
1969 1316 2064 1351 non
2103 1302 2367 1368 respondet

103 1370 245 1419 datus
283 1386 395 1434 aug.
437 1374 636 1422 orientis
677 1371 818 1422 datae
860 1388 958 1422 asc.
1003 1372 1248 1437 obliquae.
1327 1378 1581 1434 (Praecepta
1610 1382 1800 1423 46-48.
1832 1394 1870 1422 v
1902 1394 1933 1421 s
1966 1380 2044 1425 fol
2077 1382 2164 1423 546
2196 1381 2248 1438 s)

345 1500 602 1566 Speeimen
641 1503 864 1554 Tabulae
904 1505 1070 1568 anguli
1110 1506 1307 1555 orientis
1348 1505 1428 1555 vel
1465 1504 1739 1554 altitudinis
1777 1506 2111 1569 Nonagesimi.

493 1642 610 1682 Zona
639 1643 828 1684 'ron-ida.
1462 1646 1516 1687 Π.
1549 1643 1696 1688 Clima.
1742 1645 1858 1684 Zona
1889 1649 2132 1696 temperata.

205 1721 297 1762 Poli
389 1721 397 1791 1
463 1722 512 1763 1⁰
674 1723 680 1785 Ι
744 1721 794 1763 2⁰
863 1753 875 1764 .
937 1754 948 1764 .
1276 1725 1442 1767 23088.
1494 1714 1616 1789 1'240
1682 1757 1692 1766 .
1755 1756 1765 1767 .
1827 1725 1908 1765 290
2029 1722 2038 1795 Ι
2101 1726 2306 1768 Altitudo.

255 3467 321 3505 30.

134 3569 226 3607 Poli
250 3569 362 3608 botei
1466 3550 1480 3554 -
2078 3586 2283 3626 Altitud0.
