2554 4140
190 130 294 177 264
1005 106 1240 177 Epitomes
1272 118 1587 166 Astronomiae

188 273 475 321 tentrionem
516 264 656 335 23¹]2
694 269 955 332 gradibuS‚
994 269 1116 317 alter
1154 266 1354 316 totidem
1391 266 1624 329 gradibus
1662 269 1710 314 in
1747 267 1997 316 meridiem
2039 269 2159 316 infra
2197 265 2432 332 aequatoss

188 360 288 393 rem
328 343 544 404 dejectus
583 348 669 390 est.
747 341 946 390 Summa
986 344 1237 402 utriusque
1280 337 1375 385 470
1413 339 1558 387 efficit
1599 341 1918 389 variationem
1957 341 2267 389 altitudinum
2306 343 2435 391 Solis

188 415 577 472 meridianarum,
617 413 727 476 plus
760 428 906 476 quam
944 417 1191 463 semissem
1232 412 1399 474 anguli
1438 413 1570 460 recti.

339 486 444 536 Gur
469 493 638 534 autem
673 486 760 535 Sol
797 487 931 535 altus
957 494 1003 534 et
1041 488 1212 533 vertici
1233 487 1556 546 propinquus
1593 487 1756 549 mayis
1781 486 2024 547 calefacit,
2054 501 2210 547 quam
2235 486 2438 535 humilis

187 568 233 609 et
269 561 517 609 horizonti
554 560 958 623 approximans?
1012 557 1138 619 Quia
1178 563 1360 620 quanto
1399 556 1563 616 altior,
1603 563 1738 605 tanto
1776 559 1968 605 rectiori
2007 558 2143 605 radio
2181 559 2288 606 ferit
2326 559 2437 621 pla-

188 635 352 682 nitiem
380 631 604 691 Telluris,
644 639 780 680 tanto
807 634 952 694 igitur
990 632 1178 678 fortius.
1253 629 1467 676 Humilis
1506 643 1621 677 vero
1656 645 1713 677 ex
1753 630 1951 691 obliquo
1994 636 2143 677 terras
2182 630 2436 692 illuminat,

189 721 314 770 quae
351 703 615 764 irradiatio,
655 710 710 751 ut
747 704 868 752 alias
908 707 955 750 in
988 704 1176 762 ictibuS,
1219 703 1280 749 ob
1309 701 1636 749 declivitatem
1674 703 1806 750 irrita
1846 710 1892 750 et
1932 703 2188 751 imbecillis
2217 704 2433 752 efficitur.

337 777 596 842 Quomodo
634 777 985 824 deseribuntur
1022 782 1068 822 et
1105 775 1416 837 definiuntur
1454 777 1584 822 anni
1620 781 1842 836 quatuor
1868 781 2069 836 partes,
2111 790 2220 835 ver,
2263 783 2436 838 aestas,

189 857 502 910 autumnus,
554 850 748 897 hiems?
799 849 897 897 Ver
947 850 991 894 in
1042 862 1166 895 zona
1205 853 1472 908 temperata
1510 853 1584 895 est
1620 847 1741 895 illud
1781 849 2009 909 temporis
2048 850 2285 909 spatium,
2342 864 2437 911 quo

188 924 273 972 Sol
312 923 374 971 ab
414 924 722 985 aequinoctio
761 920 979 969 ascendit
1017 920 1078 967 ad
1116 919 1393 978 solstitium,
1436 927 1621 978 aestaS,
1663 935 1692 968 a
1730 920 1938 968 solstitio
1978 918 2039 966 ad
2080 922 2439 983 aequinoctium

187 996 497 1056 autumnale,
538 1002 800 1043 autumnus
841 994 903 1041 ab
944 1007 1001 1040 eo
1042 993 1104 1040 ad
1145 992 1406 1040 solstitium
1446 992 1650 1041 alterum
1688 992 1930 1052 brumale,
1972 992 2124 1041 hiems
2164 1009 2193 1067 a
2233 994 2440 1044 solstitio

172 1067 394 1118 ‘brumali
431 1067 493 1117 ad
532 1066 727 1116 vernale
766 1066 1140 1128 aequinoctium.

292 1141 473 1205 Quid
526 1140 748 1203 appellas
801 1140 889 1187 hoe
942 1139 1047 1187 loco
1102 1116 1394 1198 solstitium,
1457 1137 1581 1200 quid
1628 1136 2043 1199 aequinoctium?
2106 1136 2264 1200 Supra
2315 1137 2440 1186 libro

187 1215 400 1264 seeundo
441 1221 576 1261 erant
622 1215 748 1274 ipsa·
770 1217 978 1273 quatuor
1033 1211 1283 1273 ecliptieae
1322 1218 1504 1273 puncta
1541 1209 1830 1264 cardinalia,
1887 1209 1964 1257 hie
2012 1224 2127 1257 vero
2178 1211 2440 1259 solstitium

187 1287 428 1350 significat
469 1275 657 1348 tempus
696 1300 781 1333 seu
823 1284 925 1333 dies
964 1283 1075 1331 illos
1114 1285 1253 1343 anni,
1308 1285 1484 1345 quibus
1524 1282 1652 1330 Solis
1692 1282 1950 1330 declinatio
1998 1283 2060 1330 ab
2099 1283 2442 1345 aequinoctiali

189 1361 450 1408 consistere
488 1358 709 1419 videtur3
761 1372 848 1405 seu
886 1359 1051 1423 potius
1088 1355 1208 1404 illud
1246 1363 1569 1414 momentum,
1611 1369 1708 1418 quo
1748 1354 1876 1403 Solis
1916 1362 2128 1403 centrum
2168 1356 2445 1405 solstitialia

188 1436 368 1495 puncta
407 1431 635 1495 attingit,
672 1431 719 1477 in
762 1430 939 1492 quibus
978 1429 1186 1477 maxime
1227 1428 1437 1476 declinat
1475 1427 1682 1489 indeque
1722 1426 1782 1474 ad
1821 1434 2134 1490 aequatorem
2174 1428 2327 1477 redire
2367 1431 2443 1476 in-

189 1507 333 1567 cipit3
374 1503 737 1564 aequinoctium
781 1517 891 1549 vero
931 1501 1051 1550 illud
1090 1508 1415 1563 momentum,
1460 1515 1556 1564 qno
1597 1500 1724 1548 Solis
1765 1508 1977 1548 centrum
2019 1508 2227 1563 occupat
2264 1509 2443 1564 puncta
2515 1526 2541 1562 ,«

188 1576 585 1640 aequinoctialia,
625 1574 751 1622 diem
792 1574 1156 1624 antecedentem
1195 1575 1378 1622 faciens
1417 1572 1672 1637 aequalem
1711 1576 1842 1620 nocti
1880 1577 2113 1636 sequenti.
2142 1573 2220 1622 vel
2260 1581 2438 1623 eontra.

189 1650 364 1699 Graeci
403 1648 613 1697 solstitia
650 1648 1028 1710 significantiore
1054 1661 1190 1700 ,voce
1226 1649 1479 1695 nominant
1516 1665 1699 1709 τροπας
1736 1642 1867 1711 ἥλιε,
1921 1648 2264 1696 conversiones
2315 1650 2440 1696 enim
2517 1670 2554 1713 χι,-

182 1718 316 1771 'Solis
363 1723 410 1768 in
462 1726 708 1768 momento
760 1719 899 1768 fiunt«
973 1719 1238 1783 Appellant
1287 1726 1337 1769 et
1385 1726 1595 1782 quatuor
1642 1727 1804 1768 centra
1849 1734 1935 1768 seu
1987 1727 2193 1782 puncta,
2244 1734 2363 1770 voee
2412 1738 2439 1770 a

189 1795 381 1859 punctis
421 1793 658 1856 sphaerae
697 1792 933 1841 translata
971 1793 1033 1840 ad
1071 1799 1291 1855 tempora
1329 1794 1442 1841 anni
1479 1793 1849 1855 respondentia3
1897 1791 2138 1842 Hebraeis
2186 1799 2297 1841 sunt
2335 1793 2443 1843 the·

189 1868 392 1932 euphae.
468 1866 632 1914 Latini
669 1867 906 1915 sermonis
946 1865 1295 1914 consuetudine
1342 1865 1605 1914 solstitium
1643 1866 1797 1914 altum
1836 1865 2144 1928 intelligitur,
2194 1881 2301 1914 eum
2340 1866 2443 1914 sol·
2503 1863 2539 1901 5

187 1943 374 1990 stitium
410 1941 715 1999 nominatum
755 1937 937 1986 humile
962 1952 1080 1987 vero
1118 1939 1290 1987 bruma
1316 1938 1503 1987 dicitur.
1581 1937 1757 1987 Graeci
1796 1940 2162 1987 conversionem
2200 1940 2440 1988 aestivam
2530 1935 2533 1941 ”

187 2014 268 2064 vel
307 2013 558 2062 hibernam
596 2012 755 2061 dicere
793 2012 993 2060 solent.-

344 2086 554 2135 Videtur
589 2100 696 2134 non
719 2091 847 2133 recte
883 2084 1090 2147 definita
1116 2090 1276 2132 aestas
1286 2101 1305 2144 ,-
1344 2098 1468 2132 nam
1506 2087 1550 2132 si
1576 2083 1705 2133 Solis
1743 2083 1959 2132 altitudo
1996 2090 2190 2132 aestum
2213 2084 2442 2146 intendit,
2499 2078 2536 2146 ’Δ

189 2174 281 2208 eur
317 2174 424 2208 non.
463 2175 496 2207 a
532 2158 696 2206 medio
741 2158 902 2206 Tauri
933 2172 1030 2218 per
1070 2157 1326 2206 Cancrum
1377 2171 1533 2218 usque
1584 2157 1652 2205 ad
1688 2156 1909 2204 medium
1948 2155 2130 2205 Leonis
2181 2157 2444 2219 quadrans,
2493 2166 2503 2210 ¹,

192 2235 408 2281 aestivus
436 2237 766 2290 numeratur,
805 2236 867 2278 ut
902 2232 1132 2278 maxima
1172 2229 1300 2278 Solis
1338 2230 1553 2279 altitudo
1589 2235 1634 2277 et
1671 2232 1739 2277 sie
1764 2231 2021 2278 maximus
2059 2236 2225 2278 aestus
2258 2233 2315 2278 in
2337 2232 2443 2290 ejm
2518 2235 2548 2286 μ’,

190 2303 352 2354 medio
389 2307 478 2365 sit,
524 2304 646 2366 fines
697 2303 1001 2365 quadrantis
1047 2303 1287 2364 utrinque
1332 2301 1551 2355 habeant
1587 2303 1850 2364 aequalem
1902 2301 2032 2351 Solis
2085 2302 2441 2352 altitudinem?

190 2377 300 2426 Non
351 2378 486 2425 solae
538 2390 716 2425 causae
765 2375 1000 2424 coelestes
1053 2374 1266 2423 efficiunt
1317 2376 1532 2422 aestivos
1569 2389 1760 2424 menses
1809 2373 1992 2424 calidos
2032 2390 2062 2423 a
2107 2372 2148 2401 ¹
2132 2373 2231 2442 '.l22
2305 2374 2442 2424 Junii
2507 2361 2550 2390 ''

191 2452 241 2497 in
289 2446 413 2516 ¹³72?
455 2449 783 2511 Septembris,
837 2447 923 2497 sed
974 2447 1235 2510 plurimum
1281 2447 1361 2495 hic
1406 2453 1568 2509 potest
1614 2439 1844 2497 materiae
1898 2447 2114 2505 tarditas.
2187 2448 2313 2496 Nam
2352 2450 2442 2497 etsi
2476 2451 2478 2453 ’
2507 2446 2554 2512 ³²..¹

193 2522 279 2571 Sol
318 2537 474 2585 aeque
513 2521 643 2570 altus
682 2528 755 2570 est
794 2523 841 2568 in
879 2520 1040 2569 medio
1080 2520 1229 2568 Tauri
1268 2527 1316 2568 et
1366 2522 1415 2567 in
1453 2519 1613 2569 medio
1654 2519 1860 2580 Leonis,
1912 2528 1965 2569 at.
2014 2536 2228 2570 crassum
2265 2521 2440 2571 'lei-rae
2508 2518 2554 2580 sti·

195 2610 369 2659 eorpus
409 2595 602 2644 demum
641 2595 811 2657 incipit
850 2593 1088 2657 calefieri,
1127 2592 1243 2641 Sole
1283 2595 1329 2639 in
1368 2592 1530 2640 Tauro
1570 2600 1810 2642 versante.
1883 2593 1952 2642 At
1987 2597 2036 2641 iu
2075 2594 2287 2643 Leonem
2328 2593 2440 2643 Sole
2505 2605 2554 2650 ,μί

191 2665 531 2732 transgress0,
569 2667 701 2716 calor
745 2668 848 2729 jam
888 2673 984 2715 tres
1021 2676 1213 2714 menses
1254 2665 1469 2727 duravit,
1523 2671 1571 2714 et
1609 2665 1786 2714 Terrae
1831 2666 1933 2727 jam
1971 2673 2117 2716 antea
2152 2667 2441 2717 fervefactae
2475 2674 2511 2705 *ι

195 2756 354 2791 novus
394 2740 611 2804 quotidie
651 2740 785 2789 calor
822 2740 1201 2802 superingeritur
1228 2738 1512 2800 caloresque
1548 2738 1802 2786 haerentes
1827 2739 2128 2802 aliquamdiu
2167 2741 2214 2786 in
2238 2741 2442 2790 materia

194 2814 575 2863 accumulantur.
650 2813 790 2862 Hace
827 2814 975 2861 etiam
1015 2827 1164 2860 eausa
1191 2818 1278 2871 est,
1319 2826 1402 2860 eur
1441 2811 1543 2859 dies
1568 2811 1828 2860 ferventior
1865 2813 1925 2860 sit
1950 2811 2137 2861 duabus
2176 2813 2307 2861 horis
2332 2819 2441 2876 post

195 2887 468 2946 meridiem,
525 2902 672 2949 quam
710 2888 819 2948 ipsa
856 2885 978 2933 hora
1015 2883 1296 2933 meridiana.
1372 2884 1450 2932 De
1487 2884 1646 2931 hieme
1681 2883 1918 2945 judicium
1957 2886 2084 2934 idem
2111 2882 2240 2934 esto.
2316 2886 2439 2935 Nam

195 2962 285 3008 etsi
316 2959 609 3022 quadrantes
637 2958 931 3008 autumnalis
959 2964 1006 3005 et
1030 2957 1252 3007 hiemalis
1278 2956 1552 3004 humilitate
1571 2955 1698 3004 Solis
1718 2957 1946 3018 aequales
1973 2965 2106 3006 sunt:
2135 2973 2220 3022 per
2246 2965 2439 3006 autum-

192 3040 507 3081 num.tamen
547 3033 679 3082 calor
717 3040 792 3081 est
828 3031 1023 3094 aliquis,
1063 3030 1230 3079 hieme
1262 3043 1446 3078 merum
1483 3029 1660 3090 frigus,
1701 3030 1831 3090 quia,
1871 3029 1985 3078 Sole
2024 3038 2134 3094 post
2172 3033 2439 3093 aequinoc-

194 3107 316 3153 tium
351 3105 605 3173 ,paulatim
653 3104 931 3154 discedente
979 3119 1009 3152 a
1053 3110 1218 3151 nostro
1269 3102 1654 3164 hemisphaerio,
1706 3101 1881 3161 Terra,
1934 3102 2107 3152 caloris
2158 3103 2438 3165 aliquidex

195 3184 383 3226 aestate
422 3180 655 3239 retinens,
701 3183 918 3240 tempore
958 3191 1080 3239 opus
1118 3175 1291 3236 habet,
1333 3181 1386 3224 ut
1422 3175 1750 3237 refrigeretur,
1803 3173 1962 3223 hieme
2001 3191 2115 3224 vero
2155 3177 2304 3225 Terra
2334 3176 2436 3238 jam
2487 3212 2498 3246 3
2532 3170 2554 3229 J

168 3253 315 3299 'satis
368 3251 620 3311 frigefaeta
662 3251 956 3312 nivibusque
1006 3255 1054 3298 et
1101 3248 1278 3311 glaciei
1327 3251 1499 3297 crustis
1552 3248 1746 3296 obtecta
1796 3261 1893 3294 non
1941 3249 2010 3295 ita
2047 3249 2254 3302 facilea
2290 3249 2436 3298 radiis

195 3323 323 3371 Solis
373 3322 568 3382 nudari,
619 3323 879 3372 refocillari
928 3328 976 3370 et
1029 3322 1239 3371 calefieri
1275 3314 1458 3384 potest,
1510 3322 1601 3368 etsi
1640 3319 1725 3369 Sol
1774 3334 1881 3368 sese
1919 3320 2153 3382 paulatim
2192 3338 2221 3370 a
2257 3328 2434 3384 puncto

197 3395 447 3458 ecliptieae
485 3394 754 3443 humillimo
793 3411 878 3458 per
919 3395 1115 3444 eosdem
1153 3395 1332 3457 gradus
1370 3392 1666 3452 altitudinis,
1714 3406 1836 3454 quos
1874 3392 2047 3441 habuit
2083 3397 2131 3441 in
2169 3394 2432 3443 autumnali
2466 3413 2471 3418 ·

197 3467 482 3531 quadrante,
523 3466 749 3516 sustollit
826 3468 977 3516 Recte
1017 3470 1181 3530 itaque
1219 3469 1406 3516 faciunt
1442 3467 1718 3525 astronomi,
1760 3465 1890 3526 quod
1928 3471 2168 3536 tempora,
2208 3482 2239 3515 a
2276 3467 2434 3530 quali·

195 3541 378 3590 tatibus
407 3539 731 3599 denominata,
771 3541 993 3602 redigunt
1009 3533 1154 3589 5nt1·a
1191 3547 1345 3589 metas
1383 3539 1703 3602 quadrantum
1741 3537 2071 3602 cardinalium,
2111 3555 2204 3589 non
2231 3547 2435 3605 puncto·
2492 3554 2518 3583 .·

195 3629 300 3663 rum
336 3611 740 3662 intermediorum.

345 3687 487 3750 Quae
522 3691 590 3732 est
639 3699 887 3733 zonarum
939 3688 1161 3747 quinque
1210 3687 1522 3754 comparatio
1558 3698 1671 3732 eum
1711 3689 1931 3746 quatuor
1968 3689 2096 3733 anni
2144 3686 2431 3770 tempestati·
2450 3690 2452 3693 ’

198 3752 333 3808 bus?
408 3757 611 3807 Torrida
665 3757 924 3822 respondet
979 3761 1182 3818 aestati,
1250 3757 1425 3822 frigida·
1477 3757 1655 3819 hiemi,
1722 3762 1989 3821 temperata
2050 3773 2165 3809 vero
2229 3760 2330 3807 veri
2386 3762 2433 3807 et

199 3837 448 3881 autumno.
1911 3853 1915 3858 ·
