2554 4140
183 131 187 133 *
243 146 346 193 402
1069 135 1305 193 Epitomes
1335 135 1655 208 Astronomiae

242 285 515 348 inaequalis
580 282 915 334 crassitudinis
967 290 1255 346 utrumque,
1324 283 1502 346 quibus
1560 293 1737 333 nomen
1795 281 2032 333 dederunt
2087 281 2504 334 deferentium

434 372 474 409 s,
2502 391 2508 397 .

245 374 568 494 augeQuare
615 432 678 478 iis
724 430 974 479 utendum
1010 444 1118 480 non
1157 428 1356 478 censes?
1410 426 1541 490 Quia
1577 429 1735 491 magis
1774 427 1839 478 ad
1875 428 2108 492 physicas
2144 429 2360 478 rationes
2397 442 2508 477 mo·

172 540 182 545 -
243 511 378 551 tuum
431 504 771 566 imaginationi
825 502 1157 566 subjiciendas
1213 503 1482 565 comparati
1537 500 1756 563 fuerunt,
1817 516 1966 564 quam
2021 500 2085 550 ad
2142 502 2508 551 astronomicas.

244 577 418 639 Itaque
459 591 626 626 eorum
667 578 984 639 usurpatione
1023 574 1358 624 stabilirentur
1397 573 1512 623 illae
1549 573 1785 639 physicae
1825 576 2081 637 opiniones
2117 573 2273 623 falsae
2303 573 2363 624 de
2389 573 2508 622 soli-

246 650 397 699 ditate
436 651 653 711 orbium,
694 651 911 699 vicissim
951 650 1327 698 obscurarentur
1364 648 1424 696 iis
1461 649 1733 697 sententiae
1776 662 1918 697 verae
1959 646 2020 696 de
2058 648 2220 696 causis
2257 647 2382 696 libro
2420 645 2510 695 IV.

245 722 588 772 demonstratis
627 722 800 772 harum
839 722 1248 784 inaequalitatum
1286 734 1557 783 earumque
1591 722 1989 783 transpositionis
2027 720 2350 769 tardissimas.

393 795 531 860 Quid
567 811 684 859 erqo
722 803 780 846 tu
817 796 893 844 his
930 795 1092 843 tribus
1130 800 1363 844 veterum
1400 794 1606 844 orbibus
1637 794 1897 842 substituis
1919 793 1992 842 ad
2013 793 2353 854 subjiciendas
2373 794 2511 840 ima-

242 866 496 931 9inationi
541 872 767 919 rationes
817 867 1220 918 astronomicas?
1280 864 1494 929 Sufficit,
1549 873 1604 915 ut
1652 866 1776 916 duas
1827 865 1986 916 liueas
2031 873 2190 916 rectas
2238 881 2300 916 ex
2346 870 2511 915 centro

244 941 371 991 Solis
411 936 692 1002 educamus,
733 941 939 990 alteram
977 955 1064 1003 per
1101 942 1347 990 sectiones
1387 940 1575 989 orbitae
1600 938 1830 1002 planetae
1857 953 1968 988 cum
1994 938 2236 1002 ecliptica,
2273 938 2512 1001 reliquam

244 1029 330 1078 per
367 1021 584 1065 centrum
625 1016 812 1064 orbitae
850 1013 1082 1077 planetae
1118 1014 1384 1077 proprium,
1424 1020 1681 1075 utramque
1722 1013 1948 1075 utrinque
1985 1025 2140 1075 usque
2167 1013 2260 1062 sub
2287 1011 2424 1071 fixas,
2463 1017 2512 1061 et

246 1087 377 1137 illius
431 1095 614 1137 motum
663 1088 755 1136 sub
796 1087 1022 1149 ecliptica
1060 1089 1109 1135 in
1149 1085 1493 1137 antecedentia
1530 1088 1699 1149 signa,
1753 1085 1900 1148 hujus
1938 1085 2034 1135 sub
2073 1084 2286 1147 circulo,
2341 1086 2424 1147 qni
2462 1085 2511 1132 in

245 1160 455 1233 sphaera
494 1161 698 1210 fixarum
735 1165 981 1223 superstat
1021 1160 1230 1220 orbitae,
1283 1166 1473 1209 motum
1510 1160 1559 1208 in
1598 1159 1953 1222 consequentia
1987 1157 2279 1218 doceamus,
2325 1171 2512 1221 aequa·-

246 1228 534 1283 bilissimum
573 1239 849 1296 utrumque,
887 1232 1028 1282 illum
1065 1234 1128 1282 ab
1169 1231 1522 1296 aequinoctiali
1559 1238 1745 1296 puncto
1782 1231 1974 1294 medio,
2025 1232 2155 1282 hunc
2193 1247 2224 1282 a
2261 1230 2391 1281 linea
2427 1229 2512 1280 illa

246 1308 655 1356 intersectionum.
732 1307 838 1356 Nisi
887 1306 969 1356 hic
1019 1306 1362 1370 excipiendum
1406 1306 1553 1355 fuerit
1591 1304 1781 1368 aliquid
1818 1305 1946 1354 libro
1985 1304 2101 1354 VII.
2140 1319 2200 1354 ex
2238 1318 2300 1354 eo
2333 1302 2514 1354 funda·-

246 1386 431 1441 ment0,
486 1380 619 1442 quod
666 1381 813 1429 etiam
866 1380 1095 1462 ecliptica
1143 1379 1366 1429 luxatilis
1418 1388 1520 1440 est,
1574 1393 1665 1429 nec
1714 1393 1909 1443 semper
1953 1393 2041 1444 per
2077 1377 2277 1428 easdem
2316 1378 2512 1428 omnino

246 1453 368 1502 fixas
408 1452 637 1501 tenditur.

389 1525 728 1588 separatione
776 1525 872 1574 hae
911 1525 1080 1588 faeta,
1133 1525 1261 1588 quid
1302 1530 1535 1574 remanet
1581 1526 1946 1586 imayinationi
1991 1530 2197 1574 nostrae
2241 1523 2302 1572 de
2344 1522 2514 1586 tipum

243 1601 439 1647 itineris
472 1597 755 1660 planetae?
800 1597 1042 1648 Remanet
1080 1599 1243 1647 orbita
1277 1598 1494 1662 perfecte
1531 1595 1763 1660 elliptica,
1802 1596 1953 1661 plano
1977 1611 2109 1647 mero
2134 1595 2513 1661 regularissimi»,

245 1672 308 1722 ad
357 1671 613 1735 eclipticae
660 1671 862 1735 planum
913 1672 1255 1722 constantibus
1308 1670 1503 1735 augulis
1554 1670 1814 1733 inclinato,
1867 1685 1898 1721 a
1937 1685 2037 1735 quo
2075 1670 2332 1734 eclipticae
2368 1668 2550 1735 plano*

247 1746 371 1795 haec
411 1745 571 1794 orbita
608 1749 804 1795 secatur
841 1744 972 1794 linea
1008 1759 1094 1809 per
1132 1750 1351 1795 centrum
1390 1745 1607 1808 corporis
1640 1743 1830 1794 Solaria
1878 1743 2051 1806 ducta,
2107 1750 2163 1794 ut
2206 1743 2292 1794 sol.
2333 1744 2437 1792 882
2471 1742 2515 1805 qi

246 1819 368 1867 libro
395 1817 485 1867 IV.
517 1819 856 1881 praemissum.
919 1817 978 1866 Iu
1008 1818 1110 1869 hac
1149 1819 1310 1869 orbita
1347 1817 1551 1882 planeta
1587 1817 1783 1868 vehitur
1821 1817 2073 1881 inaequali
2108 1831 2195 1881 per
2229 1821 2396 1880 partes
2433 1829 2516 1880 οη
2545 1859 2547 1861 ,

245 1892 452 1952 leritate‚
492 1893 764 1940 restituitur
802 1904 921 1941 vero
958 1890 1023 1940 ad
1057 1884 1306 1942 ‘sectiones
1346 1891 1570 1954 adeoque
1609 1892 1758 1940 etiam
1796 1889 1862 1940 ad
1899 1889 2282 1955 aequinoctialia
2317 1894 2512 1953 puncta,

246 1967 362 2027 quin
403 1965 551 2014 etiam
586 1964 651 2015 ad
688 1965 814 2014 fixas
851 1964 1013 2028 adque
1051 1963 1230 2015 lineam
1269 1979 1357 2030 per
1395 1971 1563 2015 centra
1598 1963 1962 2028 aequalissimis
1997 1955 2276 2029 temporum*
2296 1960 2512 2027 periodi·-

250 2052 417 2087 corum
452 2040 707 2099 mensuris,
748 2044 988 2100 quantum
1028 2040 1077 2085 iu
1113 2053 1182 2088 se.
2459 2058 2509 2084 ’,ι
2539 2066 2542 2071 -

395 2110 601 2159 Nihilne
641 2117 818 2173 peccat
866 2111 988 2159 haec
1034 2114 1343 2175 imayinatio
1379 2113 1438 2159 in
1475 2124 1660 2159 causas
1696 2117 1743 2159 et
1779 2124 2049 2159 mensuras
2082 2116 2317 2160 motuum
2354 2110 2514 2159 unius

244 2184 442 2246 periodi
478 2183 747 2247 physicas?
783 2183 918 2232 Nihil
954 2184 1167 2247 penitus,
1205 2183 1470 2234 dummodo
1498 2183 1735 2233 memoria
1762 2190 2031 2244 teneamus,
2071 2198 2146 2245 ea,
2185 2197 2317 2247 quae
2340 2198 2374 2232 a
2394 2181 2513 2232 reali

250 2257 542 2320 implexione
589 2263 638 2306 et
687 2259 992 2307 connexione
1042 2257 1275 2321 plurium
1305 2258 1574 2307 orbitarum
1611 2262 1729 2306 sunt
1763 2256 1934 2307 ablata
1969 2269 2082 2320 per
2078 2256 2250 2307 dictas
2287 2255 2411 2305 duas
2450 2254 2529 2310 ii-o,

247 2345 383 2392 neas,
422 2329 625 2394 physice
662 2344 759 2379 non
797 2344 885 2393 per
921 2329 1034 2380 illas
1074 2333 1222 2398 ipsas,
1262 2331 1350 2383 sed
1388 2344 1475 2395 per
1510 2329 1883 2381 inclinationem
1917 2329 2147 2380 fibrarum
2173 2328 2380 2380 realium
2404 2328 2513 2379 corut

249 2405 383 2467 poris
419 2403 680 2466 planetarii
716 2405 972 2467 praestari.
2074 2422 2080 2430 ·
2452 2403 2511 2449 a).

400 2476 512 2540 Quo
558 2492 677 2538 yure
727 2477 861 2525 hane
909 2492 1108 2540 quoque
1143 2484 1346 2540 partem
1379 2477 1511 2541 facis
1552 2475 1936 2539 Copemicanae
1972 2479 2347 2541 astronomiae,
2387 2482 2512 2537 oum

233 2557 423 2599 ¹tamen
459 2552 503 2598 is
540 2556 722 2599 auctor
758 2553 1007 2599 manserit
1041 2553 1099 2599 in
1135 2553 1386 2599 sententia
1426 2557 1652 2599 veterum
1689 2549 1751 2598 de
1783 2550 2020 2614 perfectis
2043 2549 2283 2599 circulis?
2320 2548 2510 2610 Fatoon

249 2624 451 2672 formam
501 2622 629 2672 hanc
679 2622 1030 2687 hypothesium
1081 2638 1180 2673 non
1232 2638 1340 2674 esse
1381 2623 1787 2688 Copernicanam.
1863 2625 1933 2672 At
1984 2623 2102 2687 quia
2151 2636 2265 2687 pars
2312 2618 2513 2678 ἱεῖς-,ιὰ

252 2698 519 2746 eccentrico
571 2697 724 2745 servit
773 2696 1038 2761 hypothesi
1093 2697 1384 2759 universali,
1438 2712 1568 2761 quae
1615 2702 1751 2747 motu
1791 2695 2006 2747 Telluris
2053 2709 2220 2746 annuo
2269 2701 2319 2746 et
2355 2695 2513 2759 quida

250 2770 380 2819 Solis
427 2771 598 2831 utitur,
650 2768 706 2818 fit
754 2770 904 2833 igitur
941 2785 973 2820 a
1006 2772 1187 2834 potiori
1227 2770 1578 2821 denominatio.
1656 2769 1800 2819 Addo
1839 2769 1974 2834 quod
2009 2770 2106 2820 ista
2141 2766 2517 2834 particuloehyv

249 2842 512 2906 potheseos
551 2844 842 2892 necessariis
879 2846 1181 2908 argumentis
1217 2844 1439 2910 physicis
1477 2859 1537 2894 ex
1576 2843 1665 2895 illa
1702 2845 1868 2908 quiete
1905 2842 2040 2894 Solis
2075 2849 2128 2893 et
2161 2849 2298 2892 motu
2321 2841 2510 2901 Tarba,

251 2915 559 2979 dogmatibus
599 2915 973 2980 Copernicanis‚
1027 2920 1265 2977 nectitur,
1312 2919 1481 2982 itaque
1520 2918 1654 2968 bono
1691 2915 1838 2968 titulo
1877 2918 2029 2968 etiam
2066 2917 2191 2968 haec
2228 2914 2292 2966 ad
2332 2915 2511 2980 Caput·

252 2991 413 3039 nicum
450 2989 614 3039 referri
653 2996 879 3052 possunt.
2442 2999 2503 3031 »ue
2551 3020 2554 3022 -

401 3063 516 3125 Qua
553 3063 781 3113 methodo
818 3062 1170 3123 inemendatis,
1210 3069 1273 3112 ut
1293 3063 1682 3126 demonstretur,
1721 3078 1783 3114 ea:
1805 3065 1973 3114 camis
1990 3063 2225 3127 physicis,
2260 3061 2394 3111 libro
2415 3056 2507 3109 Mt
2550 3054 2554 3094 ἵ

251 3135 506 3196 stabilitis,
547 3139 677 3185 oriri
713 3137 874 3185 talem*
900 3137 1124 3200 liqut-am
1164 3138 1359 3187 orbitae
1396 3144 1698 3201 tantamque
1729 3152 1827 3200 per
1862 3143 2035 3200 partes
2070 3138 2178 3197 ejus
2214 3136 2509 3185 celmutc-
2547 3136 2554 3185 ³

248 3207 521 3268 planetae?
548 3204 551 3205 ⁷
575 3209 915 3273 Incipiendum
960 3210 1106 3260 nobis
1144 3216 1223 3260 est
1258 3211 1322 3261 ab
1361 3225 1563 3261 accessu
1598 3216 1648 3261 et
1685 3225 1882 3262 recessu
1918 3210 2151 3274 planetae
2189 3225 2223 3260 a
2257 3207 2374 3260 Sole
2409 3205 2506 3271 pri-
2544 3209 2554 3246 i

253 3293 480 3342 mumque
529 3283 873 3334 constituenda
926 3290 1002 3332 est
1050 3297 1280 3334 mensura
1325 3287 1626 3348 geometrica
1672 3283 1972 3337 fortitudinis
2009 3283 2212 3345 virium,
2263 3294 2393 3346 quae
2422 3277 2551 3331 wi

252 3353 424 3399 seritur
461 3354 511 3399 in
544 3354 791 3416 planetam
830 3356 1106 3406 librandum
1144 3359 1192 3406 in
1233 3358 1456 3421 quolibet
1493 3360 1593 3407 situ
1629 3356 1876 3407 fibrarum.
1951 3356 2177 3406 Secundo
2214 3349 2506 3419 expeffieuh
2540 3397 2546 3425 ¹

253 3429 327 3473 est
365 3426 511 3472 etiam
549 3441 777 3478 mensura
814 3431 1112 3492 geometrica
1150 3431 1499 3495 compendiosa
1531 3431 1733 3480 effectus
1755 3431 2062 3480 attractionis
2089 3428 2171 3479 vel
2198 3426 2504 3492 expulsionis,
2538 3429 2544 3473 Ἴ

254 3499 338 3559 qui
390 3502 494 3545 toto
546 3499 712 3561 aliquo
765 3517 880 3551 arcu
928 3503 1116 3554 orbitae
1155 3517 1242 3567 per
1278 3506 1444 3553 omnia
1479 3505 1658 3554 virium
1696 3506 1996 3553 incrementa
2033 3503 2125 3551 suit
2162 3495 2504 3552 accumulat&-
2535 3504 2542 3567 ρ

251 3569 417 3619 Tertio
457 3568 885 3623 demonstrandum
913 3582 1002 3638 est,
1045 3592 1104 3626 ex
1123 3577 1211 3626 tali
1250 3576 1527 3638 libratione,
1567 3579 1694 3627 inter
1729 3574 2127 3625 circumeundum
2150 3580 2365 3639 peracta,
2402 3570 2539 3635 odrij

254 3641 458 3706 figuram
494 3642 682 3692 orbitae
721 3645 1000 3709 ellipticam
1069 3649 1257 3711 Quarto
1298 3649 1652 3700 ostendendum
1692 3656 1781 3710 est,
1819 3648 2020 3712 planum
2059 3649 2248 3712 ellipsis
2285 3644 2554 3709 exhibere}-

253 3729 504 3764 mensuras
541 3719 773 3778 temporis
811 3725 860 3766 et
896 3734 1156 3784 morarum,
1197 3738 1321 3786 quas
1358 3723 1560 3787 planeta
1597 3723 1840 3772 consumit
1866 3724 1916 3770 in
1942 3722 2165 3786 quolibet
2189 3734 2304 3770 arcu
2326 3714 2535 3782 figw'u

252 3803 371 3838 suae
421 3787 680 3851 ellipticae
770 3788 952 3851 Quinto
1003 3794 1222 3844 docenda
1270 3802 1343 3846 est
1391 3795 1776 3859 aequipollentia
1826 3796 1952 3846 inter
1998 3795 2200 3859 planum
2247 3791 2502 3842 circuli-'ret

252 3861 451 3923 planum
501 3860 712 3924 ellipsiS,
769 3862 932 3925 quoad
983 3864 1108 3914 hanc
1162 3870 1395 3932 temporis
1442 3869 1870 3920 mensurationem.
1950 3865 2136 3919 Ultimo
2173 3866 2383 3929 denique
2421 3861 2502 3910 do-
