2554 4140
846 103 987 150 Liber
1017 102 1212 149 Tertius.
1273 103 1386 149 Pars
1417 103 1581 150 Prima.
2240 109 2344 158 215

79 258 300 302 servator
338 253 633 301 constitutus
674 255 723 300 et
761 265 871 300 oum
908 250 1162 301 horizonte
1200 265 1289 300 suo
1331 251 1513 300 visibili
1551 265 1830 313 conversus,
1873 252 2064 302 coelum
2103 259 2152 302 et
2187 253 2351 304 sidera

79 328 126 373 ln
182 341 240 374 eo
288 324 557 373 immobilia
609 329 749 386 putet
798 325 1038 388 vertigine
1090 330 1311 387 correpta
1363 325 1492 374 circa
1529 323 1731 373 limbum
1773 332 2043 375 extremum
2082 326 2349 374 horizontis

80 398 287 447 visibilis
325 398 573 445 circumire
600 397 891 459 interimque
929 403 1034 447 toto
1061 399 1266 447 circuitu
1304 413 1335 447 a
1358 398 1558 454 vertice,
1599 404 1770 459 utpote
1795 400 1843 445 in
1871 413 1968 461 quo
2009 399 2153 462 polus
2179 399 2348 449 mundi

78 477 165 531 est,
204 469 473 532 aequaliter
510 483 700 532 semper
738 469 932 530 distare,
974 472 1045 518 sic
1082 477 1137 518 ut
1161 468 1307 520 stella
1344 469 1482 520 nulla
1518 471 1567 516 in
1593 469 1742 532 plaga
1777 461 1863 518 fiat
1889 471 2035 519 altior
2057 472 2154 524 .vel
2182 472 2347 519 humi-

76 544 170 592 lior
205 557 259 592 se
287 544 409 605 ipsa.
483 542 526 591 E
551 547 721 609 contra
760 557 927 591 omnes
954 543 1130 605 reliqui
1169 542 1390 592 visibiles
1417 542 1696 591 horizontes
1737 544 1785 588 in
1813 544 2070 606 superficie
2107 545 2348 608 sphaerae

79 629 344 677 eorumque
382 620 571 675 centra,
613 613 743 665 oculi
781 623 1125 677 spectatorum,
1165 622 1280 666 sunt
1317 617 1446 664 circa
1482 629 1625 665 axem
1663 615 1876 663 Telluris
1914 616 2123 664 mobiles
2161 619 2348 666 incir-

79 688 203 737 culis
242 687 422 736 Terrae
460 688 648 750 parviS‚
698 690 890 750 magnis
929 688 1010 738 vel
1047 690 1275 750 maxime,
1314 695 1458 751 prout
1495 687 1607 738 loca
1645 702 1817 750 parum
1858 687 1938 737 vel
1975 690 2132 751 magis
2171 691 2233 740 ab
2272 690 2350 740 al-

76 766 257 813 terutro
293 760 532 823 polorum,
574 759 653 810 vel
691 760 961 823 aequaliter
1000 761 1062 810 ab
1091 768 1296 824 utroque
1336 761 1611 811 distiterint.
1690 760 1936 810 Locorum
1974 767 2140 810 autem
2167 762 2347 812 Terrae

76 837 476 884 circumactorum
529 835 734 882 vertices
783 835 932 883 etiam
982 834 1074 900 sub
1123 834 1363 883 immobili
1414 834 1620 884 fixarum
1670 834 1882 896 sphaera
1939 836 2347 896 circumaguntur,

74 907 374 969 desertisque
413 905 584 967 stellis,
625 921 711 969 per
751 921 875 969 quas
912 907 1253 967 transiverant,
1293 909 1497 957 veniunt
1534 908 1583 953 in
1621 907 1791 956 stellas
1831 906 1972 968 aliae,
2013 907 2124 955 aliis
2164 922 2347 970 appro—

71 982 324 1043 pinquant,
364 981 584 1028 cominus
620 979 703 1028 vel
741 980 930 1034 eminus
966 985 1346 1042 praetereuntes.
1427 979 1588 1042 Quare
1627 994 1714 1042 per
1751 994 1824 1039 ea,
1867 995 1994 1042 quae
2033 981 2189 1042 primo
2216 980 2341 1028 libro

75 1059 189 1101 sunt
243 1067 304 1100 ex
343 1054 520 1115 optieis
556 1052 734 1107 allata,
791 1051 964 1100 stellae
1009 1054 1144 1114 ipsae
1185 1067 1313 1103 nunc
1352 1054 1400 1099 in
1439 1054 1671 1102 verticem
1711 1052 1949 1113 incidere,
2000 1066 2130 1100 nunc
2168 1068 2197 1101 a
2238 1067 2350 1101 ver-

76 1127 169 1175 tice
207 1124 418 1174 defluere
451 1139 738 1187 rursumque
791 1123 948 1174 eidem
991 1126 1386 1189 appropinquare
1438 1125 1759 1188 videbuntur3
1809 1131 1857 1174 et
1906 1140 1994 1189 per
2046 1139 2349 1188 consequens

73 1200 224 1247 etiam
261 1199 325 1247 ab
363 1198 615 1247 horizonte
653 1194 881 1246 rationali
930 1197 1130 1263 (quippe
1182 1200 1267 1262 qui
1306 1197 1521 1261 undique
1559 1198 1832 1262 quadrante
1873 1205 1921 1247 et
1969 1199 2040 1247 sic
2080 1197 2352 1261 aequaliter

75 1272 216 1320 abest
240 1286 272 1320 a
294 1268 496 1336 vertice)
534 1273 693 1319 minus
728 1272 951 1333 magisve
977 1270 1172 1332 distare,
1213 1271 1307 1320 hoe
1346 1277 1420 1321 est
1445 1271 1731 1322 humiliores
1758 1271 2023 1321 altioresve
2047 1271 2150 1319 fieri
2179 1286 2351 1320 cense-

76 1345 270 1394 buntur.
349 1345 512 1407 Atque
548 1343 644 1393 hoc
683 1345 1002 1393 communiter
1040 1346 1206 1395 evenit
1246 1350 1343 1394 tam
1383 1344 1606 1408 sphaeris
1646 1345 1860 1408 obliquis
1897 1347 2152 1407 utriusque
2192 1344 2352 1393 hemi-

76 1417 305 1482 sphaerii,
345 1431 494 1479 quam
532 1417 769 1480 sphaerae
807 1422 984 1478 rectae,
1025 1419 1238 1466 omnium
1276 1416 1483 1468 mediae.

219 1492 266 1538 2.
306 1490 536 1539 Edissere
563 1491 858 1538 varietatem
882 1491 1177 1553 playarum,
1216 1493 1274 1540 in
1299 1506 1428 1553 quas
1453 1490 1690 1540 videntur
1714 1493 1788 1538 ire
1810 1490 1992 1539 sidera.
2036 1489 2159 1539 Cum
2186 1490 2345 1538 omni-

76 1565 166 1613 bus
193 1565 388 1612 omnino
407 1563 702 1623 hominibuS,
729 1564 835 1613 sive
857 1564 906 1610 in
933 1560 1262 1627 septentrione
1283 1565 1607 1624 versantibus,
1636 1565 1809 1612 sivein
1836 1570 2018 1625 austro,
2049 1562 2217 1612 dextra
2237 1578 2344 1611 ma-

4 1654 6 1666 *
75 1652 167 1685 nus
194 1635 366 1685 eadem
389 1642 639 1699 reputetur
665 1641 713 1685 et
731 1637 927 1685 sinistra
952 1637 1137 1698 eadem,
1168 1636 1254 1686 illa
1274 1637 1474 1697 scilicet,
1506 1651 1673 1686 versus
1702 1652 1848 1699 quam
1875 1638 1998 1686 situs
2017 1635 2176 1685 cordis
2199 1650 2343 1698 spec-

4 1733 7 1772 ;
76 1716 164 1771 tat,
205 1709 332 1759 uude
357 1711 565 1770 sinistra,
604 1710 787 1773 quippe
826 1709 1091 1761 cohaerens
1124 1711 1329 1775 propius
1354 1710 1475 1763 fonti
1502 1716 1662 1758 motus
1702 1713 1802 1774 (cui
1826 1711 1966 1773 quies
1995 1705 2254 1775 competit)
2298 1714 2344 1757 et

5 1806 7 1849 χ
75 1785 148 1832 sic
185 1779 328 1846 quasi
354 1784 402 1831 in
440 1788 702 1844 angustum
725 1781 937 1844 redacta,
976 1785 1136 1832 minus
1173 1784 1237 1833 ad
1262 1789 1444 1832 motum
1472 1783 1525 1831 fit
1541 1789 1754 1851 promta,
1797 1782 1980 1843 dextra,
2020 1782 2157 1831 velut
2182 1796 2344 1830 remo-

77 1858 171 1905 tior
196 1871 228 1904 a
250 1862 412 1904 motus
450 1856 598 1924 sonte,
641 1854 910 1917 expeditior
947 1862 1020 1906 est
1059 1862 1108 1905 et
1145 1856 1206 1906 ad
1245 1855 1386 1919 plura
1424 1858 1590 1906 munia
1616 1861 1747 1918 apta,
1787 1857 1968 1919 quippe
1995 1869 2122 1917 quae
2161 1860 2209 1903 et
2232 1855 2345 1903 lon-

77 1931 186 1993 gius
206 1945 237 1978 a
256 1927 399 1977 corde
418 1927 719 1991 protenditur
742 1930 1130 1992 spatiosioreque
1148 1935 1320 1991 regnat
1339 1931 1550 1979 ambitu:
1579 1929 1691 1977 hine
1713 1931 1927 1977 nascitur
1946 1927 2158 1976 humano
2178 1929 2346 1990 generi

7 1997 35 2029 '⁸
76 2003 343 2067 praecipua
378 2001 621 2064 planeque
671 2001 1029 2051 notabilissima
1076 2008 1124 2051 et
1176 1998 1552 2066 popularissima
1592 2001 1838 2050 distinctio
1877 2001 2344 2064 hemisphaeriorum
2427 1995 2432 2000 ’

8 2114 9 2118 ,
76 2074 469 2139 septentrionalis
507 2083 557 2123 et
602 2073 846 2123 australis.
922 2075 1076 2125 Nobis
1124 2077 1252 2124 enim
1300 2077 1348 2123 in
1391 2077 1719 2138 septentrione
1758 2089 1844 2137 per
1884 2089 2051 2123 omnes
2103 2074 2342 2136 sphaerae

8 2175 9 2186 ι
82 2150 272 2213 positus
312 2150 626 2210 omniumque
663 2149 874 2197 maxime
913 2149 960 2194 in
1000 2148 1208 2212 sphaera
1245 2148 1481 2212 parallela
1507 2154 1671 2201 motus
1707 2147 1921 2201 siderum
1961 2147 2276 2210 quotidianus
2316 2163 2346 2196 a

78 2223 276 2271 sinistra
316 2235 484 2271 versus
523 2219 741 2272 dextram
779 2219 978 2272 tendere
1023 2221 1261 2282 videtur,
1298 2223 1357 2270 iis
1407 2236 1549 2282 ver0,
1616 2223 1701 2283 qui
1748 2226 1862 2270 sunt
1899 2223 1948 2269 in
1987 2220 2344 2283 hemisphaerio

81 2293 301 2353 australi,
342 2295 582 2344 contrario
621 2293 767 2344 modo
807 2309 836 2342 a
876 2293 1055 2343 dextris
1094 2294 1154 2343 ad
1195 2296 1444 2357 sinistras;
1486 2294 1617 2357 quod
1644 2295 1718 2354 iis,
1760 2296 1843 2357 qui
1866 2300 2119 2343 transeunt
2145 2309 2175 2341 a
2201 2294 2343 2343 nobis

77 2375 212 2416 trans
249 2367 431 2417 lineam
481 2367 530 2416 iu
569 2381 805 2421 oceanum
844 2367 1133 2429 australem,
1182 2382 1401 2423 summae
1440 2367 1777 2417 admirationis
1817 2373 2155 2430 argumentum
2202 2368 2344 2429 parit,

78 2441 259 2505 quippe
311 2442 371 2488 iis
423 2453 521 2490 non
570 2446 625 2488 ut
675 2439 818 2504 polus
856 2446 1021 2490 noster
1059 2441 1174 2504 polo
1213 2441 1440 2502 australi,
1493 2443 1565 2490 sie
1605 2442 1750 2489 etiam
1791 2439 1961 2490 dextra
1999 2455 2108 2489 cum
2146 2441 2345 2488 sinistra

75 2519 393 2578 permutatur,
432 2527 523 2562 nec
560 2514 634 2573 iis,
674 2514 759 2576 qui
797 2519 910 2562 sunt
948 2515 995 2560 in
1035 2520 1199 2563 austro
1238 2516 1354 2574 nati,
1396 2528 1477 2564 cor
1516 2515 1805 2563 contrariam
1844 2514 1986 2561 nobis
2025 2511 2192 2563 sedem
2232 2527 2341 2561 cor-

12 2586 13 2590 ’
82 2589 217 2651 poris
257 2594 487 2650 occupat,
543 2591 829 2649 argumento
866 2588 1079 2635 maximo
1119 2589 1374 2651 propagati
1424 2588 1676 2650 utriusque
1726 2587 1883 2649 gentis
1935 2586 1997 2634 ab
2042 2601 2138 2633 una
2177 2587 2340 2648 stirpe.
2379 2592 2381 2595 ’

47 2683 49 2685 ·
79 2660 189 2712 Hoc
227 2661 437 2708 maxime
475 2660 649 2708 mirum
685 2659 836 2708 fuisse
869 2658 1046 2721 legatis
1083 2662 1210 2723 regis
1245 2660 1582 2724 Taprobanae,
1622 2659 1811 2708 insulae
1850 2657 2092 2718 australiS‚
2133 2657 2340 2708 Romam

81 2733 406 2792 venientibus,
446 2731 590 2782 refert
625 2731 829 2793 Plinius,
869 2731 1054 2782 scilicet
1094 2734 1288 2783 umbras
1327 2748 1442 2783 suas
1482 2735 1530 2781 in
1569 2740 1787 2783 nostrum
1827 2731 2017 2780 coelum
2060 2730 2232 2780 cadere
2273 2728 2340 2796 (in

81 2802 480 2871 septentrionem)
517 2818 614 2852 non
653 2806 701 2852 in
741 2819 882 2853 suum
922 2801 998 2871 (in
1027 2803 1263 2871 austrum)
1302 2805 1563 2869 Solemque
1603 2822 1633 2854 a
1659 2806 1802 2854 laeva
1841 2804 2003 2867 potius
2033 2805 2144 2851 oriri
2184 2802 2342 2869 (vultu

81 2880 144 2928 ad
181 2881 271 2928 iter
297 2878 426 2928 Solis
467 2874 643 2942 verso),
683 2884 736 2926 at
761 2878 810 2926 in
837 2876 1057 2926 dextram
1086 2879 1318 2940 occidere,
1359 2894 1506 2941 quam
1534 2894 1559 2927 e
1586 2878 1792 2927 diverso.
1852 2876 1976 2924 Nam
2005 2877 2077 2934 iis,
2119 2878 2202 2938 qui
2230 2885 2343 2924 sunt

24 2956 26 2959 ’
81 2954 130 3000 in
165 2959 350 3012 austro,
391 2958 594 2999 tractum
634 2952 913 3011 aequatoris
945 2951 1312 3014 eclipticaequc‚
1353 2953 1436 3014 qui
1464 2967 1609 3014 supra
1638 2950 1837 2999 Terram
1865 2955 1952 3009 est,
1993 2950 2342 3011 spectantibuS‚
2381 2975 2384 2979 ›

81 3028 220 3089 sigua
258 3032 520 3090 partesque
559 3023 847 3072 circulorum
888 3023 1059 3074 eodem
1099 3024 1296 3087 quidem
1336 3026 1459 3073 inter
1499 3039 1549 3072 se
1577 3022 1759 3083 ordine,
1802 3036 1898 3084 quo
1937 3036 2085 3085 penes
2111 3036 2215 3083 noe,
2255 3021 2342 3071 scd

0 3150 2 3165 ὗ
81 3105 305 3163 respectu
339 3098 495 3146 nostri
533 3097 746 3158 corporis
786 3110 816 3145 a
854 3095 1032 3147 dextris
1071 3098 1198 3158 oriri,
1240 3096 1302 3146 ad
1339 3098 1557 3146 sinistras
1598 3094 1888 3145 descendere
1927 3093 2168 3144 videntur.

229 3171 454 3220 Nullane
491 3171 660 3230 major
695 3170 774 3217 hic
812 3171 1032 3218 varietas
1070 3170 1325 3219 occurrit?
1362 3170 1464 3218 Imo
1505 3175 1553 3217 et
1589 3168 1682 3216 hoc
1721 3166 1951 3228 notabile,
1993 3167 2125 3232 quod
2162 3169 2208 3215 in
2247 3183 2341 3231 pa-

85 3243 264 3295 rallelis
302 3243 521 3307 sphaeris
567 3257 733 3291 omnes
775 3243 970 3290 omnino
1009 3242 1179 3293 stellae
1219 3241 1416 3306 plagam
1453 3240 1655 3292 eandem
1694 3242 1887 3303 penitus
1938 3243 2224 3305 pertransire
2266 3242 2343 3290 vi-

4 3368 5 3372 ,
82 3316 270 3378 dentur,
312 3318 429 3379 quia
469 3322 633 3364 vertex
675 3316 962 3378 spectatoris
1003 3316 1050 3361 in
1090 3315 1255 3378 polum
1293 3315 1621 3364 conversionis
1660 3313 1855 3375 incidit3
1896 3314 1946 3361 in
1974 3314 2186 3378 obliquis
2226 3329 2341 3363 vero

86 3389 271 3451 stellae,
312 3404 439 3452 quae
479 3389 683 3438 circulos
723 3393 1088 3450 repraesentant
1113 3389 1233 3436 inter
1273 3388 1500 3436 verticem
1540 3394 1587 3437 et
1625 3387 1792 3451 polum
1817 3386 2185 3448 circumductos,
2228 3387 2341 3436 illae

83 3464 216 3513 circa
270 3463 572 3512 horizontem
612 3460 807 3525 quidem
847 3459 894 3508 id
935 3461 1092 3522 ipsum
1129 3460 1334 3519 faciunt,
1389 3466 1439 3508 at
1475 3467 1735 3523 postquam
1774 3461 1823 3509 in
1859 3462 2155 3524 superiorem
2195 3462 2342 3509 semi-

92 3535 333 3587 circulum.
362 3536 597 3594 venerint,
637 3533 835 3585 tendere
876 3531 1099 3581 videntur
1135 3533 1180 3579 in
1220 3531 1414 3595 plagam
1441 3535 1745 3594 contrariam,
1786 3534 1902 3596 quia
1940 3534 2147 3583 circulus
2187 3549 2343 3597 appa-

88 3610 237 3657 rentis
275 3622 442 3657 earum
479 3616 641 3657 motus
682 3613 814 3656 totus
855 3621 911 3655 ex
952 3620 1047 3653 una
1088 3606 1277 3654 verticis
1314 3604 1462 3669 plaga
1498 3612 1611 3668 stat,
1652 3606 1757 3669 ejus
1798 3608 1943 3669 igitur
1982 3614 2144 3670 partes
2185 3621 2341 3670 oppo-

90 3681 212 3730 sitae
249 3687 411 3730 motus
450 3683 598 3731 etiam
637 3681 976 3730 nanciscuntur
1016 3679 1280 3726 contrarios
1318 3678 1381 3727 ad
1409 3679 1579 3729 visum.
1639 3680 1863 3742 Denique
1891 3681 1938 3728 in
1979 3680 2186 3743 sphaera
2213 3685 2343 3727 recta

90 3752 248 3805 sidera
275 3755 438 3805 omnia
474 3755 522 3803 in
550 3756 703 3817 primo
744 3758 913 3802 exortu
941 3757 1142 3814 surgunt
1181 3756 1325 3812 recta,
1362 3752 1415 3800 in
1441 3759 1659 3803 neutram
1696 3767 1892 3802 uranum
1931 3754 2162 3801 inclinato
2191 3756 2340 3811 motu,

94 3833 145 3876 at
180 3832 440 3891 postquam
491 3828 540 3877 in
578 3827 792 3890 aliquam
832 3827 967 3876 enisa
1004 3825 1178 3874 suerint
1216 3821 1544 3888 altitudinem,
1598 3824 1705 3875 sola
1742 3825 1852 3888 illa,
1902 3840 2028 3890 quae
2065 3827 2116 3873 in
2154 3838 2342 3895 aequa-
