2554 4140
915 129 985 174 De
1014 127 1210 186 Kepleri
1229 127 1530 174 Astronomia.
1625 153 1642 162 -
2263 132 2288 179 1
2300 132 2324 179 1
2337 132 2362 180 l

108 277 276 329 dubito
330 282 446 343 quin
497 277 670 328 exinde
713 273 1122 341 jucundissimum
1175 276 1363 327 solidae
1411 276 1753 340 philosophiae
1795 276 2076 327 thesaurum
2124 277 2365 339 captaturi

107 354 232 413 sint,
285 367 381 402 non
421 353 558 401 illum
600 350 794 414 quidem
833 351 975 400 vanis
1013 348 1370 401 subtilitatibus
1420 356 1468 399 et
1514 357 1568 398 ut
1618 352 1690 398 ita
1729 349 1885 399 dicam
1936 350 2141 399 literatis
2182 348 2364 398 deliriis

105 425 346 486 refertum,
386 434 439 474 ut
476 424 607 488 apud
646 424 874 488 vulgares
910 422 1256 487 philosophOS,
1303 422 1390 473 sed
1430 423 1736 472 divinissima
1774 438 1919 473 verae
1958 424 2231 486 sapientiae
2257 428 2365 470 ‘va-

105 499 277 547 rietate
315 499 590 555 florentem,
644 505 809 546 nectar
849 503 897 546 et
935 497 1229 546 ambrosiam
1276 498 1567 546 suavissime
1622 497 1901 559 spirantem.
1978 497 2151 546 Disces
2190 493 2365 545 exinde

106 570 439 620 admirabilem
478 577 698 620 motuum
738 572 1118 633 magneticorum
1157 576 1382 619 naturam
1430 577 1477 618 et
1516 568 1762 633 quomodo
1802 571 1837 616 ii
1892 571 1942 616 in
1980 570 2195 619 motibus
2233 568 2365 617 side-

102 658 208 692 rum
247 646 547 707 apertissime
587 645 870 692 sentiantur.
947 643 1122 691 Disces
1163 642 1364 704 exinde,
1407 644 1584 706 quibus
1622 642 1816 705 legibus
1854 641 1962 702 Sol,
2005 642 2085 691 ille
2125 648 2366 691 astrorum

102 723 255 778 pater,
295 718 519 780 planetas
561 723 794 780 tanquam
834 717 1108 765 carissimos
1146 717 1326 766 liberos
1365 718 1414 763 in
1454 718 1562 764 sinu
1603 730 1692 764 suo
1740 717 2114 778 circumgestiat.
2191 717 2365 764 Disces

105 789 347 839 Creatoris
400 792 473 839 tui
519 790 858 856 inexhaustam
906 790 1198 852 sapientiam
1248 789 1548 838 doctioribus
1596 788 1747 839 labris
1788 788 2047 852 degustare
2101 794 2150 838 et
2200 803 2365 838 eorum

102 876 257 925 nugas
298 863 544 927 despicere
584 871 633 912 et
670 865 898 923 misereri,
940 863 1023 925 qui
1060 864 1109 909 in
1152 863 1345 911 circulis
1385 869 1434 911 et
1471 862 1612 912 lineis
1653 868 2020 911 consenescunt.

36 999 39 1002 y
247 937 444 1000 Disput.
473 937 588 986 VII.
634 938 712 999 „in
755 952 851 1000 qua
890 936 1211 999 respondetur
1235 936 1435 983 Martini
1461 936 1710 986 Hortensii
1739 934 1930 985 cavillis
1974 944 2142 984 contra
2166 934 2366 999 Tycho-

102 1023 246 1071 nem„
291 1012 363 1072 (in
402 1010 706 1074 praefatione
746 1010 808 1059 ad
849 1009 1118 1058 Comment.
1159 1005 1474 1077 Lansbergii)
1516 1011 1586 1058 sic
1624 1009 1872 1072 praefatur
1898 1008 2223 1058 Horroccius:
2265 1008 2397 1072 Fe-'

102 1081 243 1130 licius
285 1091 414 1133 esset
440 1084 752 1144 astronomia,
783 1086 824 1131 si
852 1088 1041 1131 tantum
1068 1088 1244 1143 essent,
1287 1084 1367 1145 qui
1398 1097 1505 1132 eam
1532 1083 1851 1146 negligerent,
1892 1097 1983 1131 uec
2009 1084 2143 1145 ipsos
2171 1077 2364 1130 interim

22 1194 23 1197 ,
102 1154 325 1215 haberet,
382 1156 512 1220 quod
565 1159 627 1206 ab
681 1172 786 1205 eam
836 1156 1109 1205 colentibus
1158 1162 1420 1219 pateretur.
1497 1155 1596 1206 Sed
1643 1171 1701 1205 ea
1750 1170 1939 1218 semper
1987 1156 2078 1204 suit
2127 1156 2366 1205 bonarum

102 1230 276 1277 artium
315 1232 523 1290 miseria,
564 1237 618 1278 ut
654 1244 751 1278 non
791 1229 948 1278 solum
986 1229 1194 1277 rudioris
1221 1230 1527 1291 ignorantiae
1566 1229 1775 1292 pedibus
1804 1228 2116 1293 proculcatae
2150 1229 2365 1291 jaceant,

102 1301 187 1349 sed
227 1308 275 1351 et
312 1305 374 1353 ab
414 1303 562 1352 illotis
601 1303 930 1366 imperitorum
969 1304 1194 1352 manibus
1239 1302 1526 1365 profanatae
1580 1303 1845 1352 miserrime
1884 1304 2183 1366 nugantibus
2224 1301 2366 1351 dive-

100 1381 285 1424 xentur.
362 1377 576 1426 Tantum
625 1376 981 1425 immortalitati
1029 1376 1357 1440 qualicunque
1406 1377 1596 1425 inhiant
1646 1375 1953 1440 Herostrati,
2022 1382 2075 1425 ut
2130 1391 2238 1425 eam
2287 1374 2366 1425 vel

101 1448 271 1512 templi
310 1444 543 1515 Ephesini
582 1449 807 1499 incendio
846 1451 1016 1499 mereri
1057 1450 1223 1499 velint.

244 1523 344 1572 Diu
383 1525 486 1585 fuit,
530 1523 661 1586 quod
700 1522 921 1572 sideralis
959 1525 1180 1588 scientia,
1218 1523 1429 1571 ruinosis
1459 1527 1675 1572 veterum
1699 1528 2087 1572 astronomorum
2127 1522 2365 1572 columnis

102 1594 284 1645 dudum
322 1597 682 1657 vacillantibus,
721 1597 973 1645 Atlantem
1010 1597 1223 1659 aliquem
1264 1595 1576 1657 desideravit,
1617 1596 1755 1659 cujus
1792 1598 2012 1646 fortiores
2038 1597 2227 1646 humeri
2261 1597 2364 1660 jam

72 1668 231 1718 ‘mole
270 1685 362 1720 sua
401 1677 699 1719 corruentem
741 1672 1049 1719 sustinerent.
1125 1670 1272 1719 Favit
1323 1668 1520 1718 tandem
1565 1668 1696 1718 illius
1735 1672 1865 1719 votis
1903 1671 2041 1720 Deus
2080 1668 2213 1719 O.M.
2253 1677 2366 1719 tan-

104 1741 313 1806 demque
351 1745 542 1807 peperit
579 1741 761 1792 Urania
797 1743 1095 1808 Tychonem,
1138 1744 1321 1803 virum,
1376 1742 1514 1805 cujus
1555 1742 1955 1806 diligentissimae
2000 1744 2366 1793 observationes

102 1822 151 1864 et
190 1817 358 1866 divina
396 1818 539 1882 plane
579 1819 779 1866 inventa
823 1816 967 1880 longe
1007 1818 1117 1880 plus
1167 1818 1492 1866 astronomiae
1532 1816 1865 1879 contulerunt,
1927 1833 2074 1881 quam
2124 1817 2205 1867 vel
2243 1817 2366 1866 vidit

103 1893 233 1953 prior
271 1897 406 1940 aetas
445 1897 530 1939 aut
568 1891 784 1954 sperabit
820 1890 998 1939 futura.
1072 1889 1164 1939 Ille
1204 1892 1330 1939 enim
1385 1904 1481 1938 non
1520 1889 1679 1938 solum
1723 1890 1976 1940 stellarum
2015 1890 2218 1940 fixarum
2257 1891 2364 1940 loca

104 1964 201 2013 sere
241 1966 403 2014 omnia
439 1964 607 2013 labore
643 1965 839 2027 penitus
877 1963 1120 2013 Herculeo
1162 1965 1468 2012 exactissime
1506 1965 1731 2025 restituit,
1773 1979 1870 2027 quo
1910 1959 2013 2014 sine
2051 1964 2365 2022 fundamento

103 2037 277 2086 frustra
314 2037 532 2088 instabili
570 2044 790 2087 veterum
828 2052 976 2087 arena
1015 2036 1378 2099 deluderemur‚
1418 2036 1504 2086 sed
1543 2043 1590 2087 et
1628 2039 1678 2084 in
1717 2037 1832 2087 Sole
1871 2044 1919 2087 et
1956 2038 2098 2088 Luna
2134 2038 2363 2102 reliquis—

106 2126 199 2174 que
237 2112 445 2176 planetis
482 2118 583 2160 tam
622 2112 862 2160 continuis
903 2111 1351 2172 observationibuS,
1393 2125 1540 2173 quam
1579 2110 1823 2161 indefesso
1863 2111 2025 2162 studio
2066 2127 2214 2175 quam
2250 2112 2365 2176 plu-

105 2186 227 2233 rima
263 2192 467 2234 naturae
504 2187 737 2249 mysteria
773 2187 822 2232 in
859 2184 1018 2234 lucem
1056 2185 1240 2248 primus
1279 2185 1531 2248 protraxit.

251 2259 498 2308 Successit
544 2259 660 2308 huic
712 2258 1069 2307 divinissimum
1116 2258 1317 2322 Kepleri
1352 2258 1786 2320 'ingeriium2'viri
1834 2258 1896 2307 ad
1934 2258 2117 2311 ,abdita
2167 2264 2366 2308 naturae

112 2331 414 2381 enucleanda
450 2334 567 2390 nati,
610 2333 691 2395 qui
733 2347 792 2382 ex
818 2331 1065 2396 Tychonis
1106 2332 1532 2381 observationibus
1571 2334 1917 2381 astronomiam
1944 2347 2123 2382 novam
2163 2331 2367 2382 condere

40 2412 44 2440 ἰ
114 2420 372 2468 aggressus
411 2412 485 2455 est
524 2420 753 2468 eamque,
807 2406 1070 2468 praeclaris
1107 2405 1428 2469 pluribusque
1480 2405 1589 2454 aliis
1627 2408 1819 2468 scriptis
1864 2408 1999 2470 prius
2047 2406 2366 2470 praeclusam,

43 2490 45 2503 ²
112 2478 319 2528 feliciter
356 2479 553 2528 tandem
591 2479 806 2528 absolvit
845 2478 985 2528 editis
1012 2479 1214 2528 Tabulis
1241 2477 1581 2541 Rudolphinis,
1621 2480 1798 2542 quibus
1836 2495 2086 2543 nunquam
2118 2494 2260 2544 pares
2286 2478 2373 2530 Sol

44 2576 45 2583 κ
110 2552 269 2602 adhuc
307 2552 444 2601 vidit.
502 2553 566 2601 Et
589 2552 786 2616 quidem
814 2553 862 2599 in
890 2553 1114 2602 omnibus
1142 2552 1265 2601 adeo
1295 2551 1480 2601 erudite
1507 2555 1836 2603 astronomica
1863 2556 2105 2615 tractavit,
2146 2559 2199 2602 ut
2237 2569 2367 2603 sem-

45 2635 48 2681 ἶ
108 2639 193 2688 per
231 2626 349 2676 mihi
387 2640 677 2690 persuasum
715 2626 872 2688 fuerit,
914 2641 1031 2676 eum
1070 2629 1246 2676 omnia
1282 2626 1492 2688 habere,
1532 2628 1621 2689 qui
1659 2627 1807 2676 habet
1844 2626 2140 2691 Keplerum.
