2554 4140
246 108 349 162 542
985 106 1038 154 In
1067 104 1312 162 Epitomen
1340 106 1486 154 Notae
1515 108 1731 156 Editoris.

241 249 409 296 Arietis
441 249 698 306 eclipticum
730 254 894 305 stante,
925 255 1220 301 numerantur
1246 250 1293 295 in
1323 251 1512 307 singulis
1541 252 1825 309 planetarum
1854 255 2034 304 circulis
2066 258 2152 303 sub
2181 256 2285 302 fixis
2316 259 2476 305 sua12

239 316 367 371 signa
397 327 478 360 seu
508 314 594 359 360
623 314 804 371 gradus,
835 328 925 359 non
954 314 1101 360 minus
1131 330 1266 373 quam
1293 317 1340 361 in
1372 317 1593 374 ecliptica.

409 380 512 423 Jam
542 392 643 423 eum
671 377 862 423 liberum
892 380 965 435 sit,
993 383 1040 426 in
1071 382 1401 428 constituendis
1431 383 1615 439 epochis
1647 386 1845 431 omnium
1865 388 2019 445 primis
2040 388 2111 433 vel
2133 403 2270 434 unum
2292 396 2338 434 et
2357 389 2476 435 idem

225 439 474 501 punctum,
514 450 626 500 puta
661 444 931 502 principium
958 447 1156 506 Arietis,
1200 448 1406 493 omnibus
1443 449 1694 505 praefixum
1731 453 1946 511 motibus,
1987 455 2215 512 applicare
2254 456 2477 502 distinctis

234 507 536 566 temporibus,
581 508 744 564 quibus
785 510 952 566 singuli
990 512 1037 557 in
1073 513 1120 557 id
1156 513 1360 558 incidunt
1389 520 1516 558 motu
1545 515 1713 572 medio,
1754 517 1826 562 vel
1854 532 1993 563 unum
2023 520 2231 577 idemque
2260 526 2476 579 temporis

233 573 503 632 principium
533 573 702 630 eligere
731 580 778 621 et
806 576 853 621 in
884 590 937 622 eo
969 578 1183 624 distincta
1214 577 1370 623 circuli
1398 577 1513 634 loca,
1545 591 1675 624 suum
1697 593 1760 626 sc.
1783 582 1943 638 cuique
1963 584 2187 641 planetae,
2219 587 2476 643 assignare:

232 639 449 696 temporis
489 639 669 696 quidem
706 641 991 688 identitatem
1021 649 1198 688 veteres
1238 656 1322 700 pro
1361 643 1550 688 arbitrio
1589 645 1781 700 quisque
1819 660 1901 692 suo
1933 649 2186 706 elegerunt,
2231 663 2302 695 me
2332 653 2477 708 prima

232 705 429 750 omnium
467 704 515 749 in
551 707 830 755 astronomia
869 722 977 753 cura
1006 708 1232 763 exercuit,
1279 708 1318 753 si
1346 721 1528 765 possem
1556 709 1842 771 identitatem
1871 713 2083 770 principii
2111 715 2343 761 circularis
2375 731 2475 762 cum

229 770 468 819 identitate
505 771 722 827 temporis
761 773 1047 830 conjungere.
1120 775 1230 819 Cum
1269 787 1375 819 vero
1417 775 1639 834 viderem,
1684 776 1777 822 tale
1822 777 2091 834 principium
2134 779 2274 825 ultra
2300 795 2476 827 omnem

230 836 385 882 mundi
423 841 620 883 aetatem
659 837 933 896 longissimis
973 852 1269 886 excursuram
1300 842 1482 899 spatiis,
1524 842 1710 887 dimissa
1739 843 1826 888 hac
1853 844 2010 888 inutili
2034 859 2141 890 cura
2153 846 2475 903 „reliquorum

230 901 449 947 artificum
481 908 523 948 et
549 905 598 949 in
627 905 685 949 iis
705 905 934 963 Tychonis
951 905 1118 951 Brahei
1146 906 1433 962 potissimum
1464 906 1522 951 ad
1551 920 1722 952 morem
1751 922 1820 953 me
1850 911 2096 966 composui,
2125 913 2246 968 quod
2267 914 2474 970 equidem

228 968 273 1012 in
304 968 376 1012 his
407 969 595 1015 Tabulis
619 970 724 1026 jure
755 971 889 1024 illius,
919 977 972 1016 ut
1000 971 1131 1028 primi
1157 973 1375 1028 auctoris,
1406 986 1581 1017 summo
1613 972 1779 1018 fecisse
1810 976 1983 1020 censeri
2013 976 2172 1023 debeo.

290 1079 293 1086 s
399 1034 622 1080 Exhibuit
652 1035 730 1080 ille
761 1036 960 1092 epochas
990 1038 1046 1095 Ε)
1078 1043 1124 1082 et
1164 1043 1204 1093 2)
1242 1038 1495 1096 (Progymn.
1529 1039 1659 1085 Tom.
1690 1041 1741 1090 Ι.)
1772 1039 1966 1097 primum
1995 1040 2042 1085 in
2073 1055 2177 1087 aera
2203 1042 2474 1088 incarnatio-

228 1100 299 1146 nis
332 1106 377 1145 et
407 1100 552 1147 forma
581 1102 686 1147 anni
716 1102 898 1147 Juliana
927 1102 1090 1160 veteri3
1122 1104 1322 1148 secundo
1354 1104 1413 1149 ad
1443 1118 1659 1149 annorum
1691 1106 1918 1152 centurias
1949 1113 2145 1163 quatuor
2175 1113 2220 1152 et
2250 1108 2307 1153 ad
2338 1111 2472 1153 unius

226 1177 368 1211 annos
400 1166 616 1227 singulos,
648 1174 899 1214 ceterarum
931 1167 1123 1225 vicinos3
1155 1168 1291 1213 tertio
1322 1169 1617 1213 meridianum
1647 1169 1702 1214 iis
1732 1171 1945 1228 praefixit
1972 1173 2149 1219 insulae
2178 1175 2399 1219 Hnennae
2428 1176 2474 1219 in

225 1231 342 1281 freto
366 1233 593 1283 'Cimbrico
631 1234 838 1291 areisque
878 1235 942 1278 in
965 1247 1020 1280 ea
1047 1233 1342 1293 Uraniburgi3
1388 1241 1548 1291 quarto
1585 1235 1743 1281 horam
1781 1238 1836 1282 iis
1880 1239 2142 1295 praestituit
2170 1240 2473 1293 meridianam,

229 1308 346 1353 quae
376 1303 480 1353 post
510 1312 677 1344 annum
709 1299 910 1356 epochae
941 1298 1215 1356 completum
1256 1306 1303 1345 et
1332 1306 1540 1345 exactum
1570 1301 1615 1345 in
1646 1302 1831 1349 meridie
1860 1304 2066 1360 proxime
2096 1303 2293 1352 ineuntis
2328 1309 2366 1352 1.
2399 1308 2475 1352 Ja-

228 1365 375 1410 nuarii
405 1365 622 1421 sequitur.
683 1365 844 1412 Omnia
872 1371 1069 1423 quatuor
1099 1367 1250 1423 capita
1278 1366 1325 1410 in
1354 1365 1428 1412 his
1459 1366 1858 1434 tabulisimitatus
1890 1383 2002 1416 sum.

397 1443 432 1487 I.
472 1445 655 1490 Annum
683 1460 727 1491 n.
759 1445 991 1492 Julianum
1020 1451 1218 1490 veterem
1253 1446 1309 1491 ab
1341 1447 1432 1492 Inc.
1465 1460 1571 1492 aera
1601 1444 1886 1495 numeratum
1917 1457 1962 1495 et
1990 1451 2089 1507 ipse
2126 1452 2310 1508 retinui,
2355 1458 2473 1497 cete·

219 1527 294 1560 ras
324 1520 577 1571 temporum
607 1512 912 1558 ordinationes
943 1512 1178 1568 ipsamque
1210 1513 1322 1558 adeo
1355 1513 1688 1570 Gregorianam,
1722 1515 1825 1559 novi
1858 1515 1948 1559 Cal.
1973 1515 2164 1572 dictam,
2208 1531 2324 1574 quae
2352 1532 2473 1565 nunc

218 1585 289 1624 est
327 1579 373 1624 in
411 1594 519 1637 usu,
559 1578 616 1630 ad
646 1579 873 1624 Julianam
903 1578 1092 1623 formam
1124 1579 1324 1635 singulas
1354 1578 1572 1623 reducere
1605 1579 1755 1624 docui.
1814 1580 1875 1624 ΙΙ.
1910 1581 2012 1625 Etsi
2042 1582 2169 1638 potui
2200 1588 2251 1628 ut
2279 1584 2325 1628 in
2355 1584 2467 1629 fixa-

221 1659 320 1690 rum
352 1647 557 1704 catalogo
591 1646 767 1703 epocha
798 1645 932 1690 unica
962 1649 1204 1689 contentus
1235 1657 1359 1701 esse,
1407 1650 1555 1689 tamen
1588 1646 1786 1702 epochas
1818 1652 2019 1691 motuum
2054 1648 2249 1693 omnium
2279 1650 2471 1709 exhibeo

220 1717 265 1756 et
295 1712 392 1770 ipse
423 1713 481 1757 ad
511 1712 795 1757 centenarios
826 1725 873 1768 p.
905 1709 1007 1755 Chr.
1041 1710 1114 1767 21,
1148 1723 1188 1755 a.
1223 1711 1302 1755 Ch.
1340 1712 1414 1767 103
1453 1711 1537 1756 has
1569 1713 1847 1769 praecedunt
1878 1713 2077 1768 epochae
2108 1714 2166 1759 ad
2196 1714 2470 1763 millenarios

219 1777 339 1823 solos
369 1790 512 1835 usque
543 1777 600 1822 ad
618 1790 799 1822 *annum
830 1790 872 1822 a,
907 1775 1159 1832 Ch.‚4000,
1192 1776 1268 1834 qui
1298 1775 1459 1821 modus
1492 1784 1562 1821 est
1593 1779 1756 1823 aetatis
1787 1780 2041 1824 mundanae
2072 1781 2192 1837 apud
2224 1782 2468 1840 plerosque

218 1843 662 1902 chronographorum
693 1842 1013 1887 hodiernorum
1045 1843 1392 1899 assequiturque
1424 1843 1558 1887 situm
1589 1843 1785 1899 aliquem
1815 1842 2100 1899 planetarum
2130 1846 2177 1890 in
2198 1846 2292 1891 suis
2314 1860 2468 1894 eccen-

196 1906 342 1954 'tricis
374 1915 728 1955 consentaneum
757 1908 885 1953 initio
916 1914 1143 1964 motuum,
1184 1907 1298 1954 nulli
1334 1907 1410 1952 alii
1439 1921 1522 1965 per
1551 1909 1744 1965 plurima
1774 1908 1929 1953 secula
1960 1908 2174 1967 deinceps
2205 1924 2468 1969 comparan-

219 1973 338 2020 dum.
399 1975 542 2032 Spero
574 1980 737 2027 autem,
769 1973 918 2019 oneris
949 1974 1088 2031 hujus
1119 1986 1363 2031 paucarum
1394 1973 1614 2019 linearum
1645 1975 1973 2030 superfluarum
2003 1988 2093 2019 non
2123 1982 2380 2032 pertaesum
2410 1979 2465 2024 iri

217 2038 550 2097 calculatorem,
583 2040 621 2085 si
650 2039 825 2096 viderit,
855 2052 905 2084 se
936 2054 1016 2096 per
1047 2053 1125 2085 eas
1155 2053 1318 2097 magna
1346 2039 1499 2096 aliqua
1527 2039 1737 2086 molestia
1767 2037 1930 2084 calculi
1960 2038 2155 2083 liberari.
2216 2042 2287 2087 Ad
2319 2056 2463 2088 annos
2539 2070 2542 2074 ⁴

215 2117 321 2149 vero
354 2105 555 2162 singulos
586 2105 831 2151 centenarii
860 2106 994 2151 unius
1024 2105 1218 2163 proximi
1249 2118 1578 2161 supervacuum
1613 2111 1711 2149 erat
1743 2105 1940 2161 epochas
1972 2106 2228 2151 exscribere
2260 2110 2460 2166 seorsim,

213 2183 270 2219 ne
299 2183 381 2227 per
411 2171 587 2216 diversa
618 2169 774 2215 secula
814 2172 960 2228 major
997 2171 1211 2216 existeret
1249 2169 1410 2215 calculi
1450 2170 1789 2227 dissimilitudo,
1836 2170 1978 2227 quod,
2025 2171 2281 2229 ubicunque
2320 2176 2461 2230 potui,

214 2232 474 2290 fugiendum
511 2235 678 2281 censui.
747 2235 827 2279 111.
878 2235 966 2280 Sed
1013 2241 1058 2280 et
1100 2234 1393 2279 meridianum
1438 2234 1810 2293 Uraniburgieum
1853 2241 1980 2281 tanto
2026 2236 2240 2284 libentius
2282 2241 2458 2297 retinui,

215 2307 380 2356 quanto
410 2300 669 2346 melioribus
700 2301 818 2347 notis
847 2301 887 2346 is
918 2315 1057 2359 supra
1086 2300 1194 2346 mihi
1224 2300 1310 2345 fuit
1341 2303 1690 2348 commendatus.
1754 2303 1830 2347 IV.
1863 2302 1993 2358 Quod
2014 2303 2169 2348 horam
2199 2305 2375 2361 attinet,
2408 2318 2462 2350 ea

212 2366 417 2413 similiter
446 2366 710 2423 intelligitur
748 2367 996 2413 meridiana
1038 2365 1285 2423 aequabilis
1328 2366 1415 2411 diei
1451 2371 1485 2413 1.
1516 2369 1615 2414 Jan.
1650 2375 1742 2413 tam
1772 2372 1877 2411 ante
1921 2381 2055 2422 quam
2084 2375 2189 2425 post
2221 2370 2460 2427 Christum,

212 2433 298 2478 hoc
327 2439 477 2480 tamen
516 2433 782 2490 discrimine,
821 2434 943 2491 quod
974 2439 1081 2490 post
1112 2433 1192 2479 Ch.
1224 2431 1404 2488 quidem
1434 2433 1539 2478 anni
1570 2439 1806 2478 sumuntur
1836 2447 1938 2478 vere
1978 2434 2216 2493 completi,
2262 2443 2313 2481 ut
2341 2437 2462 2494 apud

211 2498 492 2556 Tychonem‚
539 2500 603 2544 sic
647 2506 707 2544 ut.
728 2500 802 2544 hic
837 2500 1006 2556 primus
1035 2498 1240 2544 «Ianuarii
1269 2497 1478 2543 meridies
1515 2498 1575 2543 sit
1610 2505 1740 2543 extra
1781 2506 1826 2543 et
1859 2499 1978 2543 ultra
2008 2500 2292 2557 complexum
2320 2502 2459 2562 illum,

209 2567 486 2624 assignatum
518 2568 562 2612 in
594 2568 806 2624 margine,
839 2572 942 2611 ante
975 2567 1200 2612 Christum
1230 2577 1334 2609 vero
1365 2564 1472 2610 anni
1512 2564 1729 2619 assignati
1759 2564 1970 2619 marginis
2010 2577 2090 2620 per
2121 2566 2241 2611 hunc
2271 2566 2460 2623 primum

208 2634 411 2678 Januarii
439 2633 669 2678 meridiem
709 2634 803 2690 jam
841 2634 1122 2678 inchoantur.
1185 2631 1353 2676 Calculi
1383 2638 1533 2678 tamen
1563 2629 1805 2675 difficultas
1827 2630 1931 2675 hinc
1961 2631 2103 2675 oritur
2134 2632 2273 2678 nulla.
2335 2633 2460 2678 Haec

208 2712 311 2745 vero
342 2699 399 2744 de
429 2699 517 2744 illis
547 2705 723 2744 tantum
753 2700 938 2757 epochis
969 2699 1090 2743 dicta
1119 2704 1268 2752 sunto,
1300 2698 1462 2754 quibus
1492 2698 1606 2743 hora
1636 2696 1762 2741 nulla
1791 2702 1859 2741 est
1890 2697 2111 2753 apposita,

380 2766 606 2823 Sequitur,
639 2771 690 2811 ut
721 2765 920 2811 dicamus
954 2765 1087 2809 etiam
1118 2764 1173 2810 de
1202 2765 1370 2810 tabulis
1402 2769 1618 2809 motuum.
1681 2763 1811 2807 Prius
1843 2763 1961 2807 enim
1992 2763 2094 2809 loca
2124 2776 2335 2808 cursuum
2365 2764 2458 2810 suis
2495 2787 2504 2790 -

206 2831 551 2888 assignabantur
580 2832 830 2886 momentis,
859 2831 1036 2877 termini
1067 2830 1314 2886 spatiorum
1345 2828 1544 2874 terminis
1576 2833 1846 2885 temporum3
1874 2827 1969 2884 jam
2000 2835 2162 2885 motuS,
2195 2829 2240 2873 id
2271 2834 2342 2874 est
2374 2830 2456 2876 cir-

204 2896 405 2942 culorum
436 2897 582 2954 spatia
611 2896 818 2942 confecta
848 2897 941 2942 suis
972 2896 1260 2954 assignantur
1289 2896 1505 2940 tractibus
1537 2902 1798 2951 temporum.
1862 2895 1948 2939 Est
1989 2901 2137 2939 autem
2177 2894 2223 2938 in
2254 2908 2456 2951 unoquo·
2482 2913 2489 2925 ¹

207 2959 317 3005 libet
347 2961 531 3018 planeta
559 2961 717 3007 tabul'a
747 2975 966 3007 annorum
998 2962 1082 3007 100
1113 2973 1427 3018 expansorum,
1458 2973 1541 3017 pro
1572 2974 1646 3018 eo,
1690 2959 1810 3015 quod
1841 2960 1994 3017 Tycho
2025 2959 2211 3004 totidem
2242 2971 2461 3005 annorum
2486 2960 2490 2965 “

203 3027 332 3071 nobis
362 3027 667 3084 proximorum
699 3027 904 3072 exhibuit
935 3027 1131 3084 epochas
1163 3026 1412 3084 singulares
1451 3029 1681 3078 (Progymn.
1714 3030 1745 3069 Ι.
1778 3041 1819 3079 p.
1848 3030 1916 3070 57.
1952 3031 2072 3078 107);
2117 3040 2228 3082 quos
2261 3040 2454 3084 sequun-

202 3095 276 3136 tur
306 3093 548 3137 centenarii
580 3095 635 3140 10
666 3099 711 3138 et
740 3092 977 3137 millenarii
1012 3093 1076 3138 12.
1135 3091 1189 3136 In
1218 3092 1303 3136 hac
1348 3091 1503 3137 tabula
1534 3091 1872 3136 dissimulantur
1909 3092 2062 3137 circuli
2103 3093 2248 3138 exacti
2289 3093 2454 3150 integri

136 3191 138 3195 >
202 3157 473 3214 poniturque
514 3159 723 3215 planetae
760 3166 908 3204 motus
954 3157 1128 3202 medius
1167 3157 1211 3200 in
1257 3156 1475 3213 principio
1522 3170 1741 3202 annorum
1785 3156 2032 3202 solutorum
2088 3158 2133 3202 in
2185 3170 2453 3215 quocunque

202 3228 368 3278 puncto
401 3225 575 3282 circuli3
616 3226 662 3270 in
692 3225 783 3270 fine
819 3238 924 3269 vero
971 3223 1248 3280 singulorum
1278 3235 1510 3278 annorum,
1543 3222 1612 3267 vel
1644 3222 1946 3267 centuriarum
1986 3222 2057 3267 vel
2086 3223 2450 3278 millenariorum,

206 3287 483 3344 exprimitur,
515 3297 624 3345 quot
655 3290 808 3348 signis,
838 3289 1064 3347 gradibus,
1099 3288 1321 3345 scrupulis
1353 3294 1398 3333 et
1428 3287 1637 3332 secundis
1668 3293 1816 3332 motus
1852 3286 1926 3330 ille
1960 3288 2238 3344 superaverit
2270 3287 2338 3332 vel
2370 3288 2450 3332 ini-

202 3350 314 3396 tium
344 3351 415 3396 vel
444 3353 743 3400 revolutiones
764 3355 965 3413 integras
996 3354 1166 3407 circuli,
1197 3355 1254 3399 ab
1275 3353 1402 3398 initio
1424 3353 1501 3397 illo
1524 3367 1793 3409 quocunque
1823 3351 2040 3407 inceptas.
2074 3353 2135 3398 Et
2155 3353 2258 3410 quia
2278 3353 2450 3398 taedio-

202 3429 302 3460 sum
331 3420 452 3472 erat,
494 3418 681 3474 figuram
713 3420 900 3466 eandem
928 3419 974 3465 in
1004 3419 1147 3464 tardis
1176 3420 1370 3464 motibus
1400 3432 1482 3476 per
1521 3431 1674 3463 omnes
1703 3417 1797 3462 fere
1839 3416 1980 3462 lineas
2026 3423 2324 3463 revertentem
2354 3417 2447 3462 ubi-

199 3493 289 3538 que
319 3481 580 3540 exprimere,
611 3486 861 3531 meminerit
889 3485 1026 3542 igitur
1055 3485 1314 3539 calculator,
1361 3484 1438 3531 ubi
1467 3484 1567 3528 loca
1595 3484 1840 3540 figurarum
1871 3482 2003 3538 plane
2033 3490 2218 3541 vacant,
2258 3483 2446 3540 intelligi

201 3547 414 3603 figuram,
463 3561 576 3603 quae
620 3548 766 3594 locum
809 3551 938 3595 illum
974 3551 1020 3595 in
1059 3551 1178 3596 linea
1206 3551 1410 3606 proxime
1440 3550 1662 3607 superiori
1705 3547 1839 3606 plena
1868 3548 2039 3604 implet.
2100 3550 2308 3595 Tabellas
2338 3563 2444 3595 vero

199 3613 420 3659 mensium
455 3614 506 3659 12
537 3614 642 3658 anni
670 3615 759 3658 Jul.
793 3616 1004 3672 simplicis
1042 3622 1088 3661 et
1124 3616 1296 3661 dierum
1327 3619 1378 3663 31
1412 3617 1458 3661 in
1488 3629 1640 3661 mense
1684 3614 1959 3670 longissimo,
2006 3609 2204 3671 itemque
2232 3613 2466 3660 horarum-

200 3685 286 3725 etc.
315 3678 502 3735 adjunxi
533 3678 715 3734 epochis
744 3679 854 3735 ipsis
883 3681 930 3725 in
953 3681 1107 3727 eadem
1137 3682 1265 3728 facie.
1327 3682 1416 3728 Sed
1443 3681 1489 3726 in
1521 3685 1783 3737 argumento
1815 3679 2091 3735 obliquitatis
2113 3679 2356 3736 .eclipticae
2387 3681 2443 3726 ob
2509 3707 2522 3738 χ

198 3744 458 3790 tarditatem
487 3750 635 3787 motus
695 3743 903 3788 sufficere
932 3746 1053 3792 visus
1084 3753 1155 3793 est
1185 3748 1328 3794 saltus
1357 3760 1439 3804 per
1469 3759 1612 3792 annos
1643 3750 1916 3806 quaternos,
1949 3746 2125 3790 omissis
2157 3746 2291 3791 etiam
2322 3759 2441 3790 men-

200 3809 323 3856 sibus
356 3814 401 3854 et
430 3808 709 3865 temporibus
738 3807 1061 3855 minutioribus.
