2554 4140
798 164 935 209 Liber
966 164 1176 220 Quart-us.
1236 163 1348 208 Pars
1381 161 1602 208 Secunda.
2215 162 2318 211 36⁷

72 312 281 362 laterum
318 325 417 361 non
454 316 529 361 est
566 310 976 361 demonstrabilis.
1030 312 1310 375 Sequuntur
1347 312 1551 375 proximi
1596 312 1659 359 15
1699 316 1749 360 et
1786 314 1870 373 24,
1912 313 1996 374 qui
2031 312 2179 360 etiam
2219 309 2322 357 360

71 386 299 436 efficiunt.
374 383 443 432 Hi
485 383 590 445 jam
626 384 811 433 habent
848 398 964 434 suas
1003 385 1437 434 demonstrationes
1477 386 1822 446 geometricas,
1875 384 1961 433 sed
2000 384 2198 433 viliores
2234 395 2324 430 nec

69 460 195 508 inter
232 473 284 506 se
323 458 685 521 proportionem
724 457 938 506 efficiunt
975 464 1334 522 praestantem,⁸
1356 456 1443 505 sed
1481 457 1640 517 illam,
1681 471 1808 520 quae
1846 463 1921 506 est
1958 459 2082 506 inter
2123 457 2152 504 5
2192 461 2240 504 et
2277 455 2324 516 8,

69 545 161 581 nec
197 533 248 578 in
284 530 579 580 harmonicis
620 532 834 578 omnium
871 537 985 579 sunt
1023 531 1506 580 excellentissimiet
1544 531 1698 593 primi.
1775 529 1844 577 At
1884 530 1933 577 hi
1977 533 2066 591 12,
2111 531 2178 577 30
2218 527 2326 596 (nec

71 606 198 653 enim
237 604 487 668 propiores
538 603 623 651 alii
670 603 885 652 efficiunt
923 602 1049 666 360)
1095 604 1321 652 omnibus
1357 601 1515 651 modis
1554 601 1827 651 excellunt:
1880 607 1979 650 tam
2017 604 2325 665 geometrice,

72 683 127 725 ut
164 679 248 740 qui
288 691 317 724 a
354 677 519 740 primis
557 675 724 739 figuris
762 679 810 724 in
851 676 1081 724 circulum
1117 677 1360 741 inscriptis
1385 677 1663 739 gignuntur,
1705 689 1851 737 quam
1877 674 2170 734 harmonice,
2213 674 2329 738 quia

73 764 242 798 omnes
293 749 576 797 harmoniae
628 748 818 797 duabus
857 749 989 797 hisce
1028 749 1353 798 divisionibus
1390 747 1602 797 chordae
1640 754 2077 812 repraesentantur.
2156 748 2229 795 Ex
2265 748 2326 794 iis

70 824 234 886 igitur,
273 823 359 884 qui
396 823 444 869 in
483 836 535 870 se
572 828 744 870 mutuo
783 822 915 870 ducti
954 823 1059 870 360
1099 821 1356 883 efficerent,
1396 821 1696 886 pulchriores
1734 820 1857 869 nulli
1894 821 2102 869 fuerunt.
2176 820 2327 868 Porro

73 897 231 945 minor
274 897 337 942 12
378 893 649 944 debebatur
699 894 1086 943 revolutionibus
1123 894 1319 956 Lunae,
1369 908 1465 944 non
1504 895 1662 957 major
1699 895 1795 956 30,
1847 893 1964 957 quia
2011 896 2118 941 cum
2159 892 2328 941 Lunae

18 991 29 997 -
72 969 206 1017 orbis
242 967 489 1030 quandam
526 977 663 1030 gerat
701 970 963 1030 imaginem
1001 968 1132 1016 orbis
1171 967 1316 1029 Solis,
1358 969 1683 1021 conveniebat
1720 969 1882 1028 etiam,
1925 971 1978 1014 ut
2003 968 2128 1014 sicut
2156 980 2327 1027 annus,

76 1042 158 1104 qui
199 1048 273 1091 est
311 1047 502 1105 tempus
542 1041 842 1105 periodicum
879 1039 1024 1101 Solis,
1066 1040 1254 1088 divisus
1296 1047 1369 1090 est
1406 1042 1455 1088 in
1496 1042 1615 1102 360,
1656 1041 2002 1088 numerositate
2038 1039 2227 1098 multa,
2261 1040 2331 1087 sic

74 1116 221 1164 etiam
271 1116 476 1175 mensis,
527 1115 611 1176 qui
663 1121 853 1177 tempus
903 1118 977 1161 est
1014 1112 1315 1176 periodicum
1351 1112 1548 1176 Lunae,
1602 1120 1765 1179 partes
1812 1128 1899 1162 seu
1939 1111 2042 1161 dies
2082 1113 2331 1160 sortiretur

74 1201 276 1236 numero
316 1187 491 1251 plureS‚
535 1202 681 1249 quam
718 1188 809 1234 toti
846 1200 1037 1234 menses
1076 1187 1124 1233 in
1163 1201 1291 1235 anno
1331 1189 1522 1249 insunt,
1563 1194 1716 1251 utque
1749 1191 1982 1236 cresceret
2009 1186 2330 1234 numerositas

74 1263 121 1308 in
161 1274 448 1324 progressu,
487 1261 531 1307 si
568 1261 774 1323 primum
815 1274 984 1319 annuS,
1025 1273 1256 1322 magnum
1296 1265 1500 1323 tempuS,
1541 1262 1590 1308 in
1628 1275 1820 1310 menses
1862 1262 1942 1321 12,
1983 1265 2145 1323 partes
2184 1273 2331 1322 gran-

75 1333 188 1392 des,
239 1332 351 1381 inde
398 1334 605 1393 mensiS,
661 1347 868 1396 parvum
916 1338 1123 1396 tempus,
1173 1333 1224 1380 in
1271 1333 1373 1382 dies
1404 1335 1510 1392 30,
1558 1340 1720 1398 partes
1759 1334 1970 1381 minutas
2010 1331 2331 1393 divideretur3

75 1408 399 1455 numerositas
439 1407 568 1454 enim
606 1407 773 1469 parvis
811 1411 927 1469 apta
965 1414 1051 1454 est.
1119 1405 1178 1453 Id
1215 1420 1313 1455 non
1353 1405 1524 1455 eadem
1561 1406 1921 1471 pulchritudine
1959 1406 2175 1455 futurum
2214 1411 2330 1466 erat,

17 1476 22 1478 ’
76 1482 117 1527 si
156 1481 356 1541 triginta
393 1493 584 1527 menses
623 1480 672 1526 in
715 1493 859 1540 ann0,
898 1478 1079 1541 singuli
1119 1477 1454 1528 duodenorum
1492 1479 1692 1540 dierum,
1733 1480 1953 1528 fuissent.

229 1551 369 1600 Unde
406 1553 674 1600 verisimile
708 1553 864 1615 faciS,
907 1551 970 1600 ab
1006 1551 1179 1599 eadem
1217 1567 1374 1601 causa
1413 1567 1511 1601 esse
1547 1561 1594 1602 et
1629 1554 1760 1602 illud
1796 1554 2088 1602 auctarium
2127 1551 2333 1599 revolu-

75 1628 274 1675 tionum
308 1625 519 1673 Telluris
554 1627 610 1672 in
649 1641 788 1673 anno
826 1625 896 1672 ad
931 1638 1206 1673 numerum
1242 1627 1371 1687 360,
1413 1632 1458 1674 et
1494 1627 1625 1675 hanc
1663 1626 1989 1690 appendicem
2026 1631 2191 1674 motus
2224 1623 2335 1671 Lu-

75 1713 173 1747 nae
218 1701 274 1746 in
322 1712 463 1747 anno
523 1697 592 1745 ad
648 1699 985 1747 revolutiones
1031 1697 1211 1746 Lunae
1261 1705 1546 1747 menstruas
1592 1699 1894 1750 duodecim?
1978 1697 2334 1747 Testimonium

74 1772 188 1820 huic
225 1772 295 1820 rei
332 1771 569 1835 praebent
607 1785 715 1819 cum
760 1773 895 1835 ipsae
932 1772 1144 1820 rationes
1183 1771 1328 1834 hujus
1368 1772 1724 1837 philosophiae,
1763 1778 1831 1835 ut,
1872 1772 1989 1835 quia
2020 1770 2190 1819 diurna
2217 1784 2337 1818 con-

78 1847 236 1894 versio
289 1844 421 1906 globi
461 1843 641 1892 Terrae
687 1850 854 1893 movet
892 1843 1105 1904 Lunam,
1158 1843 1320 1906 plures
1369 1846 1515 1894 etiam
1565 1852 1611 1894 et
1666 1845 1922 1895 celeriores
1960 1844 2118 1893 factae
2157 1843 2335 1892 Terrae

77 1919 420 1967 conversiones
479 1917 682 1965 celerius
733 1923 965 1965 moveant
1013 1917 1204 1966 Lunam
1262 1919 1555 1982 saepiusque
1602 1921 1882 1980 restituant,
1948 1923 2050 1965 tum
2101 1918 2335 1981 imprimis

75 2005 303 2039 numerus
359 1989 544 2038 dierum
594 1991 710 2038 anni
759 1988 942 2039 Solaris
999 1990 1102 2038 365
1157 1989 1260 2038 hor.
1304 1992 1331 2038 6
1382 1992 1529 2055 paulo
1581 1992 1714 2056 plus,
1768 1997 2076 2056 comparatus
2130 1996 2177 2039 et
2229 2003 2337 2038 cum

79 2065 390 2128 archetypico
420 2064 524 2111 360
564 2069 612 2112 et
651 2068 760 2111 cum
797 2077 996 2111 numero
1038 2063 1222 2112 dierum
1261 2066 1379 2112 anni
1398 2064 1607 2113 Lunaris
1636 2066 1740 2114 354
1766 2065 1869 2114 hor.
1900 2066 1928 2113 9
1969 2063 2117 2128 paulo
2160 2065 2335 2111 minua.

6 2180 8 2202 ,
226 2136 348 2186 Cum
397 2138 527 2185 enim
577 2151 636 2185 ex
685 2136 951 2200 archetypo
1002 2135 1256 2184 debuerint
1294 2151 1401 2186 esse
1442 2137 1545 2186 dies
1582 2140 1631 2184 in
1671 2153 1798 2188 anno
1842 2138 1974 2198 360,
2027 2136 2338 2185 revolventes

81 2210 271 2259 Lunam
309 2209 587 2271 duodecieS,
627 2211 722 2258 sint
761 2223 876 2258 vero
915 2224 1000 2273 per
1038 2212 1366 2259 accessionem
1409 2225 1588 2260 causae
1623 2211 1822 2261 alterius
1851 2211 1965 2259 facti
1997 2211 2125 2258 365:
2169 2223 2335 2258 omnes

85 2285 234 2346 igitur
272 2283 604 2332 revolutiones
640 2289 754 2331 sunt
791 2283 950 2331 factae
991 2281 1244 2332 celeriores
1282 2284 1331 2330 in
1370 2285 1706 2348 proportione,
1764 2289 1816 2332 ut
1855 2289 1928 2332 est
1969 2284 2073 2332 360
2114 2281 2176 2332 ad
2216 2281 2336 2342 365,

12 2419 13 2423 Ἰ
81 2371 238 2419 eoque
277 2363 325 2404 et
362 2356 585 2404 fortiores
623 2356 686 2404 ad
721 2355 1014 2404 movendam
1051 2355 1257 2404 Lunam.
1332 2355 1487 2405 Simul
1525 2362 1689 2407 autem
1729 2363 1775 2407 et
1813 2357 1976 2422 plures
2014 2361 2127 2405 sunt
2165 2356 2338 2415 factae,

80 2444 146 2479 sc.
188 2431 318 2479 365:
379 2443 494 2492 ergo
541 2427 960 2494 archetypicarum
1015 2430 1118 2477 360
1165 2429 1372 2478 facultas
1412 2431 1716 2481 aestimanda
1755 2437 1828 2480 est
1867 2443 2067 2479 numero
2109 2430 2234 2488 360,
2290 2433 2341 2476 at

75 2502 178 2565 jam
216 2502 389 2551 h‘arum
428 2503 531 2550 365
572 2501 778 2551 facultas
818 2503 1065 2551 aestimari
1105 2501 1250 2551 debet
1288 2517 1384 2551 non
1423 2518 1624 2553 numero
1663 2504 1782 2565 365,
1823 2506 2001 2568 quippe
2042 2502 2339 2562 celeriorum,

83 2575 170 2625 sed
209 2589 425 2636 numero,
470 2576 553 2638 qui
593 2582 668 2623 est
704 2577 847 2623 tertio
887 2574 996 2623 loco
1035 2575 1427 2639 proportionaliS,
1470 2592 1535 2626 sc.
1579 2578 1698 2626 370.
1744 2578 1830 2625 36¹
1872 2578 1989 2637 50“,
2029 2577 2071 2624 si
2109 2576 2340 2622 minutias

83 2656 427 2698 consectemur.
507 2646 693 2708 Quodsi
731 2647 963 2707 facultas,
1005 2650 1198 2711 signata
1235 2663 1435 2698 numero
1478 2651 1612 2712 360,
1660 2651 1896 2699 movisset
1932 2649 2137 2709 Lunam,
2178 2653 2232 2695 ut
2276 2647 2337 2694 12

82 2721 266 2771 reditus
305 2721 367 2771 ad
407 2719 571 2770 Solem
611 2727 660 2769 et
698 2735 866 2769 eorum
904 2720 1126 2769 ultimum
1167 2720 1229 2769 ad
1269 2722 1375 2784 ejus
1413 2722 1575 2772 locum
1619 2722 1855 2772 initialem
1894 2723 1984 2770 sub
2024 2721 2132 2768 fixis
2172 2718 2341 2768 absol-

84 2795 264 2844 visset:
304 2808 419 2857 ergo
458 2796 506 2841 in
548 2793 719 2842 eadem
757 2795 1069 2858 proportione
1107 2794 1314 2843 facultas
1354 2797 1614 2848 aestimata
1651 2810 1851 2846 numero
1891 2797 1989 2843 371
2035 2795 2180 2842 faciet
2206 2792 2342 2841 illam

69 2859 311 2933 'superare
351 2867 516 2916 Solem
558 2865 822 2916 duodecies
862 2873 908 2916 et
948 2868 1144 2931 insuper
1181 2866 1343 2916 locum
1383 2869 1488 2931 ejus
1529 2869 1764 2918 initialem
1810 2864 1937 2915 1270
1979 2869 2082 2928 10’,
2137 2871 2185 2915 et
2224 2867 2340 2928 quia

27 2954 30 2960 ·
85 2939 169 2990 Sol
207 2947 319 3006 post
358 2940 611 2989 absolutos
653 2941 757 2987 360
799 2938 917 3001 dice,
958 2948 1078 3003 quot
1117 2947 1254 2989 erant
1292 2941 1340 2988 in
1380 2942 1662 3006 archetypO,
1705 2941 1865 2991 adhuc
1904 2940 2043 2989 abest
2074 2939 2136 2988 ab
2164 2937 2342 2987 initiali

86 3014 175 3064 sub
212 3014 322 3062 fixis
360 3014 469 3062 loco
510 3027 595 3077 per
636 3009 692 3059 5⁰
726 3013 822 3073 10‘,
864 3019 1049 3075 quanto
1089 3014 1250 3077 spatio
1291 3014 1512 3076 circulus,
1555 3016 1638 3078 qui
1678 3021 1779 3063 erat
1817 3015 1866 3060 in
1906 3012 2170 3077 archetypo
2211 3011 2341 3061 divi-

87 3099 170 3135 sus
207 3088 331 3135 inter
375 3089 436 3134 12
476 3086 587 3135 loca
626 3084 955 3146 lunationum,
994 3086 1151 3135 factus
1190 3093 1263 3135 est
1302 3089 1618 3137 contractior:
1662 3087 1840 3149 adJecti
1882 3087 2028 3149 igitur
2066 3085 2116 3133 hi
2159 3081 2216 3133 5⁰
2259 3086 2342 3146 1οξ

89 3158 153 3208 ad
201 3160 312 3208 illos
357 3157 483 3208 1270
526 3160 608 3207 10¹
647 3157 862 3207 efficiunt
914 3155 1039 3206 1320
1079 3160 1179 3207 20¹.
1256 3159 1379 3209 Ecce
1429 3175 1575 3223 quam
1627 3174 1776 3224 prope
1826 3160 1992 3207 veniat
2030 3158 2152 3208 haec
2190 3159 2343 3207 ratio-

14 3235 30 3286 ,ξ
67 3233 268 3282 ‘cinatio
307 3231 371 3281 ad
410 3234 664 3281 veritatem
704 3233 751 3277 in
793 3230 975 3279 tabulis
1014 3233 1378 3291 astronomicis,
1429 3239 1482 3280 ut
1521 3247 1647 3295 quae
1686 3233 2046 3297 superationem
2083 3231 2254 3280 Lunae
2293 3233 2341 3278 in

27 3317 31 3355 ὲ
93 3317 220 3355 anno
273 3305 461 3355 sidereo
510 3304 719 3369 produnt
763 3302 890 3352 1320
930 3303 1040 3364 45’,
1095 3310 1283 3352 tantum
1327 3306 1412 3351 25‘
1451 3305 1674 3368 amplius.
1752 3303 1887 3355 Idem
1929 3306 2074 3354 etiam
2118 3319 2202 3368 per
2242 3303 2344 3353 dies

29 3360 31 3380 ¹
94 3380 206 3427 anni
232 3378 439 3427 Lunaris
480 3378 765 3440 colligemus
806 3380 891 3425 sic.
957 3376 1189 3425 Facultas
1230 3378 1402 3425 motrix
1442 3378 1800 3426 revolutionum
1838 3378 2015 3428 Terrae
2058 3379 2161 3427 360
2200 3379 2345 3427 resti-

32 3489 35 3506 ,
93 3451 263 3500 unisset
302 3451 491 3500 Lunam
531 3451 634 3500 Soli
674 3452 721 3497 in
760 3449 869 3498 loco
910 3448 1106 3511 quidem
1147 3449 1252 3511 ejus
1301 3450 1501 3511 initiali,
1556 3450 1919 3500 duodecimum:
1973 3465 2087 3515 ergo
2138 3450 2345 3499 facultas

34 3567 36 3571 ,
93 3526 372 3587 pauciorum
410 3523 792 3583 revolutionum,
841 3522 927 3571 sed
966 3527 1100 3570 tanto
1140 3522 1389 3571 fortiorum
1428 3523 1692 3585 factarum,
1733 3524 2018 3574 tantundem
2057 3524 2343 3589 praestabit.

12 3627 39 3672 Ι»,
93 3590 161 3645 Ut
194 3598 339 3660 igitur
366 3597 469 3646 365
497 3601 583 3658 (¹l4)
610 3596 939 3646 revolutiones
968 3594 1028 3643 ad
1057 3596 1175 3656 360,
1217 3596 1286 3643 sic
1310 3594 1516 3645 facultas
1544 3596 1928 3663 archetypalium
1958 3598 2061 3646 360
2088 3597 2149 3646 ad
2189 3596 2345 3645 facul-

0 3671 41 3728 ιοζ
96 3671 241 3718 tatem
290 3669 628 3719 modernarum
671 3670 774 3718 354
816 3683 925 3717 cum
964 3668 1094 3716 horis
1139 3669 1217 3716 19.
1261 3669 1363 3717 33¹.
1438 3668 1533 3718 Tot
1585 3671 1729 3733 igitur
1778 3671 2108 3721 revolutiones
2149 3669 2342 3728 Terrae,

0 3746 44 3790 ill
98 3738 195 3802 jam
232 3742 517 3792 intensiores
554 3743 727 3803 factae,
767 3744 1075 3791 restituturae
1115 3740 1307 3789 fuerunt
1346 3740 1533 3791 Lunam
1562 3742 1666 3792 Soli
1707 3743 2064 3803 duodecimum,
2104 3741 2344 3804 siquidem

0 3821 47 3887 Ι»,
99 3815 255 3876 spatia
292 3817 416 3866 inter
455 3815 595 3864 binas
635 3814 836 3880 copulas
874 3828 969 3863 non
1011 3814 1214 3862 fuissent
1253 3819 1498 3864 contracta
1536 3830 1619 3880 per
1645 3824 1959 3879 augmentum
1987 3816 2171 3864 numeri
2198 3828 2344 3862 revo-

0 3870 48 3935 ll·
101 3881 351 3940 lutionum.
418 3887 485 3937 At
522 3891 639 3952 quia
678 3889 889 3938 inferetis
928 3890 975 3934 in
1015 3900 1194 3936 annum
1229 3884 1401 3937 diebus
1427 3891 1873 3953 supernumerariis‚
1914 3889 2017 3938 dies
2046 3889 2252 3943 360¹¹¹¹¹⁸‚
2293 3891 2346 3935 ut
