2554 4140
1139 72 1405 130 Praecepta.
2302 80 2328 125 7
2339 79 2364 126 1
2377 78 2402 125 1

294 227 511 276 Praec.
551 224 671 276 185.
750 225 828 274 De
865 223 1197 288 apocatastasi
1249 225 1486 271 annorum
1524 222 1821 286 tropicorum
1859 227 1909 271 ct
1945 221 2270 284 sidemmum,
2317 237 2406 272 seu

152 299 212 350 de
250 315 377 350 anno
417 314 593 363 magno
632 297 847 348 coelesti.

290 371 586 439 Ἐξελιγμους
621 383 737 420 vero
776 383 1012 419 annorum
1036 367 1364 429 Julianorum,
1402 370 1697 431 tropieorum
1725 374 1774 416 et
1797 367 2096 417 sidereorum
2132 364 2406 430 vestigabis

156 445 387 496 methodo
425 444 676 508 superiori.
755 443 983 492 Invenies
1020 449 1185 492 autem
1224 442 1397 488 25411
1443 441 1658 490 sidereos
1706 440 1936 503 aequales
1977 441 2152 490 25412
2193 442 2406 504 tropiciS,

148 518 459 568 ,Julianorum
498 531 614 566 vero
653 522 701 565 et
739 519 1033 580 tropicorum
1071 523 1146 565 est
1182 515 1280 564 fere
1321 513 1467 578 duplo
1507 514 1704 575 tardior,
1744 528 1833 561 nec
1872 528 1968 561 non
2009 520 2057 562 et
2093 512 2405 563 Julianorum

150 607 260 640 cum
297 590 513 640 sidereis.
590 590 815 652 Denique
855 590 1069 638 omnium
1106 590 1249 652 trium
1289 590 1335 641 in
1375 585 1504 635 idem
1530 592 1677 650 caput
1715 587 1957 635 restitutio
1985 587 2242 636 immanem
2270 602 2407 636 sum-

152 680 282 713 mam
319 677 553 730 annorum
593 661 832 727 postulat,
874 678 1020 726 quam
1057 662 1279 724 relinquo
1318 660 1600 710 calculatori
1640 659 1981 722 quaerendam.

221 808 248 847 h
278 750 415 848 ἓῃθω
440 750 543 794 dicit
562 749 768 801 chlerus
791 760 914 800 supra
940 759 1166 788 »canonem
1187 747 1500 796 sexagenarium
1523 747 1725 800 dierum«,
1748 746 2037 795 complectitur
2058 756 2190 785 annos
2207 747 2264 786 60
2286 749 2326 785 et
2347 746 2407 786 sie

147 820 192 848 se
250 820 280 848 a.
309 811 363 848 ot.

334 882 384 920 In
414 881 534 920 annis
563 879 762 921 Julianis.
1053 880 1102 919 In
1135 879 1255 919 annis
1285 877 1831 929 Tropicis.1n
1864 876 1986 914 annis
2019 875 2212 918 SidereiS.

183 989 185 991 Ι
266 940 392 980 Anni.
421 935 441 950 ““
479 951 622 988 sexag.
664 937 704 979 d.
737 938 841 979 min.
981 933 1001 949 ¹¹
1041 949 1181 988 sexag
1222 937 1260 976 d.
1335 936 1346 956 ¹
1436 937 1462 956 “
1553 935 1592 956 ‘¹‘
1704 929 1726 943 '¹
1767 946 1905 983 sexag.
1941 934 1981 974 d.
2158 933 2184 953 “
2245 933 2291 957 ‘¹‘

322 1000 363 1040 l.
425 1001 466 1039 Ο.
555 1000 582 1038 6
673 998 716 1038 5.
763 998 830 1038 15.
980 998 1022 1039 0.
1117 998 1142 1036 6
1245 997 1284 1037 5.
1319 997 1387 1037 14.
1421 997 1490 1036 32.
1523 997 1595 1037 24.
1685 994 1741 1034 O.-
1819 995 1859 1035 6.
1938 993 1976 1032 5.
2012 990 2078 1033 15.
2131 995 2200 1033 24.
2267 995 2305 1033 9.

322 1060 363 1098 2.
425 1060 468 1097 0.
532 1059 598 1099 12.
663 1057 732 1097 10.
764 1057 836 1096 30.
983 1057 1156 1097 0.12.
1223 1056 1292 1095 10.
1324 1057 1394 1095 29.
1454 1056 1495 1094 4.
1527 1055 1599 1096 48.
1688 1054 1728 1092 0.
1778 1053 1865 1094 *12.
1914 1052 1985 1092 10.
2016 1052 2086 1091 30.
2133 1053 2206 1093 48.
2240 1053 2309 1094 17.

320 1118 362 1158 3.
424 1118 464 1157 0.
531 1117 599 1157 18.
662 1115 733 1155 15.
763 1115 834 1157 45.
984 1116 1027 1156 0.
1091 1115 1157 1155 18.
1223 1115 1290 1154 15.
1323 1115 1395 1155 43
1426 1114 1599 1154 37.12.
1688 1113 1730 1153 0.
1795 1113 1866 1153 18.
1914 1111 1982 1151 15.
2015 1110 2090 1152 46.
2136 1113 2206 1152 12.
2236 1112 2317 1166 26.,

296 1380 365 1447 σὀ.
427 1408 467 1446 6.
558 1378 731 1446 5.'15.
795 1408 837 1448 o.
987 1407 1028 1447 6.
1118 1405 1159 1445 5.
1203 1375 1303 1469 1¹4:
1327 1405 1395 1445 32.
1426 1405 1498 1446 23.
1531 1403 1603 1444 59.
1696 1404 1734 1442 6.
1827 1374 2088 1445 5.15.'24.
2163 1404 2206 1445 8.
2238 1404 2309 1447 38.

291 1539 392 1578 Pars
422 1540 568 1591 quarta
599 1537 836 1576 tabularum
871 1541 1036 1588 praeter
1067 1538 1300 1586 catalogum
1342 1537 1541 1586 fixarum,
1581 1546 1633 1576 ex
1666 1535 1727 1586 Ty
1731 1535 1875 1575 chonis
1906 1535 2125 1585 Progymn.
2159 1535 2404 1587 desumtum,

147 1598 250 1637 duas
292 1601 453 1637 tantum
490 1597 614 1636 refert
650 1595 836 1646 tabulas,
877 1608 981 1647 quas
1020 1598 1089 1636 hic
1127 1595 1418 1646 subjungimus
1458 1595 1509 1639 ad
1549 1606 1669 1634 usum
1709 1597 2025 1656 praeceptorum
2066 1591 2329 1647 sequentium
2367 1599 2410 1635 et

146 1667 302 1706 eorum,
333 1667 440 1708 quae
469 1655 542 1697 fol.
576 1656 677 1708 550,
710 1656 792 1696 601
825 1667 859 1696 s.
891 1655 1198 1707 praemisimus.
1818 1672 1824 1681 κ
