2554 4140
215 140 318 189 332
1045 134 1279 192 Epitomes
1310 135 1626 196 Astronomiae

159 332 165 346 ἱ
217 285 344 346 uico,
382 282 432 332 id
470 283 621 334 Terra
657 287 733 332 est
769 283 833 332 ad
869 285 1204 348 apparentiam
1243 283 1435 347 quidem
1472 285 1523 332 in
1560 284 1769 348 sphaera
1805 299 1892 335 seu
1929 287 2128 349 regione
2164 284 2320 346 Solis,
2358 285 2467 349 Ty-

163 353 176 414 ³1
222 357 365 406 choni
405 356 600 419 quidem
654 359 800 405 etiam
837 357 887 404 in
924 360 993 406 rei
1034 360 1251 406 veritate.
1324 358 1387 405 Et
1423 358 1551 406 sicut
1587 358 1672 407 Sol
1710 360 1759 405 in
1798 366 1961 407 centro
1998 359 2201 406 fixarum
2239 363 2326 417 est,
2371 359 2466 405 im-

172 427 191 498 ἶ
222 429 418 478 mobilis
455 430 558 492 ipse
595 431 645 476 in
684 429 931 478 domicilio
956 430 1209 490 immobili,
1248 431 1318 478 sic
1355 431 1518 488 etiam,
1557 437 1776 493 respectu
1803 431 1997 494 quidem
2034 437 2252 479 motuum
2280 430 2465 490 Lunae,

184 499 363 571 {Terra
412 501 673 550 immobilis
723 507 798 551 est
844 504 894 550 in
933 510 1097 552 centro
1147 502 1384 565 sphaerae
1423 502 1578 563 Solis,
1633 506 1774 566 quasi
1811 503 2090 552 immobilis.
2164 502 2301 551 Sicut
2338 504 2463 551 enim

212 575 347 637 regio
386 573 638 623 mobilium
678 576 804 624 circa
842 575 1005 625 Solem
1044 583 1116 623 est
1156 574 1396 640 ordinata,
1433 577 1505 623 sie
1541 576 1689 624 etiam
1724 577 1855 625 orbis
1895 575 2064 624 Lunae
2102 577 2229 624 circa
2266 575 2467 627 Terram

241 646 567 696 ircumductus
605 653 702 695 est:
741 647 843 696 illic
872 648 999 698 fixae
1037 647 1262 710 planetis,
1302 648 1381 696 hic
1419 647 1506 696 Sol
1544 649 1650 710 ipse
1687 649 1856 697 Lunae
1894 649 2035 696 limes
2072 653 2170 707 est,
2219 647 2283 696 ad
2321 662 2465 711 quem

233 719 301 768 lla
339 719 557 770 confecto
597 735 761 770 mense
787 720 1120 784 phasibusque
1161 721 1385 769 omnibus
1424 722 1694 769 revertitur.
1768 721 2160 780 Consentaneum
2188 727 2260 768 est
2285 721 2467 783 itaque,

232 798 268 840 lt
318 794 444 841 sicut
495 793 626 842 orbis
665 793 832 842 Lunae
882 793 1095 842 medium
1139 793 1501 857 proportionale
1551 794 1709 843 factus
1755 801 1830 842 est
1873 794 2145 842 rationibus
2181 794 2467 841 necessariis

204 879 209 922 ζ
233 870 338 914 nter
376 865 541 915 orbem
578 865 709 915 Solis
746 872 1059 929 apparentem
1098 874 1147 914 ct
1184 880 1359 929 corpus
1391 866 1572 915 Terrae
1607 868 1657 913 in
1694 866 1801 929 ejus
1839 873 2019 926 centro,
2056 867 2130 914 sic
2165 867 2311 915 etiam
2336 868 2468 928 regio

265 938 505 999 obilium‚
544 953 631 987 seu
669 941 876 989 extimus
913 939 1107 987 Saturni
1147 939 1386 1000 ambitae,
1434 940 1498 987 sit
1533 938 1744 988 medium
1783 939 2144 1003 proportionale
2181 940 2304 988 inter
2342 940 2469 987 exti-

207 995 343 1080 tuam
380 1011 635 1074 sphaeram
673 1012 876 1061 fixarum
916 1018 964 1060 et
1001 1025 1176 1075 corpus
1214 1012 1343 1061 Solis
1381 1013 1427 1058 in
1467 1018 1631 1061 centro
1667 1013 1851 1060 mundi.

216 1085 246 1131 ¹⁷2
357 1083 567 1132 Rursum
606 1083 732 1132 idem
774 1083 1026 1133 conficitur
1056 1087 1226 1147 etiam,
1258 1087 1362 1134 siue
1400 1077 1621 1147 respectu
1648 1085 1712 1134 ad
1748 1084 1981 1133 mundum
2002 1098 2224 1149 parvum,
2265 1098 2324 1132 cx
2349 1096 2471 1132 con-

212 1155 508 1205 sideratione
556 1158 710 1219 ipsius
759 1158 924 1220 magni
973 1158 1156 1208 mundi.
1233 1158 1353 1206 Cum
1403 1159 1533 1206 enim
1582 1158 1784 1207 mobilia
1822 1173 1881 1207 ex
1932 1171 2031 1206 una
2067 1164 2205 1220 parte
2244 1157 2471 1206 affectent

215 1229 603 1279 immobilitatem
641 1230 902 1279 ambientis
940 1233 1170 1293 corporis,
1209 1230 1341 1294 quod
1378 1230 1540 1279 locum
1577 1231 1802 1295 praebet,
1843 1230 1958 1279 dum
1996 1230 2150 1278 motui
2187 1231 2469 1289 renituntur,

214 1308 268 1350 ut
318 1316 415 1350 non
463 1309 600 1351 tanta
638 1303 885 1352 celeritate
923 1309 1237 1364 moveantur,
1290 1310 1523 1366 quantam
1573 1303 1768 1352 affectat
1803 1310 1984 1364 motor,
2038 1318 2097 1351 ex
2136 1301 2293 1352 altera
2329 1308 2469 1365 parte

212 1380 396 1423 motum
435 1389 494 1424 ex
530 1380 718 1425 motore
757 1376 1112 1438 quadamtenus
1138 1378 1424 1440 suscipiant,
1466 1382 1520 1424 ut
1547 1377 1593 1423 in
1619 1376 1883 1425 mobilibus
1908 1378 2205 1426 misceantur
2229 1374 2473 1438 quodam·
2508 1396 2514 1403 »

216 1446 360 1496 modo
400 1453 561 1496 motus
608 1463 666 1497 ex
706 1457 892 1499 motore
941 1455 988 1498 et
1024 1452 1163 1513 quies
1208 1465 1267 1498 ex
1303 1463 1503 1513 corpore
1540 1448 1762 1498 locante.-
1814 1450 1962 1512 igitur
1998 1451 2041 1497 si
2078 1463 2178 1497 rem
2217 1448 2471 1513 physicam

213 1520 328 1570 licet
377 1523 636 1570 enunciare
686 1522 850 1571 verbis
900 1522 1283 1582 mathematicis,
1332 1521 1537 1571 mobilia
1572 1527 1800 1586 poterunt
1838 1523 2089 1585 aptissime
2127 1521 2221 1590 dici
2258 1520 2471 1570 medium

187 1593 575 1661 ,proportionale
625 1595 750 1643 inter
795 1609 995 1660 corpus,
1048 1595 1180 1659 quod
1217 1600 1378 1644 motus
1415 1595 1524 1643 sons
1562 1601 1664 1655 est,
1720 1601 1769 1644 et
1821 1596 1945 1645 inter
1993 1608 2169 1659 corpus
2197 1575 2501 1663 immobile,
2528 1614 2534 1630 1

66 1646 70 1660 ¹
111 1674 121 1689 ’·
147 1666 354 1729 quud
390 1665 551 1722 locum
598 1672 828 1733 praestat.
918 1665 1063 1730 Quod
1115 1683 1225 1718 cum
1285 1667 1336 1718 et
1379 1667 1584 1733 physice
1633 1674 1682 1717 et
1732 1667 1953 1718 localiter
2001 1670 2065 1715 sit
2114 1681 2283 1717 verum
2337 1663 2475 1735 (fons

17 1794 25 1804 a
110 1783 115 1787 .
198 1741 342 1806 *enim
381 1745 455 1789 est
492 1742 647 1802 intus,
700 1735 875 1790 locans
909 1747 1066 1802 extra,
1105 1739 1310 1790 mobilia
1349 1743 1398 1789 in
1435 1738 1643 1806 medio),
1696 1740 1814 1789 nihil
1852 1742 2000 1804 igitur
2035 1739 2349 1790 verisimilius
2384 1745 2474 1801 cst,

212 3199 476 3248 secundum
515 3207 706 3250 nostras
745 3203 958 3250 rationes
996 3200 1208 3265 triplum,
1249 3215 1317 3250 sc
1358 3201 1628 3250 sexcenties
1667 3204 1873 3248 centena
1910 3198 2079 3248 millia.

213 1812 364 1876 uuam
414 1819 466 1862 ut
513 1814 660 1863 etiam
709 1815 1003 1877 geometrice
1032 1814 1407 1876 ,semidiameter
1458 1816 1668 1877 regionis
1716 1813 1970 1862 mobilium
2008 1815 2073 1863 sit
2108 1812 2320 1862 medium
2356 1826 2496 1876 pro--

211 1886 484 1950 portionale
522 1888 647 1937 inter
683 1886 1094 1938 semidiametrum
1134 1889 1348 1951 corporis
1386 1887 1516 1935 Solis
1552 1894 1602 1936 et
1639 1886 2050 1937 semidiametrum
2086 1886 2325 1950 sphaerae
2345 1885 2476 1934 fixa-

211 1973 342 2020 rum,
393 1965 447 2008 ut
478 1961 604 2009 sicut
641 1974 693 2010 se
730 1960 879 2010 habet
915 1961 1094 2025 globus
1131 1960 1261 2010 Solis
1300 1959 1364 2009 ad
1401 1960 1706 2023 sphaericum
1745 1968 1962 2024 systema
2010 1960 2316 2023 planetarum
2363 1971 2471 2007 om·
2530 1948 2537 1957 ’

210 2034 360 2094 nium,
399 2033 470 2081 sic
508 2031 603 2082 hoc
637 2047 692 2083 se
727 2033 911 2084 habeat
948 2033 1012 2083 ad
1049 2034 1355 2098 sphaericum
1393 2035 1542 2083 totius
1579 2032 1749 2082 mundi
1786 2047 1984 2097 corpus,
2034 2032 2239 2082 fixarum
2275 2033 2473 2096 regione

210 2107 533 2154 terminatum.
2471 2124 2475 2137 ·

359 2179 620 2242 Quomodo
664 2182 848 2228 scimus
899 2180 1136 2228 diametri
1189 2181 1414 2242 corporis
1449 2178 1580 2228 Solis
1626 2181 2005 2243 proportionem
2057 2177 2128 2226 ad
2162 2177 2475 2226 diametrum

211 2253 430 2313 reqionis
466 2252 767 2300 mobilium?
820 2252 893 2300 Ex
931 2252 1127 2315 angulo,
1168 2258 1403 2318 quantum
1442 2254 1600 2315 ipsum
1640 2265 1816 2315 corpus
1854 2251 1984 2301 Solis
2023 2255 2230 2314 occupat
2267 2251 2315 2297 in
2348 2246 2496 2305 'visus

210 2331 401 2383 nostr0‚
452 2326 782 2374 instrumentis
826 2325 1182 2375 mathematicis
1231 2325 1419 2387 adjuto.
1495 2325 1616 2373 Cum
1664 2327 1792 2373 enim
1843 2326 1884 2371 is
1922 2325 2139 2388 proxime
2178 2324 2242 2371 sit
2280 2321 2487 2372 dimidii·

210 2397 404 2459 gradus,
445 2400 678 2461 sequitur,
718 2398 854 2446 illum
881 2399 1053 2449 abesse
1080 2414 1110 2448 a
1152 2400 1260 2447 visu
1288 2400 1391 2447 229
1431 2398 1804 2447 semidiametris
1829 2398 1946 2446 suis.
2007 2396 2072 2445 At
2096 2409 2214 2444 vero
2243 2397 2375 2445 visus
2398 2399 2472 2446 est
2549 2424 2554 2437 ·

213 2471 261 2517 iu
301 2470 512 2532 Tellure,
555 2478 603 2520 et
641 2470 849 2519 Telluris
889 2472 1034 2534 orbis,
1074 2473 1202 2521 circa
1239 2469 1401 2520 Solem
1439 2473 1602 2534 positi,
1644 2470 1878 2520 diameter
1917 2469 2064 2535 paulo
2092 2468 2248 2531 major
2286 2474 2359 2518 est
2385 2467 2471 2518 de-

215 2544 340 2592 cima
376 2549 515 2606 parte
555 2544 684 2593 orbis
723 2544 945 2593 Saturni:
1000 2560 1114 2608 ergo
1153 2546 1360 2595 extimus
1398 2543 1649 2593 mobilium
1689 2544 1832 2605 orbis,
1871 2542 1965 2592 hoc
2014 2547 2088 2591 est
2126 2542 2337 2604 Saturni,
2373 2541 2471 2591 sere
2551 2578 2554 2586 Α

213 2615 420 2679 decuplo
458 2616 621 2680 plures
661 2616 789 2666 Solis
830 2617 1090 2667 diametros
1131 2618 1358 2678 continet,
1399 2617 1492 2666 hoc
1531 2624 1604 2665 cst
1644 2618 1831 2666 circiter
1868 2616 2026 2666 2000.

360 2690 573 2754 Quanta
618 2705 710 2752 per
759 2691 892 2738 hanc
938 2694 1199 2741 rationem
1250 2686 1420 2739 euadit
1459 2690 1678 2753 sphaera
1714 2690 1977 2738 stellarum
2012 2687 2276 2751 fixarum?
2329 2687 2464 2736 Sicut

212 2762 447 2811 diameter
485 2762 713 2824 Saturni,
758 2765 967 2812 extimae
1006 2764 1244 2827 sphaerae
1282 2762 1558 2822 mobilium,
1600 2764 1815 2811 continet
1854 2763 1901 2809 in
1942 2776 1993 2810 se
2033 2761 2320 2810 diametrum
2359 2773 2467 2808 cor-

215 2837 345 2899 poris
383 2835 568 2885 Solaris
615 2835 690 2884 bis
735 2835 911 2884 millies
951 2838 1166 2895 circiter,
1221 2837 1291 2885 sic
1329 2837 1476 2885 etiam
1515 2835 1752 2884 diameter
1787 2835 2024 2898 sphaerae
2062 2833 2269 2882 fixarum
2309 2833 2464 2883 conti·
2546 2882 2554 2906 ι

213 2914 348 2957 neret
386 2908 672 2959 diametrum
698 2907 893 2958 Saturni
933 2910 980 2957 in
1019 2925 1072 2960 se
1109 2910 1207 2959 fere
1243 2910 1320 2957 bis
1358 2908 1549 2957 millies.
1615 2908 1788 2970 Itaque
1829 2907 2065 2956 diameter
2101 2906 2306 2955 fixarum
2344 2910 2477 2955 con-¹
2542 2930 2554 2991 Ε

211 2982 385 3030 tinebit
434 2983 483 3030 in
530 2997 583 3031 se
621 2983 810 3031 circiter
865 2981 1156 3045 quadragies
1194 2989 1399 3031 centena
1436 2981 1590 3030 millia
1627 2978 1972 3030 diametrorum
2011 2980 2225 3043 corporis
2264 2978 2501 3042 Solaria,
2539 2993 2554 3032 t

212 3053 554 3103 diametrorum
592 3054 771 3104 Terrae
810 3052 1098 3121 (secundum
1135 3056 1495 3119 proportionem
1534 3066 1787 3117 corporum
1827 3053 1955 3104 Solis
1995 3058 2043 3103 et
2086 3052 2265 3101 Terrae
2305 3066 2335 3100 a
2373 3059 2480 3101 vti-s
2540 3060 2554 3089 «¹

214 3127 395 3174 teribus
435 3125 683 3194 creditam)
722 3128 1033 3192 quintuplum
1071 3133 1121 3178 et
1156 3127 1291 3196 plus,
1338 3127 1385 3175 h.
1427 3141 1468 3176 e.
1510 3126 1761 3175 ducenties
1801 3133 2006 3175 centena
2043 3104 2198 3174 millia
2236 3124 2377 3189 plus,
2414 3126 2476 3230 et:
2534 3129 2554 3241 fl

2549 2658 2554 2695 l

136 3281 169 3304 '³‘
357 3271 670 3322 Incredibilis
707 3289 827 3324 vero
861 3276 982 3323 haec
1019 3281 1088 3323 est
1125 3269 1411 3336 amplitudo
1447 3273 1693 3336 sphaerae
1727 3272 1975 3334 fictarum,
2029 3285 2187 3334 quam
2240 3277 2299 3319 tu
2331 3270 2474 3334 faeie-
2530 3285 2539 3326 ς

211 3345 284 3393 bis
320 3345 498 3392 millies
532 3348 780 3405 majorem
813 3348 1034 3411 sphaera
1062 3347 1295 3407 Saturni,
1334 3361 1450 3395 cum
1476 3346 1621 3409 apud
1645 3351 1826 3394 veteres
1850 3345 1942 3393 illa
1961 3346 2199 3406 proxime
2219 3344 2492 3406 superstet>-
2529 3346 2542 3409 f·

213 3417 456 3466 Saturno.
533 3418 686 3467 Immo
725 3434 841 3469 vero
881 3421 1034 3470 multo
1074 3419 1405 3469 incredibilior
1441 3425 1515 3468 est
1553 3417 1685 3482 apud
1724 3423 1916 3466 veteres
1956 3417 2218 3479 pernicitas
2255 3416 2465 3464 fixarum*
2529 3411 2534 3469 ζ

212 3495 261 3538 et
298 3488 518 3545 Saturni;
565 3504 765 3552 quorum
807 3494 1092 3542 alterutrum
1131 3508 1240 3542 cum
1278 3506 1478 3541 necesse
1517 3493 1581 3540 sit
1619 3496 1863 3554 statuere,
1900 3488 2206 3552 probabilius
2245 3494 2346 3548 est,
2384 3487 2462 3536 bis·
2524 3496 2533 3555 t

212 3561 387 3610 millies
428 3561 508 3610 vel
559 3563 735 3611 millies
786 3579 892 3615 esse
941 3567 1227 3630 ampliorem
1265 3565 1524 3629 sphaeram
1561 3563 1766 3612 fixarum
1805 3569 1952 3624 atque
1991 3568 2181 3611 veteres
2221 3561 2459 3619 dixerunt,
2526 3584 2535 3617 ,ψ

215 3630 362 3698 quam
402 3636 550 3682 vicies
590 3640 760 3696 quater
798 3638 973 3686 millies
1014 3653 1120 3688 esse
1159 3638 1436 3688 celeriorem
1476 3642 1624 3700 atque
1649 3635 1945 3699 Copernicus
1972 3636 2157 3683 statuit.
2235 3634 2309 3683 Ibi
2337 3633 2460 3682 enim
2522 3656 2529 3687 ς

213 3710 265 3756 in
303 3708 524 3769 subJ'ecto
564 3707 863 3770 amplissimo
904 3715 953 3758 et
991 3711 1119 3773 quod
1160 3717 1234 3760 est
1270 3711 1461 3759 infinito
1499 3708 1656 3758 simile
1694 3713 1853 3756 motus
1891 3709 2019 3756 inest
2053 3706 2243 3767 nullus,
2297 3706 2375 3754 hic
2411 3705 2473 3751 in¹
2521 3720 2527 3739 ν

216 3781 331 3830 orbe
370 3780 566 3830 Saturni
618 3779 809 3829 modico
859 3788 1021 3831 motus
1071 3785 1229 3833 inesse
1279 3788 1576 3834 statueretur
1623 3781 1810 3830 infinito
1861 3780 2047 3832 similis·
2123 3779 2219 3829 Per
2255 3793 2308 3829 se
2344 3787 2464 3827 vero
2519 3778 2525 3786 '

868 3951 879 3984 :‘
1184 3976 1190 3985 .
1376 3939 1379 3941 ’
2142 3978 2152 3984 .
2466 3936 2483 3979 '³
2517 3971 2520 3978 ·

754 4005 761 4011 .
866 3987 874 4003 ³
1046 4002 1049 4005 ,
1111 3998 1114 4003 ‹
1188 3992 1196 4005 ι
1487 3998 1489 4000 »
2136 3998 2138 4004 ,
2156 3986 2171 4009 x,
2407 3984 2422 4009 ε

867 4004 881 4080 ξι-
998 4063 1002 4069 ,
1084 4032 1089 4037 .
1115 4014 1138 4079 'QX
1181 4013 1213 4052 *λζ
1224 4051 1227 4054 ,
1238 4019 1246 4030 ·-»
1374 4044 1383 4063 '.
1432 4031 1463 4053 *x
1502 4028 1507 4039 ι
1614 4019 1618 4022 ’
1821 3976 1840 4066 ἱ
1869 4072 1871 4074 q
2171 4013 2248 4120 ὶκχ
2269 4005 2354 4140 ‘'N'‘
2364 4006 2508 4112 Q}
2519 4018 2526 4022 .

705 4099 715 4115 κ
752 4087 766 4098 Δ.
824 4126 826 4128 .
838 4104 849 4113 ⁴¹
870 4090 893 4128 κ’.
963 4101 966 4102 ⁷
985 4108 988 4109 ⁷
1073 4082 1092 4118 πὶ·
1136 4085 1156 4140 X·
1393 4087 1423 4129 kx
1840 4068 1910 4137 X
2147 4128 2151 4132 <
2197 4121 2206 4140 ἶ
2245 4083 2300 4140 ἡ
2354 4078 2373 4109 ι,
2480 4086 2488 4091 '¹
