2554 4140
204 135 306 184 508
537 122 540 126 ⁴
1017 109 1252 187 Epitomes
1281 129 1594 176 Astronomiae

200 281 348 328 rentis
385 278 505 338 loci,
555 277 633 326 hic
671 279 795 327 inter
831 292 999 327 verum
1036 279 1204 328 Lunae
1243 277 1403 327 locum
1442 284 1490 328 et
1526 280 1811 343 parallelum
1849 282 2101 346 eclipticas
2136 295 2222 345 per
2257 282 2432 330 visibi-

199 351 294 400 lem
329 351 489 400 locum
530 349 740 399 ductum.

270 428 275 433 ’
342 433 404 477 Ut
435 432 473 476 si
501 432 634 490 polus
666 433 901 509 eclipticae
934 435 994 479 sit
1021 435 1072 492 P,
1107 440 1151 479 et
1183 435 1236 479 SI
1263 433 1509 490 parallelus
1541 425 1794 492 eclipticae,
1825 437 2055 492 proximus
2085 437 2163 495 illi,
2194 437 2266 481 vel
2298 438 2432 483 etiam

198 499 297 554 ipsa
318 498 536 555 ecliptica,
571 511 654 555 per
677 499 706 544 S
725 500 869 544 visum
899 501 1047 546 locum
1077 501 1312 553 transiens,
1334 500 1426 555 PR,
1456 499 1525 544 PS
1557 500 1711 544 circuli
1738 500 2036 558 latitudinum,
2067 503 2142 548 ille
2171 516 2254 559 per
2281 517 2434 549 verum

198 566 346 609 locum
376 564 437 616 R,
467 565 554 608 iste
582 577 664 620 per
692 565 913 610 visibilem
945 567 997 623 S,
1037 567 1121 610 erit
1153 566 1207 610 SI
1236 564 1480 622 parallaxis
1511 564 1800 641 longitudinis
1829 567 1945 613 inter
1973 569 2076 614 PRI
2105 574 2150 613 et
2179 567 2260 621 PS,
2293 574 2341 614 at
2370 570 2434 613 RI

201 629 286 675 erit
313 628 561 685 parallaxis
592 630 841 676 latitudinis
871 633 992 676 inter
1016 633 1057 676 R
1089 637 1134 676 et
1165 632 1235 676 SI.
1719 666 1722 669 .

343 706 598 767 Quomodo
635 715 962 771 computatur
997 707 1257 770 utraque?
1301 708 1374 755 Ex
1412 707 1608 769 cognita
1645 707 1881 769 parallaxi
1917 711 2126 758 maxima
2162 709 2432 759 altitudinis

197 778 551 841 inshorizonte,
591 781 728 843 eujus
768 780 983 829 definitio
1021 781 1289 844 praemissa
1327 786 1401 828 est
1438 781 1486 826 in
1526 778 1845 841 explicatione
1884 780 2134 843 eclipsium
2170 782 2427 833 lunarium.

197 851 335 900 Tunc
385 853 512 900 enim
563 852 827 902 secundum
867 853 1134 902 doctrinam
1171 854 1312 916 primi
1350 852 1568 911 mobilis,
1623 851 1847 900 traditam
1890 851 2014 900 libro
2052 853 2142 904 ΙΙΙ.
2180 855 2263 903 fol.
2305 858 2425 917 240,

197 925 463 986 exquiritur
502 931 733 988 punctum
773 926 1025 990 eclipticae
1076 927 1234 974 oriens
1274 931 1321 974 et
1370 925 1712 988 nonagesimus
1750 925 1812 973 ab
1852 939 1910 973 eo
1949 925 2128 987 gradus
2166 942 2250 976 seu
2290 928 2432 976 altis-

197 992 348 1045 simus
398 999 547 1046 totius
602 995 872 1062 eclipticae'
901 999 964 1046 ad
1013 1000 1314 1063 propositum
1367 1003 1661 1049 momentum
1712 1003 1760 1046 et
1798 997 2027 1046 distantia
2066 997 2167 1046 dati
2204 1002 2305 1048 veri
2343 1001 2438 1049 loci

196 1069 366 1119 sideris
404 1070 467 1118 ab
505 1070 618 1131 illo,
673 1073 919 1134 quaeritur
957 1076 1005 1119 et
1042 1070 1252 1134 angulus
1289 1071 1418 1119 illius
1455 1071 1621 1134 puncti
1661 1071 1881 1131 orientis,
1922 1084 2007 1119 seu
2046 1071 2252 1120 altitudo
2290 1073 2436 1135 hujus

195 1144 512 1205 nonagesimi.
606 1143 696 1192 His
748 1144 872 1192 datis
934 1145 976 1192 si
1040 1146 1354 1201 conjiciantur
1410 1145 1459 1190 in
1516 1157 1660 1191 unam
1715 1135 1951 1191 summam
2009 1147 2106 1191 tres
2159 1143 2435 1206 logarithmi

179 1215 251 1279 -1)
288 1215 455 1278 anguli
495 1217 706 1277 orientiS‚
743 1214 812 1282 ·2)
850 1216 1173 1279 elongationis
1214 1217 1384 1265 sideris
1423 1232 1452 1265 a
1490 1217 1829 1278 nonagesimo,
1870 1212 1919 1281 3)
1957 1211 2263 1279 parallaxeos
2300 1217 2436 1266 hori-

196 1288 416 1349 zontaliS,
457 1289 764 1337 acervabitur
801 1289 1118 1350 logarithmus
1158 1290 1462 1354 parallaxeos
1499 1288 1830 1351 longitudinis.
1906 1288 1984 1337 Ita
2021 1290 2063 1336 si
2088 1289 2351 1351 conjeceris
2388 1292 2438 1337 in

196 1375 343 1409 unam
393 1375 631 1410 summam
684 1360 730 1427 1)
778 1362 1227 1425 antilogarithmum
1277 1362 1444 1425 anguli
1491 1363 1713 1422 orientiS,
1780 1361 1833 1425 2)
1881 1360 2223 1423 logarithmum
2271 1362 2438 1425 paral-

196 1434 364 1482 laxeos
402 1433 736 1495 horizontalis,
775 1435 1001 1484 conficies
1023 1435 1367 1498 logarithmum
1407 1433 1712 1499 parallaxeos
1746 1433 2031 1482 latitudinis.
2105 1434 2440 1484 Fundamenta

159 1546 163 1548 .
202 1506 347 1567 hujus
388 1509 765 1571 computationis
803 1514 916 1556 sunt
953 1510 1002 1555 in
1028 1508 1156 1556 Astr.
1186 1508 1329 1557 Parte
1358 1507 1547 1573 Optica,
1589 1522 1619 1555 a
1643 1506 1745 1561 fol.
1769 1508 1869 1555 312
1909 1508 1961 1553 in
1981 1508 2120 1557 320.
2179 1510 2367 1567 (V01.H
2395 1525 2436 1565 p.

196 1579 335 1618 326-
341 1579 424 1619 331
431 1577 458 1632 .)

350 1649 444 1699 Ubi
478 1651 626 1701 nulla
663 1657 732 1700 est
768 1652 1100 1715 lonqitudinis
1132 1652 1444 1715 parallaxis,
1483 1651 1574 1699 ubi
1602 1652 1822 1701 vicissim
1861 1651 2133 1701 maxima?
2186 1650 2245 1700 In
2281 1665 2439 1701 nona-

195 1724 380 1786 gesimo
421 1722 617 1787 quidem
654 1730 728 1773 est
764 1719 1092 1787 longitudinis.
1120 1723 1267 1782 nulla,
1308 1728 1359 1773 at
1393 1737 1490 1772 non
1527 1738 1716 1788 semper
1753 1725 1800 1771 in
1839 1724 2088 1773 horizonte
2113 1730 2187 1773 est
2221 1723 2438 1787 longitu-

197 1796 321 1845 dinis
359 1798 585 1845 maxima.
659 1797 784 1846 Nam
822 1801 863 1846 si
902 1800 1084 1846 oriatur
1110 1797 1400 1859 Sagittarius
1441 1796 1517 1845 vel
1546 1796 1877 1861 Capricornus,
1918 1797 2224 1847 decrescente
2255 1798 2435 1862 angulo

197 1871 408 1931 orientis,
450 1871 621 1918 crescit
659 1871 764 1933 ejus
789 1871 1108 1933 logarithmus
1146 1868 1293 1933 idque
1331 1869 1648 1933 sensibiliter;
1687 1872 1729 1918 si
1767 1875 1930 1919 autem
1957 1876 2071 1920 tunc
2107 1870 2251 1918 simul
2289 1872 2435 1919 etiam

196 1941 336 1991 Luna
374 1957 543 1991 versus
582 1957 807 1992 occasum
847 1950 952 2004 eat,
1003 1957 1190 2007 augens
1245 1943 1603 2005 elongationem
1641 1958 1670 1991 a
1723 1945 2060 2005 nonagesimo,
2106 1943 2433 2006 -logarithmus

194 2015 340 2078 hujus
379 2015 701 2078 elongationis
738 2019 969 2065 minuitur
1005 2031 1127 2081 pene
1166 2015 1340 2075 nihilo,
1379 2022 1574 2079 superat
1612 2016 1758 2077 igitur
1796 2017 1927 2080 prius
1965 2014 2087 2063 illud
2123 2021 2433 2078 augmentum

194 2088 531 2151 redundatque
579 2090 629 2136 in
675 2089 1021 2151 logarithmum
1071 2087 1375 2152 parallaxeos
1422 2087 1766 2151 longitudinis,
1818 2090 1984 2150 itaque
2033 2090 2260 2137 minuitur
2295 2088 2433 2151 haec,

196 2160 338 2209 Luna
387 2175 558 2210 versus
614 2161 915 2212 horizontem
970 2161 1292 2210 descendente
1347 2163 1395 2208 in
1448 2162 1599 2223 signis
1649 2160 2122 2225 septentrionalibus.
2208 2160 2433 2209 Vicissim

197 2235 346 2296 igitur
382 2235 432 2281 in
468 2233 640 2282 iisdem
678 2234 820 2283 Luna
855 2240 1080 2284 versante
1118 2240 1166 2282 et
1203 2233 1265 2282 ab
1304 2232 1550 2282 horizonte
1601 2238 1908 2296 assurgente,
1961 2240 2164 2296 augetur
2200 2235 2338 2282 initio
2377 2248 2436 2282 ex

197 2307 358 2354 causis
397 2308 663 2356 contrariis,
741 2307 959 2356 Maxima
998 2309 1144 2370 igitur
1180 2305 1492 2371 longitudinis
1531 2305 1796 2370 parallaxis
1833 2307 1881 2352 in
1920 2308 2069 2368 signis
2106 2306 2437 2354 meridionali-

194 2380 286 2428 bus
316 2384 397 2428 vest
433 2379 526 2427 sub
565 2379 830 2441 horizonte,
871 2382 919 2427 in
947 2381 1136 2444 punctis
1176 2378 1611 2441 aequinoctialibus
1636 2381 1686 2426 in
1723 2382 1830 2443 ipso
1856 2378 2121 2439 horizonte,
2161 2384 2212 2427 at
2249 2380 2296 2426 in
2324 2393 2438 2443 sep-

197 2444 566 2502 tentrionalibus
605 2467 752 2516 supra
790 2453 1105 2512 horizontem,
1146 2457 1194 2500 et
1231 2457 1345 2499 tunc
1372 2451 1578 2511 demum,
1619 2452 1702 2500 ubi
1742 2451 2001 2500 distantiae
2029 2451 2198 2500 sideris
2237 2466 2266 2500 a
2290 2465 2439 2500 nona·
2490 2486 2497 2490 -

194 2527 379 2587 gesimo
417 2524 814 2588 logarithmorum
855 2525 1123 2575 differentia
1159 2526 1444 2587 aequaverit
1480 2524 1798 2574 differentiam
1836 2523 2233 2587 logarithmorum
2273 2522 2445 2588 anguli

196 2598 407 2647 orientis.

341 2670 474 2733 Quid
522 2670 893 2719 observandum
943 2672 1078 2719 circa
1117 2669 1245 2719 Solis
1291 2668 1619 2733 parallaxes?
1668 2668 1773 2717 Etsi
1822 2683 1880 2718 ea
1923 2667 2104 2731 negligi
2143 2683 2241 2718 non
2280 2668 2439 2729 debet,

193 2744 580 2803 nonobstante,
610 2743 740 2806 quod
779 2758 876 2792 non
914 2750 1107 2806 superet
1144 2757 1293 2791 unum
1329 2744 1581 2803 minutum,
1622 2756 1718 2790 non
1758 2748 1832 2790 est
1868 2746 2030 2790 tamen
2072 2744 2275 2790 seorsim
2311 2747 2442 2791 trac-

197 2815 370 2878 tanda3
409 2815 589 2865 sufficit
628 2817 755 2866 enim
792 2818 1052 2864 maximam
1090 2815 1220 2865 Solis
1256 2814 1603 2864 horizontalem
1643 2814 1925 2863 subtrahere
1964 2829 1995 2862 a
2031 2817 2245 2863 maxima
2271 2815 2440 2864 Lunae
2507 2851 2510 2861 .

192 2889 502 2946 horizontali‚
553 2895 605 2937 ut
645 2891 964 2938 constituatur
1001 2902 1226 2939 excessus
1263 2888 1468 2948 lunariS‚
1520 2902 1664 2950 quem
1716 2885 1923 2936 dicimus
1959 2886 2229 2950 parallaxin
2271 2888 2439 2937 Lunae

195 2977 225 3009 a
250 2961 378 3010 Sole.
455 2961 586 3010 Nihil
627 2963 754 3012 enim
792 2962 935 3011 refert
962 2961 1024 3010 ad
1063 2961 1312 3026 eclipsium
1337 2959 1466 3009 Solis
1508 2961 1848 3023 cognitionem,
1889 2973 1984 3022 quo
2014 2959 2137 3008 coeli
2174 2959 2284 3009 loco
2315 2962 2442 3009 intra
2530 3030 2531 3034 Ἰ

195 3048 343 3081 unum
379 3035 616 3083 minutum
655 3035 878 3083 videatur
915 3034 1023 3095 Sol,
1064 3034 1149 3083 sed
1187 3039 1420 3096 quantum
1458 3032 1516 3081 de
1556 3032 1670 3082 Sole
1709 3038 1844 3095 tegat
1882 3032 2036 3080 Luna.

327 3106 593 3168 Numquid
618 3110 769 3156 etiam
791 3107 859 3155 ad
879 3108 1113 3169 planetas
1129 3109 1343 3170 pertinet
1367 3102 1696 3154 consideratio
1713 3106 2069 3170 parallaxium
2095 3103 2445 3153 diurnarum?

196 3177 327 3226 Nihil
367 3178 654 3228 admodum:
695 3179 933 3228 Saturnus
971 3182 1122 3240 enim,
1175 3179 1379 3242 decuplo
1417 3179 1513 3226 fere
1554 3179 1697 3226 altior
1735 3177 1865 3237 Sole,
1905 3175 2172 3241 parallaxin
2212 3177 2328 3225 facit
2363 3178 2444 3225 vix

200 3252 229 3297 8
269 3243 602 3313 secundorum,
628 3251 836 3317 ‘Jupiter
873 3252 1076 3302 fortasse
1121 3253 1183 3300 15
1223 3250 1555 3311 secundorum,
1598 3249 1792 3314 quando
1825 3249 2098 3313 plurimum.
2174 3248 2441 3298 Mercurius
2530 3279 2532 3282 >

202 3328 249 3371 et
286 3321 482 3389 VenUS,
531 3325 724 3386 quando
765 3325 943 3374 Terrae
991 3325 1251 3389 plurimum
1300 3326 1713 3388 appropinquant,
1765 3327 1879 3370 sunt
1926 3322 2074 3369 vicini
2113 3320 2242 3370 Solis
2294 3322 2441 3370 radiis

199 3408 355 3457 coque
391 3408 489 3442 non
528 3397 873 3459 observabileS,
914 3412 1002 3446 nec
1041 3397 1175 3446 addit
1200 3397 1466 3446 Mercurius
1505 3411 1661 3445 assem
1700 3394 1904 3443 alterum
1929 3393 2137 3441 solidum
2176 3393 2238 3441 ad
2277 3394 2442 3458 paral·-

196 3468 330 3516 laxin
364 3465 506 3526 Solis,
548 3468 714 3517 Venus
755 3485 883 3531 ver0,
926 3485 1034 3518 cum
1072 3472 1288 3534 proxime
1326 3468 1531 3535 accedit,
1571 3471 1603 3516 4
1629 3466 1869 3530 scrupula,
1911 3465 2234 3530 quadruplum
2258 3467 2443 3515 scilicet

200 3539 373 3588 solaris
417 3540 602 3588 circiter
653 3544 858 3603 acquirit
905 3544 952 3590 in
1001 3543 1295 3607 parallaxin,
1347 3542 1494 3604 idque
1541 3543 1590 3588 in
1635 3543 1744 3604 ipsa
1782 3539 2120 3600 conjunctione
2160 3553 2266 3587 cum
2309 3533 2440 3588 Sole.
2515 3547 2524 3598 ξ

198 3614 370 3662 Restat
407 3611 540 3660 solus
579 3611 772 3676 planeta
810 3614 965 3675 Mars,
1018 3617 1100 3677 qui
1138 3614 1374 3664 interdum
1412 3614 1516 3663 Soli
1556 3613 1808 3676 oppositus
1860 3612 2046 3659 circiter
2085 3610 2206 3660 duas
2246 3614 2440 3674 quintas

200 3683 442 3734 intervalli
489 3683 659 3732 solaris
699 3701 727 3732 a
766 3686 914 3734 Terra
953 3689 1113 3749 abest3
1164 3694 1278 3736 tunc
1316 3690 1460 3750 igitur
1510 3684 1780 3750 parallaxin
1817 3683 1974 3732 facere
2012 3690 2173 3747 potest
2200 3684 2442 3750 >*majorem

201 3758 362 3819 solari,
402 3756 586 3806 scilicet
625 3759 674 3804 2‘
715 3758 819 3824 304
859 3760 1056 3819 circiter,
1100 3762 1183 3807 vix
1220 3758 1575 3817 observabilem
1614 3754 2383 3820 ob⁸radiorum'‘explicationem.

359 3834 491 3896 Quas
541 3835 710 3898 partes
763 3832 820 3879 in
878 3831 1127 3894 eclipticae
1181 3831 1488 3881 semicirculo
1544 3834 1821 3894 apparente
1872 3829 1999 3894 facit
2051 3828 2444 3893 nonayesimus?
