2554 4140
177 119 283 204 294
432 145 436 151 ’
999 144 1236 202 Epitomes
1267 144 1586 191 Astronomiae

178 303 226 348 2.
264 296 387 345 Μ611
423 300 640 358 tempore
677 293 1004 358 HippocratiS‚
1047 293 1322 357 quoderat
1359 295 1487 342 circa
1523 292 1668 341 finem
1706 292 1891 357 Aprilis
1929 298 2145 356 tempore
2185 292 2436 342 Caesaris:

93 424 95 426 ,
176 375 343 434 itaque
380 371 526 433 poe‘ta
574 381 694 416 voce
742 369 908 429 aperit
955 368 1101 416 etiam
1141 366 1204 415 ad
1254 380 1430 415 nomen
1468 366 1648 414 mensis
1687 365 1874 426 allusit,
1927 367 1976 412 in
2028 380 2172 428 quem
2210 365 2440 415 incideret

176 445 257 493 hic
294 453 513 499 occasus,
554 439 635 488 vel
668 439 844 488 saltem
882 438 944 488 ad
981 454 1212 499 mensem,
1243 445 1351 501 'quo
1392 437 1478 486 Sol
1516 437 1733 486 Taurum
1770 437 2054 501 ingreditur.

322 513 510 562 Plinius
547 526 664 559 vero
703 512 1004 561 Caniculam
1042 514 1110 560 ait
1112 514 1277 577 ,oriri
1315 513 1553 574 Assyriae
1588 510 1648 558 X
1656 509 1746 558 VI.
1793 511 1905 563 Cal.
1940 512 2093 573 Auy„
2133 509 2253 559 alibi
2289 510 2441 560 habet
2521 546 2524 551 -

176 588 295 649 XV,
334 585 383 633 id
424 591 497 633 est
541 588 619 634 17.
667 585 745 632 18.
786 584 936 651 Julii:
979 590 1026 634 et
1064 583 1247 633 tabella
1282 588 1422 632 notat
1459 584 1509 630 iu
1548 581 1742 632 climate
1774 589 1947 646 quarto
1986 585 2305 633 emersionem
2331 584 2439 646 ejus

185 663 263 710 19.
290 658 428 708 Julii.
511 658 636 720 Ergo
678 659 725 704 in
764 659 956 707 rectiori
996 656 1219 720 sphaera,
1258 671 1325 705 sc.
1365 657 1415 702 in
1447 656 1666 719 Assyria,
1706 658 1902 704 omnino
1948 657 2029 703 18.
2068 656 2150 705 vel
2192 659 2272 704 17.
2300 655 2440 718 Julii,

177 731 461 798 praesertim
486 732 527 778 si
559 730 694 781 illam
731 745 839 779 cum
864 729 1149 778 Ptolemaeo
1175 729 1412 778 faciamus
1451 729 1634 792 primae
1661 728 2027 791 magnitudinis,
2068 743 2168 791 qua
2205 729 2266 778 de
2293 743 2443 779 causa

180 808 326 856 etiam
374 807 452 851 17.
491 802 616 851 Julii
655 809 702 852 et
740 805 963 867 superius
1003 804 1087 850 23.
1128 801 1250 850 Maii
1289 803 1514 866 apposui.
1590 801 1827 866 Respexit
1865 815 1979 864 ergo
2034 801 2112 849 hic
2149 801 2341 850 Plinius
2378 801 2442 850 ad

179 878 373 928 Eudoxi
411 882 644 940 tempora.
722 877 835 924 Alio
885 875 996 923 loco
1042 875 1320 939 perplexius
1365 873 1522 922 multa
1558 874 1702 922 simul
1740 874 1974 934 involvit,
2028 873 2194 922 dicens
2239 873 2289 922 id
2339 873 2441 922 fieri

177 951 367 1019 (Canis
391 957 547 998 ortum
584 950 826 1008 nominat,
872 961 959 1011 pro
999 941 1282 1012 Caniculae)
1319 946 1438 995 XV.
1480 940 1584 997 Gal.
1626 947 1754 1010 Aug.
1795 946 1909 995 Sole
1948 947 1998 994 in
2037 948 2192 1010 primo
2233 947 2441 1010 Leonis;

183 1037 294 1074 eum
322 1021 513 1071 ‘tabella
553 1027 719 1069 nostra
757 1020 940 1069 habeat
978 1018 1073 1067 220
1111 1018 1306 1080 Cancri,
1349 1025 1398 1069 et
1434 1020 1505 1068 sic
1547 1020 1576 1067 8
1608 1021 1789 1079 111111116,
1830 1033 1977 1081 quam
2014 1018 2097 1068 ille
2136 1019 2273 1069 dicit.
2346 1018 2442 1067 Ar-

176 1095 408 1160 rigendae
447 1100 562 1143 sunt
599 1107 755 1154 611166,
798 1092 915 1156 quid
953 1092 1047 1140 hoc
1084 1093 1179 1142 sibi
1200 1092 1334 1143 velit.
1390 1093 1516 1141 Nam
1554 1091 1704 1152 addit,
1746 1093 1918 1140 diebus
1950 1093 2018 1140 23
2035 1098 2152 1154 post
2177 1093 2441 1142 solstitium

177 1170 231 1219 id
264 1170 389 1232 fieri.
466 1166 602 1215 Alibi
633 1172 751 1228 post
789 1166 890 1214 dies
925 1163 1140 1214 XXIV.
1181 1182 1215 1214 a
1251 1166 1458 1215 solstitio
1499 1167 1556 1213 in
1604 1162 1758 1213 VIII.
1804 1166 1910 1214 Cal.
1951 1164 2114 1226 Julii‚
2168 1166 2252 1214 ubi
2293 1165 2445 1214 Cani-

178 1243 338 1292 culam
381 1239 616 1305 appellat.

325 1312 470 1375 Quod
506 1313 654 1375 igitur
694 1311 760 1359 23
803 1309 882 1359 vel
921 1311 988 1357 24
1029 1309 1132 1358 dies
1170 1323 1201 1357 a
1239 1308 1449 1358 solstitio
1489 1309 1550 1358 ad
1591 1324 1831 1359 emersum
1872 1308 2135 1359 Caniculae
2180 1317 2341 1370 notat,
2394 1310 2444 1359 id

179 1403 290 1439 cum
343 1384 528 1435 tabella
589 1384 831 1434 consentit
895 1381 959 1432 ad
1015 1381 1210 1440 Eudoxi
1264 1388 1499 1447 tempora.
1599 1383 1725 1432 Nam
1781 1381 2043 1431 solstitium
2101 1384 2351 1432 conficitur
2396 1386 2443 1431 in

179 1459 240 1510 0⁰
279 1459 451 1508 Cancri
504 1464 552 1506 et
602 1456 786 1506 tabella
834 1457 1058 1519 exprimit
1116 1453 1210 1502 220
1264 1455 1462 1517 Cancri,
1519 1455 1618 1505 fere
1673 1455 2103 1518 complementum,
2165 1458 2248 1518 qui
2304 1471 2445 1506 arcus

180 1533 429 1582 conficitur
485 1547 516 1578 a
565 1529 680 1580 Sole
737 1532 803 1578 23
856 1528 1045 1577 diebus.
1122 1526 1267 1589 Quod
1320 1535 1486 1578 autem
1535 1529 1664 1577 hunc
1718 1526 1814 1576 220
1852 1528 1928 1577 vel
1985 1528 2079 1577 230
2127 1528 2298 1578 Cancri
2353 1544 2446 1593 ap-

180 1605 332 1671 pellat
384 1601 437 1651 10
476 1603 684 1664 Leonis,
742 1601 793 1650 id
832 1603 1171 1664 cognationem
1211 1600 1362 1650 habet
1400 1616 1510 1650 cum
1547 1601 1681 1650 illius
1718 1603 1828 1650 aevi
1871 1599 2074 1664 vulgata
2112 1602 2444 1666 perplexitate,

181 1678 434 1738 credentis,
475 1676 686 1728 solstitia
722 1676 773 1722 in
814 1675 1002 1723 octavis
1040 1675 1261 1739 partibus
1287 1675 1538 1737 signorum
1575 1674 1762 1724 confici.
1836 1673 1962 1722 Nam
1987 1676 2028 1722 si
2065 1673 2263 1723 solstitii
2289 1675 2445 1736 sedeS,

180 1765 308 1816 quae
359 1751 501 1799 nobis
554 1747 631 1799 est¹
671 1746 724 1796 10
763 1748 964 1809 Cancri,
1018 1747 1304 1796 transfertur
1353 1762 1385 1796 a
1421 1747 1582 1796 Plinio
1635 1749 1684 1794 in
1725 1749 1773 1796 9.
1825 1745 1905 1796 vel
1962 1748 2008 1795 8.
2062 1747 2262 1808 Caneri,
2315 1748 2446 1812 quod

147 1821 369 1873 'disertis
418 1823 578 1871 verbis
628 1836 911 1885 expressum
958 1826 1032 1869 661
1079 1820 1162 1869 lib.
1210 1821 1289 1868 18.
1340 1835 1444 1906 cap.
1487 1821 1579 1882 28,
1637 1833 1940 1883 consequens
1987 1826 2060 1870 est
2113 1823 2336 1882 omnino,
2392 1828 2446 1870 ut

182 1911 326 1961 quem
365 1903 532 1945 nostra
573 1895 755 1943 tabella
793 1894 1010 1942 nominat
1051 1890 1146 1941 230
1171 1892 1358 1954 Cancri,
1399 1895 1440 1941 is
1479 1907 1509 1942 a
1546 1893 1707 1942 Plinio
1746 1892 1988 1942 habeatur
2023 1907 2112 1958 pro
2158 1893 2210 1942 1⁰
2247 1894 2441 1983 Leonis.

185 1970 345 2033 Quare
386 1970 532 2018 etiam
568 1968 690 2016 haec
727 1968 979 2016 annotatio
1020 1965 1247 2014 Pliniana
1286 1979 1575 2016 consensum
1614 1967 1827 2030 priorum
1866 1967 2100 2030 sequitur.

325 2041 568 2091 Occasum
619 2041 765 2090 Canis
823 2040 1067 2089 heliacum
1114 2041 1186 2088 sic
1231 2037 1462 2088 describit
1508 2039 1715 2089 Plinius,
1819 2039 1907 2088 V1.
1953 2038 2059 2088 Cal.
2103 2037 2235 2088 Maii
2290 1991 2444 2088 Canis

187 2118 379 2178 vesperi
417 2115 699 2163 occultatur
740 2115 946 2172 Atticae,
987 2111 1037 2160 id
1077 2117 1151 2161 est
1190 2113 1276 2162 26.
1309 2111 1517 2176 Aprilis3
1557 2111 1702 2160 611111.
1744 2109 1853 2161 III.
1899 2111 2149 2162 Calendas
2176 2111 2307 2160 Maii
2346 2115 2443 2160 As-

181 2192 360 2252 syriae,
400 2187 451 2236 id
488 2193 563 2237 est
601 2189 685 2235 29.
712 2185 910 2251 Aprilis,
985 2184 1148 2233 Alibi:
1184 2191 1298 2246 post
1333 2185 1436 2233 dies
1470 2185 1789 2248 undeviqinti
1812 2185 1878 2233 ab
1913 2187 2232 2247 aequinoctio
2268 2198 2441 2244 verna,

175 2277 272 2324 per
307 2261 363 2309 id
406 2259 757 2323 quadriduum
802 2261 954 2308 varia
1003 2261 1230 2320 yentium
1282 2257 1627 2308 observatione
1690 2260 1746 2307 in
1787 2255 1886 2306 IV.
1942 2259 2050 2307 Cal.
2102 2255 2235 2307 Maii
2292 2256 2447 2307 Oanis

183 2334 381 2392 occidit,
420 2335 502 2382 cui
534 2332 834 2395 praecedere
878 2331 1183 2381 Caniculam
1218 2345 1407 2380 necesse
1444 2337 1527 2379 est.
1604 2330 1757 2380 Vides
1794 2329 1931 2394 loqui
1967 2330 2181 2380 Plinium
2219 2329 2278 2381 de
2306 2329 2440 2379 Cane

180 2408 384 2474 maiore
462 2406 537 2454 De
578 2404 813 2454 Canicula
865 2403 1063 2469 quidem
1101 2397 1278 2453 frustra
1317 2410 1392 2452 est
1427 2403 1633 2453 Plinius.
1708 2403 1818 2454 Non
1857 2405 2009 2464 enim,
2065 2405 2106 2452 si
2143 2403 2266 2453 11660
2302 2417 2444 2467 prae·
2507 2431 2513 2438 ·

182 2481 310 2530 cedit
348 2479 562 2539 oriendo,
591 2485 858 2543 propterea
896 2484 943 2527 et
982 2475 1247 2526 occidendo
1286 2479 1469 2541 priores
1507 2472 1664 2537 101161,
1715 2479 1832 2540 quin
1873 2479 2036 2541 potius
2074 2477 2179 2539 ejus
2218 2491 2444 2526 0006611111

182 2553 322 2617 sequi
360 2566 560 2602 necesse
600 2557 673 2600 est
713 2551 775 2600 ob
816 2550 864 2598 id
903 2553 1087 2615 ipsum,
1140 2551 1257 2613 quia
1293 2549 1542 2615 praecedit
1580 2555 1715 2610 ortu,
1756 2550 2063 2599 contractiori
2102 2555 2307 2612 utroque
2346 2555 2443 2598 ter-

182 2629 315 2678 mino
354 2640 472 2675 suae
512 2624 865 2674 occultationis.
924 2623 1022 2673 Sed
1061 2628 1109 2672 et
1146 2622 1268 2671 illud
1309 2623 1583 2683 obscurum,
1624 2623 1871 2686 quomodo
1910 2623 1989 2672 hic
2028 2621 2173 2680 dicat,
2212 2622 2300 2671 IV.
2340 2621 2442 2671 Cal.

182 2700 305 2749 Maii
342 2713 449 2749 esse
487 2704 600 2762 post
637 2697 740 2746 dies
780 2699 843 2745 21
887 2694 976 2748 (19)
1015 2697 1078 2744 ab
1105 2697 1416 2759 aequinoctio
1449 2695 1640 2745 verno?
1679 2695 1756 2743 An
1784 2710 1899 2758 ergo
1939 2710 2140 2746 vernum
2164 2696 2244 2745 hic
2271 2696 2443 2758 aequi·
2501 2687 2509 2706 ¹

185 2773 400 2822 noctium
439 2772 627 2836 reponit
665 2772 714 2818 in
755 2771 811 2818 9.
842 2769 1048 2834 Aprilis,
1104 2783 1135 2817 a
1172 2782 1224 2819 se
1275 2771 1383 2833 ipso
1434 2768 1764 2817 dissentiens?
1822 2784 1931 2818 cum
1976 2769 2098 2819 alias
2137 2770 2446 2832 aequinoctia
2509 2826 2513 2830 ,

182 2849 230 2894 111
273 2846 356 2894 25.
395 2845 578 2904 Μ61111,
619 2844 704 2892 24.
727 2842 878 2907 Sept.,
916 2841 1179 2891 solstitium
1216 2843 1266 2889 in
1306 2841 1388 2892 24.
1414 2840 1554 2890 Junii
1590 2847 1741 2906 ponat
1779 2842 1961 2890 crebr0.
2039 2843 2180 2891 Anne
2221 2843 2294 2890 bis
2333 2840 2444 2890 hal-

183 2919 424 2970 lucinatus
471 2918 549 2965 hic
599 2923 672 2964 est
722 2917 772 2963 in
823 2915 955 2963 illius
999 2914 1151 2963 seculi
1194 2914 1620 2979 perplexitatibus,
1675 2914 1909 2979 deceptus
1960 2915 2197 2964 affinitate
2247 2914 2444 2963 rerum?

185 2992 316 3041 Inter
353 2993 491 3039 initia
528 2992 775 3052 signorum
815 2994 863 3038 et
899 2989 1015 3037 anni
1053 2986 1274 3037 cardines
1313 2993 1503 3038 veteres
1542 2986 1740 3050 quidam
1777 2994 2051 3037 statuerant
2087 2987 2268 3052 gradus
2307 2993 2442 3049 001ος

186 3066 308 3114 111161
346 3064 543 3113 eosdem
583 3068 856 3126 temporum
893 3059 1114 3110 cardines
1153 3066 1202 3109 et
1240 3060 1482 3110 Calendas
1520 3062 1756 3110 mensium
1788 3061 1969 3109 Caesar
2007 3062 2154 3110 etiam
2190 3060 2294 3110 dies
2331 3066 2443 3109 octo

187 3137 515 3200 interjecerat:
564 3149 713 3199 quare
752 3135 800 3182 in
841 3132 1069 3183 Calendis
1119 3135 1359 3197 mensium
1397 3132 1484 3182 Sol
1521 3133 1720 3182 tenebat
1757 3133 2027 3182 sedecimas
2072 3139 2235 3198 partes
2274 3134 2444 3195 siguo-

186 3224 293 3258 rum
331 3211 588 3258 vetustatis
616 3209 852 3272 (octavas
891 3205 1158 3257 secundum
1196 3221 1362 3256 veram
1400 3207 1690 3268 rationem),
1730 3205 1920 3254 Plinius
1960 3210 2075 3269 ergo
2115 3208 2260 3255 etiam
2299 3204 2444 3255 sede-

189 3284 367 3332 cimum
414 3282 540 3331 diem
578 3297 608 3332 a
648 3295 766 3330 vera
802 3280 918 3330 sede
969 3282 1266 3343 aequinoctii
1304 3279 1474 3328 tribuit
1520 3280 1856 3347 aequinoctio,
1908 3284 2099 3327 tantum
2147 3295 2178 3327 a
2216 3277 2445 3336 Calendis

189 3353 511 3414 descendens,
556 3359 799 3416 vquantum
836 3355 959 3403 scire
998 3352 1210 3403 debebat
1247 3351 1489 3402 Calendas
1526 3367 1558 3401 a
1595 3351 1863 3403 vera.sede
1902 3354 2201 3414 aequinoctii
2239 3351 2444 3400 descen-

189 3428 319 3477 disse
358 3431 689 3489 quantumque
725 3426 1038 3491 Hipparchus
1075 3426 1314 3490 principia
1349 3439 1547 3474 suorum
1579 3427 1828 3488 signorum
1873 3439 1904 3472 a
1941 3426 2188 3488 principiis
2225 3419 2471 3473 veterum·
2545 3410 2554 3442 ³

191 3499 483 3550 descendere
520 3498 650 3569 fecit.
724 3499 816 3547 His
854 3501 1000 3562 igitur
1023 3498 1171 3548 Plinii
1209 3499 1480 3548 manifestis
1517 3498 1756 3548 erroribus
1795 3497 2129 3558 dissimulatis,
2168 3496 2219 3545 id
2251 3497 2356 3559 jam
2381 3495 2443 3544 ad

190 3589 292 3624 rem
329 3573 573 3637 pertinens
612 3571 979 3634 perpendamus,
1020 3571 1152 3634 quod
1190 3571 1377 3620 Plinius
1414 3586 1446 3620 a
1486 3572 1570 3620 28.
1610 3569 1790 3634 Aprilis
1829 3570 2140 3632 quatriduum
2179 3568 2443 3618 succedens

191 3648 374 3698 tribuat
412 3645 608 3694 occasui
637 3642 783 3691 Canis
809 3643 936 3708 Sirii,
973 3658 1083 3693 cum
1121 3644 1304 3693 tabella
1328 3643 1404 3693 ad
1430 3643 1741 3709 Hippocratis
1780 3650 2001 3706 tempora
2036 3649 2240 3707 reponat
2278 3640 2463 3691 occul-¹
2543 3646 2549 3707 ξ

191 3721 428 3770 tationem
478 3716 584 3779 ejus
632 3715 694 3764 ad
734 3718 782 3765 2.
821 3713 966 3775 Μ611,
1020 3716 1152 3778 quod
1190 3722 1318 3767 esset
1367 3722 1583 3780 tempore
1620 3717 1766 3764 Plinii
1805 3715 1989 3765 ultimis
2036 3715 2207 3764 diebus
2247 3713 2439 3778 Aprilis.

192 3793 291 3843 Hic
340 3793 487 3855 igitur
538 3803 597 3839 ex
644 3789 789 3850 sectis
840 3794 1076 3850 quatuor,
1136 3803 1259 3851 quas
1308 3790 1577 3853 praefatur,
1632 3789 1856 3837 Caesaris
1905 3790 2212 3853 poti-ssimum
2261 3793 2442 3836 sectam

193 3870 391 3919 secutus
430 3876 539 3914 esse
575 3859 783 3913 videtur.
857 3860 1067 3911 Rursum
1103 3860 1233 3912 idem
1270 3862 1460 3914 Plinius
1498 3877 1558 3914 cx
1596 3860 1853 3927 disciplina
1889 3861 2243 3928 Aegyptiorum
2284 3856 2443 3925 prodit
