2554 4140
221 140 328 189 462
1011 193 1015 197 ⁵
1047 136 1287 192 Epitomes
1315 137 1634 182 Astronomiae

226 284 479 346 sphaerica
531 282 649 331 solio
700 278 821 330 251.
873 283 990 331 252.
1047 290 1095 331 et
1132 283 1242 331 libri
1290 282 1436 345 hujus
1475 284 1562 332 VI.
1602 291 1738 346 parte
1782 287 1964 348 prima3
2016 287 2157 334 tertio
2206 286 2470 349 parallaxis

226 356 399 404 diurna
439 354 522 415 (de
563 370 673 417 qua.
697 356 744 400 in
785 354 1003 404 doctn’na
1043 355 1100 403 de
1141 356 1402 418 eclipsibus
1442 357 1656 419 agetur),
1706 373 1830 420 quae
1870 360 2014 407 etiam
2056 361 2189 405 visus
2229 366 2302 407 est
2340 361 2470 407 acci-

223 428 355 476 denS.
440 427 579 476 Haec
619 428 746 475 enim
786 441 893 475 cum
933 430 980 475 in
1028 431 1199 476 ceteris
1245 428 1455 490 planetis
1505 431 1566 496 ob
1606 431 1860 480 intervalla
1899 433 2132 479 immensa
2172 433 2335 479 sentiri
2373 446 2468 479 non

217 503 386 562 possit,
426 502 474 547 in
515 500 656 547 Luna
687 499 807 561 jam,
847 506 901 553 ut
938 502 1115 561 vicina,
1156 501 1312 549 facile·
1339 508 1421 550 est.
1451 502 1710 550 sensibilis,

737 618 819 667 De
855 618 1328 681 inaequalitate
1368 618 1581 675 Lunae
1617 619 1851 668 soluta.
1875 598 1946 684 ⁹⁷3)

365 718 553 779 Quibus
599 721 731 767 inter
767 734 816 768 se
851 720 1144 768 nominibus
1181 726 1227 768 et
1263 736 1363 783 quo
1399 735 1574 768 rerum
1613 720 1898 768 discrimine
1943 720 2331 782 distinyuuntur
2376 725 2472 766 tres

220 789 384 838 dictae
422 793 581 840 reales
620 791 801 839 Lunae
837 794 1262 853 inaequalitates?
1311 793 1520 842 Ratione
1559 795 1741 855 primae
1769 793 1958 840 illarum
1996 792 2166 839 similis
2202 800 2275 840 est
2313 800 2472 838 motus

217 862 398 911 Lunae
423 865 635 912 motibus
673 867 1033 927 primariorum,
1086 866 1339 928 explicatis
1391 866 1514 914 libro
1562 866 1632 929 V,
1682 868 1866 914 ratione
1916 864 2157 912 secundae
2210 872 2256 912 et
2303 867 2470 912 tertiae

186 976 187 979 ,
218 935 480 986 dissimilis.
558 937 721 985 Prima
759 939 834 985 sui
874 937 1234 999 quodammodo
1269 940 1392 1001 juris
1432 946 1519 998 est,
1562 953 1700 986 suam
1738 939 1981 1001 propriam
2010 939 2275 986 observans
2301 939 2467 999 perio-

217 1009 330 1057 dum
347 1006 366 1070 ,'
409 1010 624 1072 reliquae
664 1010 788 1058 duae
827 1016 940 1058 sunt
977 1009 1207 1076 alligatae
1245 1011 1308 1060 ad
1348 1011 1777 1073 configurationem
1816 1013 1958 1059 trium
1998 1024 2279 1072 corporum,
2321 1009 2465 1068 Solis,

104 1084 106 1087 '
173 1135 177 1139 ,
218 1082 385 1138 Lunae
426 1089 474 1131 et
506 1082 697 1144 Terrae,
736 1098 824 1132 seu
862 1082 927 1131 ad
965 1096 1250 1168 congressus
1289 1090 1581 1150 apparentes
1619 1084 1748 1132 Solis
1788 1090 1835 1132 et
1862 1083 2045 1131 Lunae.
2122 1083 2285 1130 Prima
2322 1083 2468 1145 igitur

216 1156 477 1219 periodica,
517 1155 730 1218 reliquae
757 1147 1048 1219 synodicae3
1087 1159 1243 1220 prima
1269 1157 1445 1219 soluta,
1486 1156 1578 1207 hae
1616 1164 1904 1217 menstruae,
1934 1156 2026 1204 hoc
2051 1162 2124 1204 est
2149 1155 2210 1203 ad
2238 1157 2473 1204 mensium

179 1223 182 1227 ’
221 1228 400 1292 phasee
438 1227 668 1291 alligatae
709 1228 800 1277 dici
840 1236 1058 1291 possunt

364 1298 552 1356 Quibus
585 1302 930 1351 occasionibus
979 1308 1144 1351 motus
1182 1301 1385 1351 ΙΛιηαε
1408 1305 1464 1350 in
1518 1304 1728 1364 lonyum
1780 1302 2041 1365 tripliciter
2086 1302 2370 1363 inaequalis
2407 1305 2475 1348 est

217 1375 452 1438 effectus?
501 1374 642 1423 Luna
681 1374 871 1423 duabus
912 1374 1104 1446 vehitur
1143 1376 1404 1425 virtutibus
1443 1377 1570 1425 circa
1607 1375 1821 1434 Terram,
1867 1372 1913 1438 1)
1950 1375 2127 1437 specie,
2169 1388 2293 1435 quae
2334 1388 2471 1421 ema-

225 1453 310 1496 nat
351 1461 376 1496 e
417 1460 616 1510 corpore
652 1447 860 1497 Telluris
899 1449 947 1496 in
986 1449 1224 1496 rotatione
1260 1449 1557 1510 constituto,
1610 1449 1665 1509 2)
1704 1450 1756 1495 vi
1795 1447 1990 1495 luminis
2022 1446 2220 1508 Solaris‚
2261 1453 2315 1494 ut
2351 1446 2472 1494 libro

215 1519 302 1568 IV.
343 1519 425 1568 fol.
452 1514 588 1568 359.
628 1519 955 1584 disputatum3
1008 1535 1210 1583 quarum
1251 1535 1508 1570 causarum
1546 1522 1784 1584 posterior
1832 1518 1923 1569 etsi
1961 1519 2221 1582 degenerat
2260 1522 2308 1566 in
2350 1533 2470 1567 con-

217 1593 425 1642 ditiones
463 1594 659 1656 prioris,
709 1608 820 1643 eum
857 1595 920 1641 sit
956 1593 1077 1641 nihil
1115 1593 1274 1655 aliud,
1327 1609 1472 1657 quam
1512 1594 1644 1642 illius
1682 1592 1979 1655 fortificatio,
2021 1599 2075 1640 ut
2114 1598 2187 1640 est
2223 1592 2306 1641 fol.
2350 1593 2470 1651 360,
2531 1636 2544 1658 ,

147 1672 152 1677 '
218 1666 347 1727 365,
406 1664 719 1729 distinguitur
771 1673 934 1719 tamen
983 1667 1091 1729 ejus
1136 1667 1335 1720 effectus
1384 1682 1617 1730 expressa
1660 1668 1933 1735 quantitate
1980 1679 2012 1717 a
2058 1666 2228 1728 priori:
2282 1667 2512 1733 quoties·

219 1741 345 1789 enim
386 1737 527 1787 Luna
566 1745 790 1802 quartam
827 1740 1014 1791 orbitae
1052 1746 1239 1810 partem
1277 1755 1308 1789 a
1347 1740 1524 1803 copula
1561 1753 1649 1791 seu
1690 1737 1784 1789 90ο
1819 1737 2053 1795 absolvit,
2093 1740 2238 1788 toties
2279 1737 2469 1800 disper-
2537 1789 2547 1804 ρ

103 1811 107 1838 ³
140 1870 142 1874 v
216 1811 367 1863 tiendi
406 1818 520 1860 sunt
556 1813 606 1860 hi
646 1810 740 1862 90ο
776 1811 1094 1875 longitudinis
1133 1815 1256 1862 inter
1294 1812 1450 1863 dictas
1473 1813 1610 1867 'duas
1649 1826 1823 1864 causas
1869 1818 2150 1871 movente8‚
2200 1817 2248 1860 et
2287 1810 2473 1864 Telluri

217 1884 423 1947 quidem.
453 1882 546 1934 87⁰
586 1886 692 1951 51‘,
728 1885 900 1934 lumini
939 1900 1055 1935 vero
1093 1884 1222 1938 Solis
1258 1886 1441 1941 residui
1481 1884 1539 1940 2⁰
1579 1887 1628 1938 θ’
1666 1892 1780 1938 sunt
1818 1886 2003 1949 accepti
2029 1883 2227 1945 serendi,
2268 1890 2322 1932 ut
2346 1883 2470 1932 infra

213 1960 265 2007 in
303 1958 627 2021 explicatione
668 1960 951 2008 variationis
1002 1957 1272 2008 audiemus.
1348 1958 1445 2008 Sed
1485 1958 1692 2008 Telluris
1740 1953 1939 2021 quidem
1973 1958 2187 2021 species,
2234 1961 2467 2020 quantum

214 2032 264 2077 in
301 2045 382 2095 se,
411 2033 508 2079 vim
546 2046 686 2083 suam
724 2033 901 2081 exserit
938 2031 1223 2094 aequaliter,
1261 2031 1458 2080 luminis
1500 2045 1615 2083 vero
1664 2023 1868 2083 effectus
1901 2030 1964 2082 ob
2003 2044 2179 2083 causae
2214 2029 2300 2079 i'ol.
2343 2030 2472 2082 364..
2527 2084 2536 2094 ,

216 2103 369 2164 dietas
408 2103 715 2167 dispensatur
754 2104 1087 2168 inaequaliter.
1161 2104 1301 2165 Haec
1329 2107 1474 2167 igitur
1500 2119 1596 2156 una
1620 2109 1695 2155 est
1720 2102 2059 2166 inaequalitas
2099 2117 2159 2155 ex
2183 2104 2292 2166 ipsa
2318 2116 2469 2151 causa

214 2183 443 2229 movente
493 2180 542 2224 in
587 2177 813 2240 longum,
866 2192 994 2240 quae
1040 2177 1164 2230 infra
1208 2178 1494 2231 tractabitur
1543 2177 1713 2227 ultimo
1762 2175 1870 2231 loco
1917 2175 2199 2238 diceturque
2238 2176 2464 2231 variatis.

214 2249 507 2314 Supervenit
537 2250 643 2313 jam
680 2252 875 2313 utrique
912 2264 1089 2305 causae
1126 2246 1343 2300 moventi
1381 2251 1711 2301 eccentricitas
1749 2242 1944 2309 Lunae,
1995 2249 2178 2302 faciens
2215 2246 2469 2311 utriusque
2534 2294 2539 2300 .

184 2337 394 2373 v‹zausae
433 2324 645 2373 metricis
685 2323 883 2376 effectus
931 2338 992 2376 ex
1039 2337 1093 2372 se
1130 2325 1422 2391 ipsa-etiam
1461 2322 1761 2385 inaequales,
1838 2322 1900 2370 Et
1922 2335 2056 2370 -ecce
2097 2329 2192 2370 tres
2231 2322 2468 2383 inaequa-

214 2394 393 2455 litateS‚
435 2410 560 2459 quae
599 2409 659 2445 ex
694 2396 789 2445 hoc
824 2395 933 2446 loco
969 2396 1072 2459 jam
1109 2410 1200 2445 suo
1238 2396 1488 2458 quaelibet
1526 2395 1693 2444 ordine
1731 2393 2110 2457 explicabuntur.

361 2469 619 2531 Quomodo
654 2475 933 2531 potuerunt
959 2471 1093 2517 inter
1127 2482 1176 2517 se
1199 2468 1417 2517 discerni
1450 2467 1759 2519 observando
1785 2466 1875 2516 tot'·
1893 2467 2282 2530 inaequalitates
2305 2465 2479 2518 realem
2527 2470 2544 2494 x

143 2550 147 2555 ’
213 2556 492 2604 earumque
540 2542 896 2591 circuitiones?
950 2541 1336 2605 Inaequalitates
1390 2548 1665 2596 menstruae
1718 2546 1832 2594 sunt
1887 2539 2118 2602 alligatae
2179 2537 2242 2588 ad
2302 2537 2471 2587 Solem
2515 2547 2538 2566 ’·

217 2615 440 2677 ejusque·
471 2616 750 2679 oppositum
799 2614 880 2664 vel
924 2615 1037 2666 loca
1074 2612 1342 2677 quadrata,
1393 2616 1465 2663 sic
1514 2620 1569 2664 ut
1615 2614 1680 2664 ab
1717 2612 1793 2665 his
1830 2615 2032 2678 punctis⁸
2060 2612 2293 2674 incipiant
2332 2617 2381 2660 et
2418 2612 2474 2663 in.

216 2687 337 2739 haee
374 2691 709 2750 terminentur3
748 2687 889 2740 facile
926 2689 1073 2751 igitur
1109 2695 1315 2750 possunt
1339 2688 1617 2754 astronomi
1638 2685 1827 2743 solutae
1867 2685 2207 2749 inaequalitati
2234 2682 2474 2744 insidiari,
2552 2699 2554 2711 2

217 2774 327 2810 cum
363 2766 438 2811 est
474 2761 707 2821 solitaria,
747 2762 798 2808 in
838 2762 954 2824 ipsis
993 2759 1208 2827 articulis
1247 2760 1665 2822 conjunctionum,
1713 2756 2075 2823 oppositionum
2115 2764 2163 2808 et
2202 2756 2473 2821 quadratu-

216 2847 392 2885 rarum.
467 2833 642 2883 Soluta
689 2848 807 2884 vero
858 2833 1206 2897 inaequalitate
1254 2834 1392 2895 jam2.
1408 2834 1680 2897 explorata,
1741 2837 2049 2896 computatur
2104 2829 2244 2881 locus
2299 2829 2469 2897 Lunae

202 2907 481 2966 ,secundum
521 2915 627 2957 eam
665 2906 728 2956 ad
766 2906 979 2969 quodvis
1015 2912 1312 2968 momentum
1350 2908 1528 2955 mensis
1566 2904 1903 2955 intermedium
1939 2910 1989 2954 et
2015 2909 2323 2967 eomparatur
2361 2907 2510 2956 cum·

202 2979 506 3045 {obser-vat03
529 2972 615 3030 'sie
653 2994 712 3029 ex
750 2979 1021 3029 differentia
1059 2981 1558 3042 utriusquepatescit
1595 2979 2030 3042 quantitasetiam
2067 2982 2435 3029 menstruarum„
2514 2978 2554 3010 ι’

204 3108 209 3112 ,
362 3052 618 3115 Quomodo
655 3053 820 3102 soluta
857 3047 1198 3114 inaequalitas
1226 3051 1584 3100 animadverti
1625 3057 1783 3114 potest
1830 3053 1982 3098 etiam
2019 3051 2076 3103 in
2113 3050 2466 3109 conjunctione

205 3122 398 3173 ²Lunae
436 3141 551 3174 cum
591 3125 727 3185 Sole,
777 3140 894 3174 cum
933 3125 1090 3180 Luna
1134 3131 1256 3173 tunc
1305 3125 1460 3173 lateat
1509 3124 1600 3174 sub
1637 3123 1797 3173 radiis
1836 3122 1999 3175 Solis?
2055 3122 2160 3170 Etsi
2200 3121 2515 3184 plerunque&

197 3195 361 3245 *Luna
397 3199 490 3246 sub
527 3198 643 3251 Sole
681 3198 814 3257 latet,
855 3205 907 3248 at
945 3213 1055 3266 cum
1093 3196 1258 3248 Solem
1296 3199 1432 3260 tegit,
1473 3204 1587 3247 tunc
1624 3196 1701 3246 vel
1742 3197 1951 3252 maxime
1990 3201 2038 3245 et
2075 3196 2325 3259 aptissime
2364 3207 2474 3249 cer„
2504 3228 2507 3230 -

207 3269 362 3328 nitur,
401 3272 449 3321 in
487 3272 596 3333 ipso
635 3270 822 3320 scilicet
855 3270 991 3320 disco
1030 3271 1244 3335 corporis
1280 3270 1470 3319 solaris.
1859 3300 1861 3302 -
2552 3270 2554 3281 ¹

208 3391 213 3407 ἶ
367 3342 477 3400 Qua
514 3346 570 3391 in
607 3360 662 3391 re
700 3346 933 3392 convenit
967 3345 1133 3393 soluta
1169 3344 1513 3411 inaequalitas
1550 3348 1715 3392 motus
1739 3318 1922 3389 Lunae
1959 3354 2075 3388 cum
2097 3340 2476 3408 primariorum,
2551 3341 2554 3366 *

208 3413 546 3475 planetarum
586 3418 951 3478 inaequalitate
985 3418 1160 3479 prima
1182 3416 1330 3478 dicta,
1371 3422 1418 3464 et
1454 3430 1558 3477 qua
1583 3417 1640 3462 in
1676 3429 1730 3462 re
1755 3411 2037 3475 discrepat?
2091 3412 2134 3462 1.
2174 3411 2310 3461 Idem
2340 3418 2472 3461 trae-
2552 3408 2554 3464 ζ

129 3507 132 3510 ·
211 3492 313 3552 ωε,
352 3481 542 3539 zodiaci
581 3489 804 3537 scilicet
792 3504 840 3536 in
877 3489 1086 3553 sphaera
1117 3488 1336 3549 fixarum,
1375 3488 1737 3551 superimminet
1774 3491 1874 3533 tam
1901 3485 2086 3533 orbitae
2113 3484 2283 3533 Lunae
2323 3497 2473 3545 quam

211 3559 390 3608 'ceteris
427 3573 512 3606 sex
552 3561 718 3608 orbitis
757 3563 1090 3624 primariorum
1134 3562 1456 3625 planetarum.
1534 3563 1581 3608 2.
1630 3558 1765 3608 Sicut
1802 3559 2016 3621 primarii
2066 3563 2112 3606 et
2150 3556 2318 3606 Tellus
2359 3558 2475 3619 ipsa

219 3633 515 3681 circumeunt
560 3645 732 3695 corpus
772 3633 900 3682 Solis
949 3635 1117 3683 orbitis
1169 3650 1200 3684 a
1237 3633 1353 3683 Sole
1399 3633 1677 3683 eccentricis
1727 3635 1775 3680 et
1813 3630 2058 3679 celeritate
2097 3628 2469 3678 accommodata
2544 3630 2551 3681 ἶ

213 3703 283 3753 'ad
321 3702 581 3753 intervalla
619 3703 747 3752 Solis
798 3707 1082 3764 variabilia,
1135 3708 1205 3755 sic
1243 3707 1383 3755 Luna
1427 3706 1658 3769 privatim
1705 3717 1794 3763 suo
1846 3704 2040 3765 proprio
2079 3709 2213 3750 motu
2252 3701 2473 3761 circumit,
2545 3717 2548 3728 ·

219 3776 397 3827 Terrae
434 3776 649 3839 globum,
692 3777 795 3824 orbi
789 3783 849 3824 ta
886 3793 916 3825 a
953 3778 1102 3827 Terra
1139 3780 1406 3829 eccentrica
1443 3784 1492 3827 et
1530 3776 1775 3871 celeritate
1814 3775 2182 3852 accommodata
2218 3774 2279 3824 ad
2318 3776 2469 3822 inter·

220 3838 353 3899 valla
389 3849 560 3902 Lunae
598 3856 645 3899 et
683 3849 861 3901 Terrae
904 3852 1171 3900 variabilia.
