2554 4140
203 145 303 193 110
1074 139 1307 186 Horroccii
1335 137 1563 185 Judicium

203 294 479 352 competere
529 283 724 352 probat)
775 287 938 350 inepte
988 290 1226 352 assignari
1271 289 1321 335 in
1376 293 1558 350 puncto
1606 287 1772 350 aliquo
1809 287 2176 347 mathematico,
2233 288 2451 351 proxime

199 375 374 424 corpus
413 359 786 420 nobilissimum,
827 360 912 408 sed
949 362 1114 423 potius
1152 362 1200 409 in
1239 362 1346 424 ipso
1386 373 1586 424 corpore
1622 361 1952 421 nobilissimo,
1992 360 2126 423 quod
2163 362 2239 408 vis
2277 361 2450 408 motrix

198 448 297 482 non
335 438 498 496 potest
534 431 744 481 residere
783 434 831 479 in
869 442 1052 496 puncto
1090 433 1434 482 mathematico
1473 432 1625 500 (quod
1672 447 1724 481 re
1761 447 1880 481 vera
1919 433 2039 481 nihil
2078 430 2197 499 est),
2246 432 2332 482 sed
2370 447 2451 480 rc-

197 506 345 569 quirit
400 519 590 568 corpus,
649 507 875 554 nimirum
931 520 1012 555 cor
1061 505 1256 567 mundi,
1312 504 1492 554 Solem.
1569 505 1759 554 Deinde
1814 514 2193 555 consentaneum
2246 512 2450 554 naturae

197 577 402 639 videtur,
445 577 682 640 cujusque
719 577 947 641 planetae
987 587 1171 627 motum
1207 593 1294 642 per
1332 593 1384 626 se
1423 579 1694 642 simplicem
1731 593 1838 627 esse
1875 593 1965 628 nec
2002 580 2063 627 ab
2089 577 2290 628 alterius
2315 583 2451 626 motu

196 653 373 714 quovis
411 650 556 700 modo
607 651 836 714 pendere.
911 651 1026 700 Jam
1069 666 1215 711 vero,
1276 656 1318 698 si
1355 658 1518 699 motus
1566 651 1862 714 reliquorum
1898 651 2205 715 planetarum
2253 665 2349 700 non
2388 649 2449 699 ad

195 726 354 788 ipsum
394 722 586 782 Solem,
625 723 712 772 sed
751 725 815 773 ad
855 732 1071 773 centrum
1110 723 1242 772 orbis
1280 722 1491 772 Telluris
1530 726 1967 787 assignaverimus,
2019 731 2076 772 ut
2112 725 2228 773 facit
2265 724 2451 787 Coper-

194 800 363 856 nicus,
416 797 699 859 pendebunt
750 811 915 846 eorum
953 804 1116 845 motus
1168 812 1199 844 a
1236 804 1372 844 motu
1411 796 1606 845 Terrae.
1680 797 1894 846 Mutatio
1932 799 2139 860 apogaei
2177 797 2307 845 Solis
2346 795 2452 861 (aut

195 871 359 933 potius
397 869 580 932 aphelii
605 868 803 934 Terrae)
843 879 895 917 ut
933 876 982 918 et
1019 871 1225 918 mutatio
1265 871 1640 919 eccentricitatis
1679 871 1785 933 ejus
1823 870 1885 934 (si
1911 869 2056 918 modo
2092 885 2150 919 ea
2174 869 2277 918 ulla
2302 870 2451 932 esset)

195 949 405 991 mutaret
442 949 657 992 centrum
695 943 988 1005 reliquorum
1029 943 1353 1005 planetarum.
1432 941 1561 1004 Quid
1599 942 1696 991 illis
1736 957 1844 991 cum
1885 942 2074 992 Terra?
2147 943 2320 991 Nonne
2358 941 2452 990 hoc

199 1023 274 1065 est
311 1022 471 1064 motus
521 1029 686 1064 eorum
727 1015 788 1063 ad
828 1014 1007 1063 Terrae
1059 1022 1220 1063 motus
1259 1029 1406 1064 coeco
1447 1030 1686 1064 consensu
1736 1015 1962 1078 alligare,
2020 1022 2074 1063 ut
2112 1022 2253 1064 vetus
2290 1021 2450 1063 astro-

195 1090 359 1138 nomia
385 1090 487 1152 pari
528 1102 685 1136 errore
713 1089 830 1136 facit
869 1087 932 1135 ad
956 1087 1159 1137 Solem?
1198 1087 1303 1150 Ego
1343 1096 1469 1137 certe
1496 1104 1652 1151 aeque
1691 1088 1955 1137 absurdum
1976 1087 2157 1145 judico.
2234 1087 2453 1137 Tertium

196 1169 536 1225 argumentum
574 1159 775 1223 Kepleri
813 1161 906 1209 hoc
946 1167 1041 1210 est:
1082 1163 1122 1209 si
1163 1175 1338 1225 corpus
1359 1153 1489 1210 Solis
1527 1176 1623 1210 non
1661 1168 1905 1211 statuatur
1944 1167 2160 1211 centrum
2198 1175 2450 1210 commuue

197 1236 382 1284 orbium
427 1233 702 1294 mobilium,
744 1233 831 1282 sed
870 1241 1087 1282 centrum
1126 1234 1257 1282 orbis
1295 1234 1499 1292 Terrae,
1552 1236 1635 1283 fiet
1675 1242 1727 1283 ut
1765 1249 2066 1283 communem
2106 1234 2240 1281 illum
2278 1234 2451 1297 planc-

192 1315 347 1357 tarum
388 1307 567 1355 nodum
604 1306 710 1354 sola
743 1305 909 1355 Tellus
948 1321 1036 1369 pro
1074 1321 1244 1355 norma
1281 1309 1358 1355 sui
1396 1315 1558 1356 motus
1597 1314 1770 1356 exacte
1811 1309 2068 1367 observet,
2115 1307 2290 1370 reliqui
2334 1307 2446 1355 hinc

195 1381 330 1429 illinc
379 1382 442 1429 ab
484 1394 540 1428 eo
580 1379 696 1427 fient
734 1381 1004 1429 eccentrici.
1081 1380 1148 1428 At
1186 1393 1313 1442 quae
1366 1380 1512 1443 hujus
1553 1381 1850 1429 diversitatis
1899 1380 2083 1429 causa?
2162 1379 2442 1429 Absurdum

201 1453 407 1514 videtur,
448 1459 502 1501 ut
539 1451 750 1501 Telluris
789 1454 1122 1502 eccentricitas
1161 1452 1224 1501 ad
1264 1452 1428 1502 Solem
1467 1454 1727 1513 reseratur,
1768 1466 1935 1502 omnes
1973 1453 2148 1516 reliqui
2201 1452 2263 1501 ad
2302 1451 2450 1502 alium

198 1540 501 1575 communem
541 1523 723 1573 nodum
762 1527 1038 1589 respiciant.
1116 1525 1284 1589 Longe
1322 1526 1498 1575 melius
1536 1527 1800 1590 Keplcrus,
1841 1528 1924 1588 qui
1963 1527 2176 1574 omnium
2215 1527 2450 1575 eccentri-

197 1602 371 1649 citates
410 1599 472 1647 ab
512 1612 608 1646 uno
643 1606 839 1662 puncto,
881 1598 1010 1647 Solis
1049 1612 1266 1663 corpore,
1305 1598 1519 1648 deduxit.
1598 1599 1736 1662 Quae
1772 1598 2060 1664 hypothesis
2098 1613 2157 1648 eo
2196 1605 2450 1663 praestan-

195 1674 290 1721 tior
329 1678 417 1733 est,
459 1673 589 1734 quod
628 1670 903 1733 parallaxes
943 1671 1074 1720 orbis
1101 1671 1357 1735 dupliciter
1381 1673 1667 1736 inaequales
1695 1672 1874 1722 reddit:
1915 1674 2140 1721 nimirum
2177 1687 2235 1723 ex
2258 1671 2451 1722 diversa

197 1745 428 1795 distantia
465 1760 496 1793 a
532 1743 647 1794 Sole
685 1751 788 1792 tum
826 1743 1053 1807 planetae
1091 1751 1194 1793 tum
1232 1744 1428 1795 Terrae.

342 1818 397 1866 ln
438 1817 767 1881 disputatione
807 1816 896 1866 VI.
938 1818 1048 1880 „De
1100 1826 1237 1867 motu
1273 1818 1517 1868 siderum“
1570 1817 1691 1867 haec
1729 1818 1868 1867 affert
1905 1817 2222 1868 Horroccius:
2278 1817 2448 1882 Magni
2542 1804 2544 1811 ’

197 1890 330 1956 apud
370 1900 676 1940 astronomos
714 1891 813 1940 sere
852 1905 1019 1941 omnes
1058 1898 1133 1940 est
1177 1890 1381 1954 vulgare
1419 1891 1541 1940 illud
1593 1893 1815 1951 axioma,
1867 1898 2030 1941 motus
2068 1892 2305 1941 coelestes
2344 1906 2450 1942 esse
2543 1916 2554 1945 ς

200 1964 457 2015 circulares
515 1964 595 2013 vel
648 1979 707 2013 ex
754 1964 974 2026 pluribus
1027 1963 1342 2014 circularibus
1388 1967 1707 2027 compositos,
1763 1970 1811 2014 et
1864 1965 1927 2013 ob
1982 1964 2032 2013 id
2088 1971 2348 2029 perpetuos
2402 1972 2451 2014 et

199 2037 446 2101 aequales.
522 2037 682 2101 Supra
728 2036 854 2085 banc
890 2036 1273 2101 philosophiam,
1331 2045 1534 2101 excepto
1579 2040 1724 2087 unico
1758 2037 2000 2102 Keplero,
2052 2052 2337 2103 progressus
2377 2044 2451 2088 est
2539 2091 2541 2095 ,

197 2119 355 2161 nemo.
432 2109 606 2159 Verior
639 2109 844 2173 *Kepleri
882 2111 1124 2159 sententia
1162 2116 1261 2170 est,
1303 2125 1430 2174 quae
1469 2110 1638 2171 docet,
1690 2109 1814 2159 tales
1853 2110 2058 2160 circulos
2096 2112 2145 2159 in
2185 2110 2321 2160 coelo
2359 2125 2450 2161 nec

203 2199 253 2234 re
305 2198 423 2233 vcra
473 2197 603 2244 esse,
659 2197 819 2245 neque
868 2197 1033 2233 eornm
1083 2183 1370 2235 confictione
1423 2198 1546 2249 opus
1598 2198 1706 2233 esse
1743 2186 1955 2233 omnino.
2031 2183 2194 2234 Causa
2230 2191 2450 2234 motuum

201 2256 452 2307 stellarum
491 2271 608 2305 vera
647 2263 721 2305 est
755 2256 982 2321 physica:
1023 2255 1109 2305 Sol
1146 2271 1320 2321 nempe
1359 2258 1675 2307 conversione
1713 2258 1788 2305 sui
1829 2258 2043 2322 corporis
2088 2256 2300 2321 reliquos
2338 2257 2449 2321 pla·
2531 2278 2537 2300 ‹

200 2338 339 2380 netas
377 2329 571 2392 legibus
608 2332 892 2393 magneticis
931 2343 1096 2379 secum
1143 2332 1270 2394 rapit
1308 2332 1357 2378 in
1394 2344 1595 2395 gyrum,
1644 2343 1740 2378 non
1792 2331 1935 2380 aliter
1972 2345 2118 2395 quam
2156 2331 2308 2381 Terra
2344 2331 2449 2380 Lu·
2530 2355 2545 2386 t,

2522 2130 2541 2171 ἰ

2533 2229 2538 2269 i

2530 2317 2538 2348 v

199 2418 326 2464 nam,
366 2404 522 2452 nubes
563 2409 612 2452 et
647 2402 835 2465 reliqua
872 2405 920 2450 in
960 2401 1112 2452 altum
1150 2403 1370 2467 projecta
1406 2405 1683 2467 magnetica
1718 2402 1812 2453 bac
1839 2406 2015 2453 virtute
2052 2419 2215 2454 secum
2243 2406 2450 2454 circum·
2525 2428 2535 2468 ,·

201 2477 351 2539 vehit,
390 2483 444 2525 ut
482 2474 759 2525 doctissime
795 2476 971 2540 probat
1006 2475 1266 2539 Keplerus.
1344 2476 1554 2526 Causam
1591 2484 1755 2525 autem
1793 2478 2166 2527 eccentricitatis
2201 2477 2327 2528 male
2367 2474 2449 2545 (ut

201 2549 320 2599 mihi
359 2549 574 2611 videtur)
612 2549 774 2597 tradit.
847 2548 991 2598 Illam
1031 2564 1122 2613 ego
1159 2548 1292 2598 fibris
1330 2551 1632 2613 magneticis,
1674 2564 1795 2612 quas
1832 2550 1915 2599 ille
1957 2552 2004 2598 in
2032 2552 2312 2615 corporibus
2339 2551 2449 2615 pla-

2520 2533 2528 2553 Ι

199 2630 425 2673 netarum
475 2621 639 2686 fingit,
696 2621 1001 2670 tribuendam
1048 2637 1143 2671 non
1194 2637 1394 2683 censeo,
1448 2622 1532 2671 sed
1581 2625 1781 2672 inertiae
1828 2637 1994 2673 eorum
2034 2624 2291 2688 corporali,
2348 2638 2448 2687 qua
2517 2625 2529 2684 J

197 2697 359 2746 locum
398 2710 540 2745 suum
578 2697 703 2744 tueri
743 2701 978 2744 conantur
1024 2695 1259 2745 adversus
1298 2696 1542 2745 fortiorem
1581 2695 1712 2744 Solis
1750 2698 1976 2746 virtutem
1981 2731 2208 2747 .....
2282 2696 2447 2747 Motus
2519 2697 2527 2725 '⁹

199 2769 446 2820 stellarum
487 2782 629 2818 verus
667 2782 764 2817 non
805 2768 962 2817 solum
1001 2769 1144 2817 nobis
1182 2769 1456 2832 inaequalis
1495 2775 1719 2832 apparet,
1770 2769 1856 2818 sed
1894 2775 1943 2818 et
1994 2772 2061 2819 ita
2111 2784 2161 2819 re
2203 2785 2318 2820 vera
2355 2777 2443 2820 est.

199 2844 255 2891 In
295 2857 353 2892 eo
393 2842 686 2903 differimus,
728 2856 969 2904 quaenam
1007 2841 1154 2904 hujus
1192 2843 1557 2905 inaequalitatis
1595 2844 1657 2890 sit
1684 2856 1849 2891 causa.
1925 2842 2026 2892 Nos
2051 2842 2444 2907 Kepleriani,
2508 2893 2524 2912 .

199 2914 434 2978 exemplis
486 2915 595 2964 aliis
640 2913 807 2964 multis
858 2914 1151 2975 confirmati,
1200 2922 1403 2964 naturae
1452 2917 1546 2978 ipsi
1600 2928 1722 2978 opus
1760 2915 1854 2965 hoc
1899 2914 2182 2978 delegamus
2230 2924 2279 2966 et
2310 2916 2445 2966 -Solis

200 2991 429 3039 virtutem
465 2990 805 3051 magneticam,
846 2995 946 3037 tam
982 2987 1147 3037 multis
1174 2989 1514 3051 experimentis
1549 2988 1929 3052 comprobatam,
1970 2989 2304 3052 inaequalitati
2332 2990 2446 3039 huic

199 3061 472 3126 praesidem
513 3062 879 3110 constituimus:
929 3061 1000 3109 illi
1023 3060 1402 3126 (Copernicani)
1441 3063 1490 3110 in
1527 3061 1653 3110 fictis
1692 3067 1740 3110 et
1777 3063 2119 3111 commentitiis
2158 3061 2445 3112 circulorum

201 3135 493 3198 ambagibus
532 3149 729 3183 causam
767 3135 944 3183 frustra
982 3141 1270 3198 quaerentes
1308 3134 1470 3184 inutili
1506 3134 1730 3184 molestia
1766 3148 1874 3184 sese
1911 3141 2165 3197 torquent,
2222 3150 2312 3185 nec
2350 3150 2445 3185 un-

203 3223 351 3272 quam
389 3221 497 3256 sese
535 3209 777 3257 extricare>
805 3206 986 3269 valent,
1028 3209 1228 3257 confuso
1268 3207 1556 3258 circulorum
1591 3206 1870 3271 labyrintho
1905 3209 2099 3270 penitus
2138 3210 2372 3272 oppressi.

343 3280 483 3335 Haec
520 3287 631 3331 sunt
669 3294 743 3338 ea,
780 3278 934 3330 lector
970 3280 1198 3342 candide,
1239 3296 1365 3344 quae
1402 3281 1522 3330 mihi
1560 3287 1698 3330 erant
1733 3279 1968 3330 adversus
2006 3281 2293 3331 circulorum
2329 3296 2443 3346 per-

197 3354 457 3404 fectionem
497 3351 796 3413 disserenda,
839 3367 964 3415 quae
1002 3356 1043 3403 si
1083 3354 1339 3417 diligenter
1375 3353 1666 3415 attenderis,
1706 3354 1903 3403 minime
1941 3352 2136 3414 dubito,
2190 3357 2306 3417 quin
2340 3355 2444 3418 jam

198 3442 386 3478 mecum
425 3425 620 3486 videas,
670 3426 863 3488 quantis
901 3428 949 3475 in
989 3428 1200 3476 tenebris
1240 3429 1274 3475 ii
1312 3433 1591 3489 versantur,
1641 3428 1725 3491 qui
1761 3426 1985 3489 neglecta
2023 3427 2230 3476 naturali
2268 3442 2443 3477 causa-

181 3515 303 3550 rum
343 3499 683 3562 disquisitione
719 3497 840 3546 nihil
877 3513 1025 3562 supra
1061 3499 1150 3548 has
1186 3515 1344 3564 ungas
1381 3499 1593 3559 student.
1666 3498 1973 3549 Admonendi
1995 3500 2147 3562 igitur
2183 3507 2297 3549 sunt
2335 3509 2442 3550 stu-

199 3573 339 3634 diosi,
379 3574 464 3636 qui
504 3572 775 3631 veritatem,
812 3584 910 3620 non
946 3573 1302 3635 antiquitatem,
1342 3579 1597 3637 quaerunt,
1634 3578 1690 3622 ut
1724 3587 1756 3622 a
1793 3573 2072 3621 vanissimis
2108 3573 2243 3623 hisce
2282 3576 2440 3623 circu-

196 3647 357 3696 lorum
411 3643 829 3709 speculationibus
882 3644 1071 3694 animos
1125 3659 1240 3694 suos
1291 3653 1579 3697 revocarent
1642 3651 1692 3694 et
1750 3644 1814 3694 ad
1866 3643 2230 3708 philosophiam
2285 3648 2441 3710 magis
2486 3711 2495 3718 t

197 3718 470 3770 naturalem
506 3722 854 3766 assuescerent.
928 3717 1123 3780 Legant
1161 3718 1540 3769 eruditissimum
1575 3723 1792 3768 nostrum
1832 3716 2191 3768 Gilbertum
2231 3721 2279 3767 in
2303 3719 2441 3784 Pby-
2528 3759 2536 3767 .

198 3792 407 3857 siologia
444 3806 536 3842 sua
573 3789 633 3840 de
670 3795 910 3853 magnete,
947 3790 1115 3854 legant
1138 3789 1402 3855 Kepleri
1429 3792 1791 3843 Astronomiam
1814 3790 2077 3854 Physicam
2102 3793 2151 3840 in
2179 3793 2440 3842 Commen-
2530 3809 2535 3822 ¹

198 3868 331 3916 tariis
381 3865 441 3915 de
487 3870 622 3913 motu
659 3861 832 3912 Martis
880 3870 930 3913 et
965 3863 1225 3927 Epitomen
1276 3865 1383 3927 ejus
1418 3866 1763 3916 Astronomiae
1801 3863 2187 3928 Copernicanae,
2244 3872 2292 3915 et
2341 3879 2438 3916 non
