2554 4140
225 139 327 187 312
1051 132 1286 189 Epitomes
1316 130 1651 175 Astronomiae*
1710 113 1715 126 s

219 282 329 332 daei
371 287 420 330 et
459 281 639 330 Persae
681 280 1002 343 (proprietate
1041 279 1253 342 linguae,
1295 292 1420 340 quae
1460 279 1607 326 etiam
1645 279 1693 324 in
1737 279 2029 328 teutonismo
2070 277 2296 343 cernitur)
2335 282 2464 343 regi-

214 370 326 404 nam
366 353 503 415 coeli,
543 352 785 401 Platonici
822 366 939 401 vero
977 367 1142 415 regem
1178 354 1304 413 ignis
1341 350 1687 400 intellectualis
1726 351 1988 400 celebrant.

362 425 480 474 Non
516 428 638 474 satis
675 432 791 487 apte
829 425 1068 474 videntur
1104 424 1402 485 respondere
1437 426 1539 471 tria
1577 424 1698 472 haec
1716 419 1915 473 ,mu-ndi
1939 425 2166 472 membra
2193 424 2351 471 tribus
2376 438 2466 471 su-

208 499 431 561 perficiei
467 499 758 560 sphaericae
795 499 1106 561 re9ionibu8,
1149 511 1264 544 cum
1301 502 1533 544 centrum
1571 499 1634 545 sit
1663 503 1934 558 punctum,
1976 497 2064 545 Sol
2103 511 2217 545 vero
2255 510 2464 558 corpus;

212 574 282 619 sic
318 572 600 633 superficies
638 573 830 620 est-tima
866 571 1164 632 intelliyitur
1202 583 1300 616 esse
1335 570 1606 630 continua,
1654 570 1881 631 fixarum
1927 572 2065 631 reyio
2110 584 2216 617 non
2262 569 2468 618 collucet

215 650 330 700 tota,
370 643 454 691 sed
487 646 679 705 passim
720 643 900 691 lucidis
933 644 1137 703 punctis
1174 641 1237 689 ab
1274 643 1490 690 invicem
1527 641 1747 690 discretis
1783 649 1852 690 est
1885 644 2075 690 consita
2089 660 2107 702 ,-
2146 641 2359 703 denique
2381 644 2467 689 in-

214 715 513 764 termedium
551 719 607 763 in
645 716 906 778 sphaerico
944 721 1102 763 totum
1142 715 1305 776 explet
1339 716 1590 776 spatium,
1630 720 1685 763 at
1719 717 1777 762 in
1814 714 2024 774 mundo,
2063 714 2199 777 quod
2235 720 2304 762 est
2339 716 2470 762 inter

221 789 384 837 Solem
423 795 469 837 et
501 789 658 852 fixas,
709 803 815 836 non
865 802 1012 836 omne
1062 786 1262 834 videtur
1297 789 1354 834 in
1391 793 1533 835 motu
1570 789 1818 837 constitui.
1901 786 2140 849 Equidem
2178 786 2271 835 hoc
2309 787 2467 851 ipsum

216 861 402 910 indicat
438 876 724 923 responsum
763 862 907 908 trium
946 858 1111 907 mundi
1150 860 1361 921 partium
1399 860 1718 922 aptissimum.
1777 860 1899 908 Cum
1938 861 2067 907 enim
2103 867 2336 922 punctum
2373 859 2469 907 ali-

219 933 351 996 quod
391 936 557 982 vestiri
596 949 682 982 seu
722 933 938 994 exprimi,
978 933 1072 979 nisi
1108 947 1195 994 per
1233 946 1409 994 corpus
1446 931 1662 994 aliquod,
1701 947 1800 980 non
1838 938 2023 996 posset,
2065 940 2212 995 atque
2251 935 2322 981 sic
2359 946 2468 980 cor-

217 1021 322 1069 puS,
363 1006 494 1069 quod
535 1012 607 1054 est
644 1008 691 1052 in
731 1011 910 1065 centr0,
952 1003 1182 1052 defecerit
1219 1005 1281 1053 ab
1320 1004 1709 1053 indivisibilitate
1748 1007 1925 1054 centri:
1967 1020 2055 1067 par
2086 1012 2202 1064 erat,
2243 1013 2297 1054 ut
2322 1006 2469 1068 etiam

217 1079 426 1142 sphaera
476 1079 679 1127 fixarum
717 1093 746 1125 a
785 1078 1104 1126 continuitate
1151 1077 1428 1142 superficiei
1472 1077 1752 1140 sphaericae
1792 1077 2016 1126 deficeret
2066 1079 2214 1140 inque
2265 1078 2468 1126 fixarum

216 1151 638 1200 innumerabilium
689 1151 1012 1198 minutissima
1060 1157 1243 1212 puncta
1294 1149 1585 1210 dehisceret,
1650 1152 1809 1214 ipsum
1865 1150 2074 1213 denique
2134 1150 2467 1199 intermedium

215 1239 314 1273 non
353 1239 493 1272 omne
533 1229 850 1286 occuparetur
887 1238 918 1271 a
953 1229 1089 1280 motu
1128 1228 1176 1271 et
1214 1224 1384 1272 ceteris
1422 1224 1783 1283 affectionibus,
1830 1237 1919 1272 nec
1959 1223 2105 1285 plane
2142 1225 2465 1287 perspicuum,

217 1297 303 1346 sed
341 1297 489 1360 paulo
542 1295 738 1345 densius
788 1303 937 1356 esset,
993 1297 1174 1358 quippe
1216 1295 1347 1359 quod
1387 1298 1584 1344 omuino
1625 1310 1833 1344 vacuum
1872 1310 1978 1345 esse
2017 1311 2113 1345 non
2152 1298 2333 1360 potuit,
2382 1295 2468 1344 sed

214 1370 381 1433 aliquo
420 1372 625 1432 corpore.
659 1368 957 1432 implendum
994 1374 1110 1417 erat.

365 1442 562 1490 Suntne
608 1442 746 1490 orbes
790 1441 957 1501 solidi,
1024 1444 1078 1488 in
1126 1440 1309 1503 quibus
1360 1440 1616 1488 vehuntur
1678 1441 1937 1502 planetae,
1997 1444 2156 1504 iisque
2208 1443 2468 1500 interjecta

214 1515 521 1574 intervalla,
543 1530 709 1563 vacua
748 1513 987 1563 orbibus?
1046 1513 1242 1562 Solidos
1282 1513 1425 1561 orbes
1464 1513 1619 1561 tribus
1644 1514 1917 1562 rationibus
1947 1513 2124 1562 refellit
2146 1515 2315 1578 Tyeho
2347 1514 2469 1563 Bra-

214 1589 363 1636 heus:
403 1602 501 1635 una
539 1594 613 1635 est
650 1602 680 1635 a
717 1594 850 1635 motu
893 1592 1204 1647 cometarum,
1241 1585 1400 1642 ⁴altera
1435 1602 1467 1636 a
1503 1582 1686 1634 lu'mine
1724 1587 1987 1646 irrefracto,
2027 1590 2168 1636 tertia
2206 1603 2236 1635 a
2263 1601 2469 1652 propor-

217 1663 345 1710 tione
398 1661 601 1708 orbium.
676 1660 802 1708 Nam
850 1661 892 1708 si
930 1658 1075 1708 solidi
1114 1665 1276 1708 essent
1313 1659 1482 1719 orbec,
1533 1664 1751 1708 cometae
1791 1673 1887 1707 non
1927 1666 2234 1710 cernerentur
2271 1676 2331 1709 ex
2371 1674 2467 1708 uno

221 1734 336 1782 orbe
374 1735 422 1779 in
462 1734 612 1782 alium
653 1733 904 1798 trajicere,
951 1732 1298 1796 impedirentur
1347 1733 1474 1780 enim
1514 1747 1544 1780 a
1581 1731 1850 1794 soliditate3
1902 1739 1954 1781 at
1990 1733 2235 1796 trajiciunt
2273 1749 2332 1782 ex
2373 1747 2468 1780 uno

216 1808 264 1854 in
303 1806 467 1865 alium,
508 1813 562 1854 ut
600 1806 951 1855 demonstravit
988 1805 1223 1855 Braheus.
1302 1805 1345 1852 A
1384 1805 1567 1854 lumine
1605 1819 1746 1868 porro
1785 1806 1882 1854 sic:
1923 1821 2031 1854 cum
2070 1808 2168 1855 sint
2206 1807 2346 1855 orbes
2385 1820 2468 1854 ec-

219 1880 418 1928 centrici
457 1885 504 1927 ct
528 1879 676 1928 Terra
715 1878 918 1941 ejusque
957 1878 1251 1941 superficieS,
1291 1879 1341 1924 in
1381 1893 1479 1941 qua
1519 1878 1662 1939 oculi,
1701 1892 1800 1927 non
1837 1880 1933 1927 sita
1970 1881 2034 1928 sit
2071 1881 2119 1927 in
2158 1881 2264 1943 ipso
2305 1883 2467 1929 centro
2502 1897 2508 1908 ·

175 1947 177 1950 ’
217 1951 453 2015 cujusque
494 1953 638 2013 orbiS‚
679 1966 793 2013 ergo
833 1953 875 1999 si
912 1950 1058 2000 solidi
1096 1957 1258 2001 essent
1295 1951 1451 2012 orbes,
1494 1951 1741 2001 densiores
1778 1952 2003 2000 nimirum
2040 1967 2187 2015 quam
2225 1951 2310 2000 illa
2353 1951 2467 1999 lim-

216 2025 468 2088 pidissima
506 2039 625 2073 aura
662 2025 908 2082 aetherea,
959 2030 1073 2072 tunc
1123 2023 1247 2073 radii
1286 2023 1535 2072 stellarum
1573 2025 1766 2075 refracti
1803 2024 1866 2072 ad
1903 2029 2063 2074 ae‘rem
2103 2030 2320 2074 nostrum
2359 2039 2470 2088 per-
2550 2026 2554 2032 ’

219 2099 464 2158 venirent,
514 2104 567 2146 ut
617 2096 758 2147 docet
796 2098 986 2161 optica,
1038 2099 1202 2160 itaque
1253 2095 1451 2160 planeta
1500 2096 1826 2161 irregulariter
1861 2105 2119 2162 appareret
2157 2105 2205 2148 et
2243 2100 2383 2160 quasi
2422 2099 2470 2144 in

217 2171 336 2218 loeis
373 2170 518 2234 longe
555 2169 679 2231 aliis,
721 2184 867 2232 quam
906 2178 1033 2232 quae
1072 2171 1135 2218 ab
1173 2175 1453 2218 astronomo
1490 2170 1705 2234 praedici
1742 2178 1955 2234 possent.
2031 2170 2198 2221 Tertia
2233 2172 2357 2219 ratio
2396 2175 2471 2219 est

225 2245 374 2307 ipsius
413 2242 592 2292 Brahei
629 2242 998 2292 accommodata
1034 2243 1324 2307 principiis:
1353 2249 1591 2292 testantur
1627 2241 1727 2303 illa,
1767 2245 1821 2291 ut
1859 2249 1907 2291 et
1945 2243 2293 2308 Copernicana‚
2333 2243 2472 2291 Mar-

218 2321 315 2364 tem
353 2315 458 2365 fieri
496 2315 788 2379 quandoque
827 2317 1101 2381 propiorem
1137 2315 1327 2376 Terris,
1369 2330 1516 2379 quam
1556 2322 1630 2365 est
1667 2315 1781 2378 Sol;
1831 2314 1960 2365 hanc
1998 2331 2113 2365 vero
2152 2317 2472 2381 permutatio-

221 2403 331 2437 nem
368 2403 463 2436 non
503 2391 661 2452 potuit
699 2388 920 2438 Braheus
959 2387 1151 2438 eredere
1188 2388 1494 2452 possibilem,
1534 2390 1576 2437 si
1614 2387 1757 2438 solidi
1796 2390 1894 2437 sint
1931 2390 2100 2451 orbeS,
2152 2404 2261 2439 cum
2299 2389 2472 2439 Martis
2532 2422 2534 2425 ψ

224 2462 353 2510 orbis
394 2461 590 2510 deberet
628 2463 918 2511 intersecare
957 2461 1123 2510 orbem
1160 2460 1304 2510 Solis.

369 2534 507 2597 Quid
551 2536 710 2597 iyitur
747 2541 814 2583 est
851 2537 908 2583 in
952 2535 1051 2582 illis
1085 2535 1416 2596 planetarum
1453 2535 1739 2597 reqionibus
1771 2541 1978 2597 praeter
2009 2535 2284 2597 planetas?
2339 2534 2472 2583 Nihil

220 2608 310 2655 nisi
349 2621 467 2656 aura
506 2607 757 2668 aetherea,
810 2614 912 2656 tam
951 2607 1140 2656 orbium
1180 2622 1325 2670 quam
1373 2607 1741 2656 intervallorum
1785 2610 2076 2668 communiS,
2136 2608 2473 2672 limpidissima

219 2679 305 2730 illa
342 2685 391 2729 et
428 2678 604 2729 cedens
642 2679 905 2729 mobilibus
942 2680 1074 2729 haud
1112 2681 1273 2728 minus
1311 2679 1551 2744 expedite,
1591 2695 1736 2744 quam
1777 2680 1905 2731 cedit
1941 2681 2029 2731 illa
2051 2680 2316 2731 luminibus
2343 2680 2472 2730 Solis

222 2759 270 2802 et
307 2751 571 2814 stellarum,
612 2759 666 2801 ut
703 2753 766 2801 ad
804 2768 893 2802 nos
932 2753 1095 2802 delabi
1133 2755 1336 2817 possint.

366 2826 424 2874 Si
461 2832 529 2874 cst
565 2830 726 2886 aura,
766 2830 861 2874 erit
897 2841 1080 2888 corpus
1117 2829 1471 2885 materiatum,
1510 2826 1696 2874 habens
1732 2827 2052 2875 densitatem.-
2090 2829 2279 2876 resistet
2314 2829 2472 2889 iyitur

222 2899 328 2957 ejus
379 2901 598 2948 materia
643 2900 908 2947 mobilibus
956 2900 1206 2949 nonnihil.
1283 2899 1437 2947 Immo
1487 2898 1572 2947 illa
1619 2914 1737 2948 aura
1775 2899 2003 2949 aetherea
2041 2902 2230 2949 tenuior
2269 2906 2344 2949 est
2379 2899 2472 2948 hoc

222 2976 386 3019 nostro
427 2975 549 3031 aere,
591 2973 737 3020 etiam
778 2987 885 3020 cum
923 2974 1209 3036 purissimus
1248 2978 1334 3033 est,
1375 2973 1610 3020 immenso
1648 2973 1995 3035 propemodum
2035 2973 2308 3023 intervallo.

374 3045 633 3107 Quomodo
670 3045 760 3094 hoc
791 3044 1022 3107 probas?
1074 3045 1147 3092 Ex
1179 3046 1341 3108 optica
1367 3059 1451 3108 per
1474 3045 1812 3093 retractiones:
1853 3061 1964 3093 nam
1991 3052 2153 3095 noster
2179 3050 2261 3096 ae‘r
2285 3043 2470 3094 aetheri

224 3117 477 3178 contiguus
514 3118 850 3167 refractionem
890 3124 1116 3167 causatur
1155 3119 1222 3166 30
1250 3118 1436 3167 circiter
1473 3119 1781 3167 minutorum.
1860 3120 2003 3181 Aqua
2042 3134 2172 3180 vem,
2213 3119 2311 3168 aeri
2352 3131 2470 3166 con-

204 3189 380 3250 tigua,
437 3191 502 3237 48
551 3190 790 3252 graduum
829 3192 1042 3240 circiter:
1100 3190 1227 3240 unde
1276 3189 1638 3254 quodammodo
1683 3196 1876 3240 constat
1928 3194 2177 3254 proportio
2218 3191 2474 3240 densitatis

225 3275 383 3324 aquae
407 3260 468 3309 ad
497 3266 682 3324 aerem,
732 3265 856 3312 aeris
894 3263 957 3313 ad
997 3263 1270 3325 aetherem,
1311 3263 1717 3326 multiplicatione
1757 3264 1943 3312 cubica.
2019 3264 2143 3312 Nam
2186 3266 2272 3313 30‘
2311 3263 2468 3312 conti-

224 3338 397 3382 nentur
448 3335 496 3380 in
547 3333 641 3382 48⁰
676 3336 1025 3400 propemodum
1066 3340 1270 3398 centie8‚
1324 3336 1457 3400 quod
1494 3341 1567 3385 est
1604 3338 1653 3383 in
1691 3335 1942 3399 quadratis
1982 3336 2141 3385 decies
2180 3336 2381 3397 millieS‚
2419 3336 2496 3382 in'

213 3406 361 3455 cubis
387 3404 546 3455 decies
573 3410 753 3456 centies
781 3409 972 3458 millies
1049 3409 1217 3478 Toties
1255 3411 1402 3473 igitur
1439 3411 1630 3459 tenuior
1668 3415 1742 3458 est
1779 3412 1861 3457 ae’r
1898 3422 2042 3471 aqua,
2082 3411 2250 3459 aether
2288 3412 2414 3458 ae‘re.

377 3478 468 3526 Est
504 3485 675 3527 tamen
711 3484 929 3530 materia
969 3484 1180 3543 aetheris
1217 3498 1324 3532 non
1353 3483 1548 3549 plane
1551 3483 1723 3531 nulla.-
1758 3481 1935 3545 adhuc
1972 3485 2142 3545 iyitur
2143 3483 2244 3541 „ab
2271 3497 2332 3530 ca
2368 3484 2466 3529 im-

226 3542 503 3623 pedzentur
530 3551 711 3600 sidera.
793 3543 1054 3603 Tantalum
1092 3544 1490 3618 impedimentum
1529 3561 1717 3614 motuS,
1730 3538 1998 3603 tantulam
2036 3571 2101 3605 sc.
2142 3543 2498 3605 resistentiam
2551 3573 2554 3602 ε

225 3618 434 3675 aetheris
484 3622 648 3686 largiri
695 3639 953 3687 possumus
992 3628 1256 3677 mobilibus
1294 3631 1400 3677 sine
1440 3627 1772 3686 incommodo,
1825 3633 1880 3676 ut
1920 3628 2098 3690 quibus
2137 3633 2283 3677 antea
2322 3628 2463 3675 etiam
2528 3640 2530 3643 ·

223 3702 420 3760 propter
454 3698 698 3760 propriam
737 3712 990 3782 corporum
1027 3703 1280 3749 materiam
1319 3701 1486 3764 aliqua
1523 3702 1800 3751 resistentia
1836 3699 2094 3763 largienda
2132 3707 2219 3762 est,
2260 3702 2322 3747 ut
2343 3697 2462 3745 infra

226 3771 429 3838 patebit.
503 3770 567 3822 Et
604 3768 720 3839 quid
758 3771 799 3818 si
837 3770 972 3824 nulla
1010 3774 1074 3826 sit
1111 3773 1423 3825 concedenda
1461 3774 1670 3826 aetheris
1696 3774 2014 3825 resistentia?
2054 3789 2163 3824 cum
2190 3736 2462 3824 credibilius
2546 3766 2554 3797 ⁷²
