2554 4140
885 123 1035 168 Liber*
1056 122 1239 170 Sextus.
1299 125 1410 170 Pars
1444 124 1625 181 Quinta.
2100 88 2101 91 Ἴ
2280 126 2385 176 485

77 290 82 303 ·
128 287 234 322 rere·
267 270 459 320 videtur
494 271 716 320 sinistrae
754 286 928 321 manus
969 275 1171 322 cavitati
1209 274 1386 337 gibbus
1427 273 1502 322 vel
1546 275 1733 331 cavitas
1772 274 1904 337 ejus:
1946 280 2061 324 tunc
2088 274 2275 324 crescit.
2329 273 2420 337 In,

132 345 317 395 Venere
354 344 409 392 fit
447 346 755 392 contrarium.
783 341 867 410 3⁴).

276 416 412 480 Quid
457 419 722 479 praeterea
771 419 1014 480 colliyunt
1059 413 1342 468 ⁴astronomi
1390 433 1450 468 ex
1502 419 1738 467 cornibus
1787 418 2008 467 Lunae?
2081 420 2132 480 1)
2191 418 2386 467 Cornua

127 496 346 556 spectant
383 503 574 552 semper
611 491 659 536 in
699 505 805 538 eam
844 491 1063 554 plagam,
1104 491 1152 537 in
1192 506 1338 554 quam
1377 491 1589 542 tenditur
1628 491 1873 539 zodiacus.
1953 491 2004 557 2)
2044 491 2263 540 Circulus
2303 506 2387 555 per

130 577 359 614 cornuum
396 563 725 612 extremitates
765 564 939 611 ductus
978 562 1134 611 tendit
1173 579 1342 613 versus
1391 565 1559 629 polum
1608 564 1879 628 eclipticas.
1957 564 2010 628 3)
2061 563 2267 625 Quando
2307 564 2387 612 hic

88 684 98 702 Ι,
129 636 330 695 circulus
369 634 531 683 estad
569 636 966 699 perpendiculum
994 642 1196 699 er,ectus
1235 643 1350 686 tunc
1375 638 1517 686 Luna
1556 641 1629 686 est
1667 638 1715 684 in
1743 636 1999 700 eclipticae
2038 637 2193 700 gradu
2227 651 2386 710 nona-

126 710 308 774 gesimo
347 708 410 756 ab
450 713 571 756 ortu.

273 779 410 845 Quid
443 787 564 828 sunt
600 782 833 829 maculae
871 784 926 829 in
953 781 1141 830 Luna?
1193 783 1296 830 Etsi
1333 782 1634 847 impossibile
1675 786 1762 842 est,
1804 787 1987 830 certum
2026 781 2145 843 quid
2174 782 2232 831 de
2274 797 2384 831 cor-

42 866 48 870 ·
126 856 322 920 poribus
361 852 485 901 adeo
524 856 722 902 remotis
750 856 1082 918 pronunciare,
1123 857 1277 904 tribus
1317 862 1478 904 tamen
1504 855 1883 919 proprietatibus
1914 854 2196 903 maculosae
2224 862 2387 918 partes

82 930 293 978 *Lunae
345 929 640 975 conveniunt
691 942 798 976 cum
851 929 1144 991 aequoribus
1195 935 1243 977 et
1288 928 1515 988 lacubuS,
1569 930 1651 991 qui
1706 933 1820 975 sunt
1874 930 1922 974 in
1976 926 2125 990 globo
2178 927 2384 990 Terrae3

54 1051 66 1060 ,
127 1008 285 1068 partes
324 1014 439 1048 vero
478 1001 527 1046 in
555 1000 696 1049 Luna
735 1000 894 1049 clarae
934 1007 982 1049 et
1020 1000 1208 1050 lucidae
1249 1016 1357 1050 cum
1395 1002 1658 1061 montibuS,
1700 1001 1916 1065 rupibus,
1959 1002 2300 1064 promontoriis
2340 1006 2387 1049 et

127 1075 346 1124 litoribus
387 1075 681 1122 continentis
708 1081 918 1122 nostrae.
995 1073 1122 1122 Nam
1159 1075 1383 1123 maculae
1413 1075 1582 1124 Lunae
1622 1080 1668 1124 et
1707 1073 1975 1138 profundae
2003 1080 2116 1121 sunt
2155 1078 2209 1121 ut
2233 1075 2387 1122 nostri

126 1149 260 1198 lacus
308 1152 356 1195 et
404 1148 583 1207 maria,
632 1152 687 1195 ‘et
735 1145 983 1209 aequabili
1034 1147 1287 1211 superficie
1337 1154 1388 1196 ut
1435 1147 1632 1209 humor,
1685 1154 1732 1196 et
1771 1146 1980 1210 denique
2020 1147 2282 1206 obscurae,
2333 1155 2386 1194 ut

129 1222 287 1271 omnia
325 1234 474 1285 penes
513 1234 603 1267 nos
641 1219 868 1267 humecta
905 1225 1026 1274 sunt
1056 1221 1269 1282 nigriora
1307 1235 1358 1269 se
1397 1223 1545 1284 ipsis,
1598 1235 1707 1269 cum
1746 1221 1876 1269 sicca
1914 1226 2041 1268 sunt.
2121 1220 2186 1267 At
2224 1225 2386 1283 partes

89 1299 94 1303 “
126 1293 315 1351 lucidae
354 1294 404 1340 in
432 1292 572 1340 Luna
610 1298 722 1340 sunt
761 1292 891 1341 altae
932 1299 980 1340 et
1018 1295 1284 1342 eminentes
1324 1299 1372 1342 et
1409 1308 1628 1359 asperae,
1668 1299 1722 1342 ut
1754 1300 1944 1343 montes
1982 1294 2136 1340 nostri
2176 1292 2387 1342 vallibus

126 1366 351 1426 intercisi,
393 1371 443 1413 et
481 1364 802 1426 candidiores,
842 1372 895 1414 ut
934 1367 1080 1414 sicca.

187 1493 191 1498 ,
271 1434 533 1504 Quomodo
570 1437 882 1488 demonstras
919 1439 1010 1486 has
1040 1441 1377 1501 proprietates
1415 1438 1733 1488 diversarum
1774 1438 1958 1487 Lunae
1994 1438 2266 1501 partium?
2316 1438 2388 1495 Ex

126 1512 356 1579 phasibus
387 1511 580 1560 Lunae:
620 1527 732 1560 nam
770 1512 915 1572 linea,
958 1512 1297 1576 quaephasin
1336 1513 1564 1561 terminat
1600 1513 1745 1572 intus,
1786 1513 1827 1559 si
1865 1512 2144 1576 perspicillo
2185 1510 2388 1574 Belgico

123 1586 326 1646 lustres,
379 1599 468 1633 nec
508 1585 721 1648 perfecta
759 1584 943 1650 ellipsis
984 1592 1056 1633 est
1095 1587 1143 1632 in
1183 1585 1324 1633 Luna
1372 1599 1498 1634 cava
1534 1585 1615 1634 vel
1652 1586 1826 1647 gibba,
1876 1598 1966 1633 nec
2005 1585 2218 1648 perfecta
2255 1590 2390 1634 recta

125 1660 174 1708 in
211 1658 374 1707 bifida.
450 1658 576 1706 Nam
615 1673 701 1723 per
738 1665 901 1722 partes
942 1657 1218 1706 maculosas
1258 1659 1451 1707 brevior
1490 1664 1563 1707 est
1601 1658 1808 1706 latitudo
1848 1657 2037 1722 phasiS,
2094 1672 2180 1722 per
2227 1663 2389 1722 partes
2445 1662 2447 1667 ⁴

126 1733 278 1783 claras
315 1731 506 1794 longior
555 1738 603 1779 et
649 1734 837 1795 species
890 1733 1041 1780 totius
1081 1733 1221 1794 quasi
1263 1731 1462 1780 dentata
1500 1737 1585 1780 aut
1623 1737 1824 1780 serrata.
1899 1730 2039 1779 Haec
2086 1736 2202 1778 sunt
2239 1745 2389 1793 argu-

125 1812 286 1855 menta
336 1804 558 1853 diversae
597 1804 868 1852 altitudinis
907 1804 1264 1853 maculosarum
1306 1809 1354 1852 et
1392 1805 1629 1854 clararum
1674 1806 1901 1869 partium.
1980 1804 2061 1852 Sic
2097 1806 2146 1851 in
2184 1809 2320 1867 parte
2360 1820 2391 1853 a

123 1878 237 1929 Sole
274 1893 463 1937 aversa,
506 1879 553 1924 in
594 1879 772 1926 vicinia
812 1897 895 1941 της
931 1896 1090 1941 τωμης,
1131 1883 1244 1925 sunt
1283 1884 1463 1942 puncta
1500 1877 1678 1938 lucida,
1719 1878 1861 1941 quasi
1899 1881 2109 1926 vertices
2147 1880 2413 1935 montium¹

123 1954 326 2016 primum
370 1966 400 2000 a
438 1950 553 2000 Sole
599 1951 854 2011 illustrati,
912 1965 1040 2013 quae
1090 1956 1271 2014 puncta
1322 1953 1563 2014 pertinent
1601 1965 1699 1999 non
1738 1951 1800 1999 ad
1840 1951 2139 2011 maculosaS,
2199 1949 2285 2010 sed
2325 1949 2389 1999 ad

67 2034 75 2040 '
125 2025 276 2076 claras
299 2024 469 2073 Lunae
508 2031 686 2088 parteS,
727 2031 780 2072 ut
819 2030 1021 2088 apparet
1060 2025 1376 2088 exspectanti,
1419 2024 1573 2073 donec
1611 2024 1726 2072 illae
1765 2026 1957 2088 penitus
1997 2024 2306 2075 illuminatae
2337 2030 2384 2072 et

122 2097 363 2147 latitudini
399 2097 567 2161 phasis
605 2098 866 2161 adjunctae
903 2097 1109 2160 fuerint,
1150 2103 1263 2145 sunt
1301 2098 1519 2145 vicissim
1558 2099 1606 2144 in
1644 2102 1782 2162 parte
1812 2097 2088 2146 illuminata
2125 2096 2382 2158 lucidiore,

114 2186 307 2220 ⁸rursum
345 2173 393 2218 in
421 2170 628 2220 confinio
668 2189 940 2234 της-τομης,
981 2176 1162 2235 puncta
1186 2176 1306 2231 atra,
1348 2172 1489 2234 quasi
1528 2170 1683 2219 valles
1710 2171 1967 2219 umbrosae
2008 2174 2094 2219 aut
2119 2174 2377 2219 cavernae.

123 2243 259 2294 Haec
297 2259 411 2293 vero
451 2250 563 2291 sunt
588 2251 875 2307 argumenta
914 2245 1206 2308 asperitatis,
1285 2244 1542 2292 Iisautem
1581 2246 1773 2308 punctis
1800 2243 1973 2292 lucidis
2013 2243 2093 2292 vel
2126 2244 2382 2306 insigniter

125 2319 391 2368 tenebrosis
413 2323 577 2365 carent
613 2323 775 2380 partes
802 2317 1118 2374 maculosae,”
1137 2315 1268 2379 quod
1308 2323 1381 2365 est
1410 2323 1749 2380 argumentum
1787 2317 2061 2380 superficiei
2089 2315 2381 2380 aequabilis.

122 2389 344 2454 Denique
372 2393 420 2438 in
445 2389 620 2438 lucidis
648 2391 866 2454 partibus
894 2396 968 2439 est
1005 2390 1264 2452 singularis
1301 2392 1447 2439 umbo
1487 2391 1721 2439 claritatis
1748 2393 2028 2450 immensae,
2069 2392 2211 2452 quasi
2248 2404 2388 2440 mons

103 2457 292 2528 'ingens
341 2466 454 2512 nive
506 2470 687 2512 tectus:
766 2469 822 2511 ut
873 2463 920 2510 id
962 2465 1035 2517 sit
1094 2469 1431 2525 argumentum
1489 2464 1711 2512 candoris
1761 2467 1810 2512 in
1862 2464 2081 2528 partibus
2134 2462 2273 2524 altis,
2340 2469 2389 2512 et

122 2538 318 2602 nigredo
357 2543 405 2586 et
450 2538 744 2596 obscuritas,
797 2535 1099 2584 humiditatis
1140 2549 1302 2584 comes
1349 2551 1501 2598 penes
1541 2551 1653 2598 noS,
1704 2543 1900 2586 maneat
1953 2536 2172 2600 partibus
2213 2536 2382 2585 Lunae

125 2611 368 2676 profundis
407 2616 454 2658 et
493 2612 540 2656 in
580 2623 765 2672 aequor
801 2609 937 2656 fusiS.
1158 2651 1161 2657 a

269 2684 507 2734 Cernitur
544 2678 601 2730 in
636 2688 783 2745 parte
805 2680 988 2730 Lunae
1025 2681 1359 2741 corniculata,
1399 2697 1432 2730 a
1461 2681 1575 2731 Sole
1612 2697 1808 2744 aversa,
1847 2683 2020 2731 lumen
2059 2689 2207 2732 tenue
2224 2683 2395 2741 ῥηίδια,

0 2743 5 2788 ῗ
75 2798 78 2801 Α
122 2771 279 2806 eor-nu
314 2756 568 2805 lucidum:
607 2769 812 2817 quaero,
853 2757 979 2802 sitne
1016 2753 1145 2803 illud
1182 2753 1367 2803 Lunae
1401 2758 1686 2818 proprium,
1728 2762 1821 2804 aut
1858 2756 1994 2804 unde
2031 2756 2127 2804 sit?
2167 2755 2380 2802 Causam

125 2837 310 2894 oportet
359 2830 547 2879 effectui
601 2826 907 2890 respondere.
985 2826 1038 2875 Si
1087 2826 1248 2875 lumen
1295 2827 1344 2874 id
1384 2835 1512 2877 esset
1550 2827 1719 2877 Lunae
1769 2830 2040 2892 proprium,
2093 2834 2380 2892 perpetuum

107 2910 263 2952 ¹esset.
339 2903 406 2951 At
443 2903 755 2949 fortissimum
795 2908 868 2948 est
906 2902 1032 2949 circa
1070 2899 1342 2960 novilunia,
1394 2901 1547 2948 vincit
1596 2904 1722 2949 enim
1773 2902 2045 2964 crepusculi
2093 2902 2381 2962 claritatem,

125 2977 272 3024 vincit
309 2974 682 3023 horizontalium
723 2987 958 3037 vaporum
1000 2972 1313 3034 densitaterm
1368 2980 1534 3022 contra
1583 2973 1933 3022 debilissimum
1974 2975 2027 3021 fit
2065 2975 2114 3020 in
2168 2973 2380 3037 quadriS,

87 3055 179 3114 xnt
225 3049 417 3097 nonnisi
481 3063 510 3095 a
573 3048 678 3094 visu
731 3047 1011 3093 acutissimo
1060 3052 1174 3093 tuuc
1227 3046 1664 3107 animadvertatur,
1722 3060 1811 3094 nec
1862 3048 1953 3093 nisi
2003 3052 2146 3095 nocte
2196 3046 2380 3107 adulta,

131 3119 265 3170 launa
299 3121 400 3169 alta
439 3128 487 3168 et
525 3137 555 3168 a
595 3119 858 3181 vaporibus
896 3117 1068 3167 libera.
1146 3117 1309 3166 Causa
1347 3120 1493 3181 igitur
1532 3119 1642 3166 talis
1683 3124 1755 3167 est
1794 3118 2100 3180 quaerenda,
2153 3132 2280 3183 quae
2319 3121 2383 3168 sit

126 3192 381 3243 fortissima
420 3195 548 3242 circa
586 3191 861 3248 novilunia,
904 3189 1077 3239 debilis
1117 3192 1243 3239 circa
1282 3190 1506 3253 quadras.
1585 3191 1723 3239 Talis
1760 3197 1834 3240 est
1874 3198 2035 3241 autem
2076 3193 2223 3242 facies
2263 3193 2383 3242 Tel-

127 3265 258 3327 luris,
297 3267 539 3315 illustrata
577 3282 606 3313 a
633 3265 762 3312 Sole.
839 3262 963 3310 Nam
1002 3277 1100 3325 quo
1140 3268 1355 3326 tempore
1381 3262 1632 3311 terricolae
1671 3264 1854 3313 habeut
1880 3266 2199 3327 novilunium,
2242 3266 2382 3315 Luna

126 3339 336 3401 vicissim
375 3339 523 3386 habet
560 3337 890 3401 pleniterrium
929 3334 1068 3399 (alibi
1107 3334 1424 3398 plenivolium
1453 3335 1647 3400 appello
1668 3332 1752 3400 ⁸⁵),
1795 3339 1909 3399 quia
1930 3338 2083 3400 Luna,
2124 3340 2220 3388 sita
2259 3341 2381 3388 inter

129 3409 290 3459 Solem
328 3418 376 3460 et
412 3411 627 3470 Terram,
668 3419 803 3473 parte
843 3410 947 3468 sui,
989 3421 1114 3469 quae
1155 3414 1228 3455 est
1267 3422 1440 3456 aversa
1480 3425 1508 3456 a
1547 3407 1676 3469 Sole,
1719 3411 1889 3459 fruitur
1928 3414 2190 3475 conspectu
2230 3414 2381 3460 totius

128 3481 464 3548 hemisphaerii
504 3483 729 3541 Telluris,
771 3481 1028 3529 illuminati
1067 3495 1095 3527 a
1134 3479 1265 3528 Sole.
1339 3480 1394 3527 In
1434 3480 1631 3543 quadris
1671 3497 1785 3531 vero
1826 3485 1950 3533 sicut
1989 3485 2241 3534 terricolae
2276 3485 2381 3533 Lu-

130 3568 253 3618 nam,
291 3558 360 3605 sic
398 3556 538 3604 Luna
561 3556 759 3606 Terram
802 3554 932 3601 videt
971 3551 1222 3600 dimidiato
1262 3559 1449 3601 tantum
1490 3554 1626 3602 vultu
1652 3554 1909 3605 lucentem.
1986 3558 2089 3607 Nec
2115 3558 2379 3607 absurdum

131 3635 227 3689 est,
276 3628 406 3691 quod
452 3630 576 3677 sicut
627 3629 766 3676 Luna
814 3626 960 3689 plena
1007 3624 1246 3673 illuminat
1293 3631 1462 3675 noctes
1514 3633 1700 3676 nostras
1752 3631 2002 3694 pingitque
2053 3646 2142 3679 suo
2197 3631 2379 3679 lumine

131 3697 304 3750 Terrae
344 3707 525 3765 partem
572 3716 602 3750 a
640 3701 753 3749 Sole
805 3714 1056 3757 aversam,
1108 3699 1178 3746 sic
1218 3699 1363 3746 etiam
1403 3698 1555 3749 Terra
1606 3700 1748 3764 plena
1797 3705 2013 3753 vicissim
2054 3703 2378 3767 quindecuplo

132 3771 297 3821 fortius
333 3774 570 3822 illuminet
608 3780 796 3822 noctem
839 3771 985 3827 illam,
1025 3767 1149 3832 qua‘c
1189 3773 1336 3818 estin
1376 3780 1510 3835 parte
1539 3772 1704 3824 Lunae
1744 3790 1774 3824 a
1798 3776 1913 3828 Sole
1954 3792 2155 3838 aversa3
2198 3778 2378 3838 quippe

134 3857 367 3907 apparens
415 3845 577 3896 discus
614 3845 823 3896 Telluris
874 3846 922 3893 in
976 3843 1114 3892 Luna
1163 3850 1235 3891 est
1288 3845 1639 3914 quindccuplus
1691 3849 1879 3902 circiter
1917 3851 2206 3921 'apparentis
2261 3849 2379 3903 disci
