2554 4140
234 128 336 176 342
1055 118 1292 176 Epitomes
1323 117 1640 162 Astronomiae

233 270 340 333 ejus
374 267 643 317 naturalem
680 269 860 315 vincat.
934 266 1058 315 Nam
1112 266 1224 315 talis
1271 265 1481 315 facultas
1524 265 1629 327 jam
1680 271 1754 314 est
1790 280 1938 329 supra
1975 271 2176 315 naturae
2224 269 2483 330 ingenium,

233 343 414 392 formae
452 339 647 389 soboles
684 345 771 387 aut
807 340 939 388 vitae
977 339 1137 388 index,

385 412 525 461 Unde
558 412 758 475 probas,
795 415 1068 460 materiam
1105 413 1382 461 coelestium
1421 425 1692 474 corporum
1729 413 1880 458 reniti
1916 413 2020 458 suis
2045 412 2318 459 motor-ibus
2356 417 2401 459 et
2424 413 2486 460 ab

232 488 292 534 iie
339 487 502 545 vinci,
553 485 690 532 velut
743 487 799 531 in
845 485 979 533 libra
1021 484 1251 548 pondera
1288 499 1322 530 a
1364 484 1611 547 facultate
1655 497 1751 531 sua
1800 484 2041 532 motrice?
2111 483 2352 532 Probatur
2390 484 2486 534 hoc

231 559 386 623 primo
426 572 484 605 ex
522 555 779 620 periodicis
825 559 1122 620 temporibus
1161 555 1520 604 convolutionis
1569 554 1824 618 globorum
1870 555 2171 617 singulorum
2211 558 2337 605 circa
2374 571 2487 605 suos

233 645 365 690 axes,
405 636 458 677 ut
496 628 702 678 Telluris
742 635 959 692 tempore
998 629 1197 688 diurno,
1248 628 1377 682 Solis
1415 635 1629 692 tempore
1669 628 1735 676 25
1778 628 1962 676 dierum
2000 629 2203 677 circiter.
2278 629 2406 677 Nam
2443 631 2486 677 si

233 703 368 752 nulla
406 708 534 750 esset
570 703 744 750 inertia
783 703 833 748 in
871 704 1073 749 materia
1108 694 1242 764 globi
1284 696 1523 760 coelestis,
1564 715 1691 764 quae
1729 701 1792 748 sit
1831 703 1875 749 ei
1914 700 2051 750 velut
2089 700 2336 763 quoddam
2363 715 2488 766 pon-

236 774 339 835 dus,
381 773 514 822 nulla
555 775 702 823 etiam
743 788 864 838 opus
905 780 1033 821 esset
1073 775 1247 821 virtute
1287 772 1348 820 ad
1387 773 1588 835 globum
1625 773 1944 822 movendum:
1996 779 2044 822 et
2080 774 2242 837 posita
2282 773 2358 823 vel
2395 776 2486 822 mi-

233 850 366 896 nima
405 840 580 896 virtute
619 846 681 894 ad
725 845 1041 906 movendum,
1089 846 1193 908 jam
1235 860 1383 894 causa
1421 845 1557 895 nulla
1596 853 1748 906 esset,
1790 847 1906 909 quin
1945 846 2121 908 globus
2161 848 2208 892 in
2247 853 2488 895 momento

234 926 514 970 verteretur.
591 919 704 968 Jam
745 932 859 967 vcro
887 933 996 966 cum
1027 917 1282 981 globorum
1311 920 1655 968 conversiones
1694 919 1813 967 fiant
1837 921 1885 966 in
1926 925 2057 967 certo
2084 924 2319 984 tempore,
2358 919 2488 982 quod

235 995 284 1040 in
323 994 421 1042 alio
459 991 656 1056 planeta
695 997 767 1038 est
804 990 1026 1053 longius,
1075 992 1122 1038 in
1161 991 1259 1040 alio
1299 992 1523 1052 brevius,
1563 992 1676 1040 hinc
1715 998 1944 1055 apparet,
1998 993 2222 1040 inertiam
2259 995 2490 1042 materiae

235 1080 330 1114 non
384 1079 490 1113 esse
538 1062 602 1112 ad
648 1065 877 1111 virtutem
923 1064 1200 1125 motricem,
1251 1070 1304 1112 ut
1349 1064 1468 1113 nihil
1519 1063 1581 1114 ad
1626 1063 1828 1127 aliquid.
1908 1064 2019 1112 Non
2059 1070 2133 1114 est
2170 1066 2318 1128 igitur
2356 1064 2491 1114 nulla

237 1139 413 1187 inertia
452 1143 500 1184 et
535 1137 607 1185 sic
643 1136 901 1184 renitentia
937 1137 1170 1184 materiae
1209 1136 1447 1186 coelestis.

379 1209 515 1258 Idem
553 1207 765 1256 secundo
804 1209 1036 1271 probatur
1076 1223 1135 1257 ex
1174 1209 1535 1258 circumlatione
1573 1207 1830 1272 globorum
1870 1209 1998 1258 circa
2035 1208 2234 1266 Solem,
2287 1210 2490 1272 junctim

237 1282 663 1332 consideratorum.
738 1280 862 1329 Nam
902 1282 1072 1330 unicus
1111 1288 1270 1329 motor
1308 1283 1452 1330 unica
1489 1283 1566 1330 sui
1602 1283 1843 1331 rotatione
1883 1289 2047 1331 movet
2083 1297 2170 1332 sex
2208 1282 2398 1346 globos,
2439 1290 2492 1332 ut

236 1356 361 1403 infra
399 1354 669 1403 audiemus.
746 1353 933 1416 Quodsi
971 1353 1108 1417 globi
1144 1368 1243 1402 non
1280 1353 1515 1403 haberent
1550 1353 1823 1403 naturalem
1848 1357 2154 1404 renitentiam
2194 1363 2356 1404 certae
2377 1371 2492 1418 pro·

234 1429 488 1492 portionis,
529 1440 678 1475 causa
713 1426 850 1475 nulla
886 1432 1028 1487 esset,
1070 1428 1187 1489 quin
1212 1429 1411 1476 motoris
1448 1428 1523 1475 sui
1563 1427 1941 1477 turbinationem
1979 1430 2285 1477 exactissime
2311 1443 2492 1492 seque·
2539 1457 2546 1464 -

236 1506 399 1549 rentur
453 1505 501 1548 et
548 1500 621 1547 sic
667 1513 774 1547 cum
828 1500 935 1562 ipso
987 1513 1085 1547 uno
1144 1506 1192 1548 et
1242 1498 1412 1548 eodem
1463 1506 1676 1564 tempore
1732 1507 2138 1550 converterentur.
2215 1501 2329 1550 Jam
2378 1517 2492 1551 vero

239 1587 406 1622 omnes
446 1572 641 1635 quidem
678 1573 728 1619 in
767 1586 873 1620 eam
914 1572 1111 1637 plagam
1148 1578 1287 1632 eunt,
1326 1573 1376 1619 in
1414 1587 1561 1635 quam
1600 1579 1757 1621 motor
1793 1573 2092 1634 turbinatur,
2131 1573 2295 1623 nullus
2332 1579 2492 1624 tamen

238 1646 532 1694 celeritatem
570 1646 770 1693 motoris
808 1646 884 1694 sui
924 1644 1066 1709 plene
1103 1646 1321 1708 attingit,
1361 1651 1410 1694 et
1446 1644 1571 1693 alius
1609 1645 1707 1694 elio
1746 1647 1940 1708 segnior
1977 1649 2210 1710 sequitur.
2287 1647 2494 1697 Miscent

239 1733 352 1782 ergo
392 1717 625 1767 celeritati
663 1719 864 1766 motoris
903 1733 1041 1766 suam
1078 1719 1310 1766 materiae
1349 1719 1572 1766 inertiam
1608 1720 1658 1765 in
1698 1725 1830 1768 certa
1867 1721 2194 1784 proportione.

392 1790 603 1839 Videtur
635 1793 895 1854 proportio
929 1791 1304 1854 periodicorum
1342 1797 1625 1854 temporum
1662 1805 1758 1840 esse
1793 1795 1973 1840 mentis
2009 1808 2149 1857 opus,
2187 1808 2292 1843 non
2328 1808 2494 1843 necee-
2529 1774 2537 1782 ,

238 1866 400 1912 sitatis
434 1865 727 1912 materialis.
804 1864 921 1929 Ipsa
958 1863 1154 1927 quidem
1192 1869 1414 1913 motuum
1452 1869 1774 1912 extremorum
1813 1864 2077 1915 tardissimi
2113 1872 2162 1915 et
2201 1866 2493 1916 velocissimi

239 1939 289 1984 in
327 1937 649 2000 unoquolibet
699 1935 899 2000 planeta
947 1938 1325 2002 contemperatio
1378 1937 1755 1999 exquisitissime
1800 1937 2082 1988 harmonica
2129 1945 2203 1987 est
2238 1954 2492 2003 supremae

240 2015 288 2059 et
327 2009 605 2067 adorandae
646 2011 889 2059 creatricis
927 2010 1102 2060 mentis
1140 2024 1227 2059 seu
1267 2011 1536 2074 sapientiae
1576 2023 1727 2072 opus:
1767 2016 1818 2058 at
1855 2010 2185 2074 longitudines
2224 2018 2493 2077 temporum

236 2082 606 2146 periodicorum,
645 2083 687 2130 si
725 2089 886 2131 essent
925 2084 1100 2132 mentis
1135 2097 1272 2147 opuS,
1310 2082 1547 2131 haberent
1582 2081 1769 2144 aliquid
1795 2082 2180 2148 pulchritudinis,
2223 2085 2494 2148 cujusmodi
2530 2074 2539 2085 '⁸

238 2161 350 2203 sunt
387 2155 724 2220 proportiones
764 2154 996 2204 effabiles:
1037 2154 1211 2220 dupla,
1264 2154 1409 2219 tripla
1459 2162 1507 2203 et
1556 2153 1755 2203 similes.
1831 2154 1947 2205 Jam
1986 2172 2100 2206 vero
2139 2158 2492 2220 periodicorum

240 2235 510 2292 temporum
558 2229 895 2292 proportiones
943 2234 1057 2276 sunt
1102 2227 1372 2277 ineffabiles
1427 2225 1751 2293 (irrationales
1797 2226 1965 2294 vulgo)
2022 2239 2070 2278 et
2118 2233 2189 2280 sic
2239 2231 2491 2281 infinitatis

239 2302 512 2366 participeS,
552 2303 601 2348 in
628 2315 727 2363 qua
762 2299 897 2349 nulla
923 2300 1229 2366 pulchritudo
1245 2299 1494 2359 mentalis,
1535 2302 1651 2362 quia
1675 2298 1811 2348 nulla
1835 2300 2004 2351 finitio.
2071 2302 2298 2353 Secundo
2322 2306 2512 2357 mentis·

241 2388 362 2438 opus
401 2388 509 2422 esse
546 2387 643 2422 non
681 2379 886 2437 possunt
925 2374 1042 2437 (non
1079 2373 1255 2436 loquor
1293 2372 1353 2422 de
1393 2378 1631 2433 creatore,
1684 2372 1771 2422 sed
1811 2373 1871 2422 de
1909 2380 2082 2424 natura
2118 2374 2337 2443 motoris)
2373 2377 2492 2428 haec

238 2453 484 2511 tempora,
539 2447 655 2510 quia
707 2446 1001 2509 colliguntur
1051 2451 1270 2511 tempora
1319 2447 1462 2494 unius
1509 2443 1697 2509 periodi
1749 2459 1809 2494 ex
1862 2447 2201 2511 inaequalibus
2248 2451 2394 2498 moris
2442 2451 2488 2507 in

239 2518 443 2568 diversis
483 2517 645 2567 circuli
685 2520 920 2584 partibus.
995 2518 1116 2567 Illae
1154 2533 1271 2568 vero
1311 2517 1597 2582 inaequales
1627 2533 1807 2579 morae,
1846 2526 1900 2568 ut
1936 2521 2060 2578 infra
2086 2521 2286 2584 dicetur,
2326 2525 2523 2577 oriun-p·

240 2598 318 2640 tur
356 2607 416 2641 ex
453 2591 693 2641 materiali
730 2593 1020 2641 necessitate
1060 2598 1109 2640 et
1146 2592 1299 2640 veluti
1338 2606 1396 2641 ex
1432 2593 1620 2640 ratione
1659 2596 1886 2641 staterae.

389 2664 466 2714 Tu
502 2680 620 2728 erqo
657 2680 761 2728 qua
797 2668 850 2713 vi
874 2664 1133 2729 suspendis
1148 2665 1329 2727 qlobos,
1368 2671 1427 2713 ut
1452 2667 1555 2730 vic,
1580 2665 1882 2726 materiales,
1930 2664 2140 2715 Terram
2175 2671 2488 2733 praesertim,

235 2740 305 2787 sic
341 2744 401 2787 ut
437 2738 641 2801 quilibet
675 2740 818 2786 intra
856 2744 1013 2786 metas
1049 2745 1259 2786 maneat
1293 2752 1417 2786 suae
1451 2740 1691 2800 remonis,
1742 2736 2003 2787 destitutus
2047 2739 2158 2788 licet
2193 2741 2290 2790 illis
2326 2741 2490 2798 solidis

235 2811 435 2860 orbium
473 2811 724 2860 vinculis?
777 2809 898 2859 Cum
937 2816 1118 2859 certum
1156 2813 1247 2872 sit,
1288 2809 1472 2859 solidos
1511 2811 1654 2859 orbes
1689 2808 1854 2859 nullos
1891 2825 1997 2860 esse
2013 2836 2041 2872 ,ο
2073 2826 2270 2862 necesse
2309 2822 2400 2874 est,
2437 2819 2488 2865 ut

240 2884 576 2946 confugiamus
617 2883 678 2932 ad
716 2883 842 2932 hanc
878 2885 1100 2932 inertiam
1139 2884 1385 2942 materiae,
1427 2898 1525 2946 qua
1561 2883 1631 2943 fit,
1672 2888 1725 2930 ut
1761 2883 1939 2946 globus
1966 2884 2160 2947 aliquis,
2200 2900 2487 2950 quocunque

237 2957 402 3004 mundi
446 2955 555 3005 loco
603 2956 874 3006 collocatus
923 2962 1059 3005 extra
1104 2958 1310 3005 virtutes
1348 2957 1595 3016 motrices,
1650 2955 1734 3003 illo
1786 2955 1896 3005 loco
1936 2959 2155 3020 quiescat
2191 2960 2487 3022 naturaliter,

241 3029 303 3077 ob
341 3028 391 3076 id
428 3030 601 3093 ipsum,
642 3031 758 3092 quia
777 3031 996 3089 materia,
1037 3034 1090 3078 ut
1127 3028 1256 3090 talis,
1294 3028 1573 3078 facultatem
1611 3027 1796 3077 nullam
1836 3027 1989 3078 habet
2025 3029 2342 3080 transferendi
2379 3046 2486 3094 cor-2

241 3115 333 3165 pus
369 3116 509 3150 suum
549 3101 608 3151 de
645 3101 757 3151 loco
799 3103 848 3149 in
887 3101 1063 3151 locum.
2476 3141 2483 3152 .

387 3174 523 3236 Quid
569 3177 728 3238 iyitur
774 3182 867 3237 est,
922 3174 1057 3238 quod
1089 3175 1320 3238 planetas
1354 3174 1481 3238 facit
1518 3175 1653 3221 circa
1692 3173 1858 3223 Solem
1895 3177 1992 3235 ire,
2048 3176 2314 3236 quemlibet
2347 3179 2484 3226 intra

237 3251 393 3295 metas
427 3260 548 3294 suae
585 3249 824 3310 reqionis,
875 3250 918 3296 si
954 3263 1045 3296 nec
1079 3247 1225 3297 solidi
1276 3253 1398 3295 sunt
1433 3245 1596 3306 orbes,
1648 3260 1739 3294 nec
1786 3249 1881 3310 ipsi
1928 3247 2058 3308 ylobi
2091 3256 2301 3310 possunt
2344 3248 2486 3298 aliud

241 3332 396 3381 quam
434 3318 635 3367 haerere
668 3321 778 3383 fioei,
818 3335 907 3369 nec
944 3323 1050 3368 sine
1086 3320 1255 3369 solidis
1293 3319 1493 3368 orbibus
1530 3319 1594 3366 de
1627 3318 1730 3368 loco
1769 3321 1825 3367 in
1862 3319 2028 3367 locum
2054 3325 2247 3369 moveri
2280 3326 2485 3385 possunt

243 3390 306 3438 ab
344 3390 454 3438 ulla
491 3393 704 3440 anima?
738 3393 842 3441 Etsi
881 3407 957 3441 res
995 3408 1026 3442 a
1062 3393 1204 3441 nobis
1242 3393 1591 3441 remotissimae
1623 3397 1670 3439 et
1709 3405 1834 3454 quae
1873 3392 1976 3439 sine
2012 3395 2224 3454 genuino
2265 3393 2481 3458 exemplo

239 3468 367 3522 sunt,
407 3461 626 3511 difficiles
664 3463 845 3512 habent
883 3465 1152 3529 explicatus
1195 3471 1242 3513 et
1281 3479 1533 3513 censuram
1570 3463 1783 3512 efficiunt
1827 3463 2061 3513 lubricam
2100 3466 2382 3527 admodum,
2426 3464 2482 3526 'ut

239 3550 352 3585 vere
389 3536 577 3583 monuit
594 3535 917 3598 PtolemaeuS‚
960 3539 1001 3585 si
1039 3545 1202 3586 tamen
1238 3536 1708 3586 verisimilitudinem
1746 3550 2019 3598 sequamur,
2060 3541 2231 3588 attenti
2269 3554 2330 3588 ne
2367 3536 2481 3602 quid

239 3609 382 3657 nobis
415 3607 535 3671 ipsis
574 3609 864 3656 contrarium
903 3615 1200 3659 statuamus:
1240 3609 1372 3658 haud
1411 3610 1668 3658 obscurum
1707 3622 1812 3657 esse
1852 3611 2050 3671 poterit,
2089 3626 2250 3674 neque
2274 3618 2479 3672 mentem
2542 3628 2554 3656 .-

242 3680 456 3743 aliquam
507 3679 903 3728 introducendam
951 3696 1082 3743 esse,
1134 3697 1259 3745 quae
1308 3682 1565 3731 dictamine
1612 3681 1813 3729 rationis
1862 3688 1910 3730 et
1948 3682 2102 3732 veluti
2150 3689 2269 3732 nutu
2307 3684 2478 3747 globos
2542 3703 2554 3717 ι·

242 3756 550 3815 circumagat,
589 3766 748 3815 neque
786 3754 996 3800 animam
1033 3753 1147 3802 huic
1183 3754 1379 3817 quidem
1416 3752 1764 3804 circumlationi
1801 3754 2189 3817 praeficiendam,
2229 3771 2354 3820 quae
2391 3757 2476 3817 sic,

2541 3755 2554 3798 i«

242 3833 298 3877 ut
333 3826 388 3877 fit
423 3827 470 3876 in
511 3825 855 3877 convolutione
894 3826 1021 3876 circa
1059 3839 1212 3890 axem,
1254 3829 1426 3877 virium
1463 3825 1708 3892 aequabili
1746 3829 2054 3878 contentione
2091 3829 2239 3879 faciat
2273 3832 2476 3894 impres·
2539 3839 2554 3871 ἤ
