2554 4140
245 142 347 190 626
1043 133 1112 175 De
1143 130 1332 175 Tabulis
1360 131 1675 187 Rudolphinis.

237 283 515 345 disponam,
570 292 715 340 quam
768 279 818 324 in
867 284 952 325 tua
997 282 1241 339 potestate
1294 277 1371 324 sit.
1450 275 1700 340 Quidquid
1745 284 1909 327 tamen
1960 279 2072 337 erit,
2121 276 2222 324 filio
2271 290 2380 324 meo
2425 276 2487 324 ad

236 362 395 404 actum
433 351 699 412 magisterii
738 349 1044 398 commodum
1073 350 1327 408 obveniet,
1368 348 1460 396 hac
1497 350 1655 397 solum
1695 354 1949 411 cautione>
1976 365 2123 413 quam
2161 355 2208 398 te
2250 363 2394 411 rogo:
2435 355 2490 396 ut

233 441 330 474 non
376 427 480 472 sine
520 437 757 471 consensu
796 423 925 471 filiae
963 437 1125 481 meae,
1182 436 1308 483 quae
1349 421 1548 487 Durlaci
1588 430 1681 481 est,
1733 422 2007 486 Tubingam
2046 425 2234 482 mittas,
2270 424 2328 469 *si
2365 422 2487 469 sorte

235 496 534 547 commodius
572 495 848 556 Tubingam
885 497 1140 543 transferre
1179 495 1339 556 possis
1377 499 1523 553 recta,
1564 509 1712 556 quam
1749 509 1834 558 per
1869 495 2201 544 Durlachium.

375 569 563 617 Literas
613 568 674 615 ad
723 563 872 616 filiam
921 568 972 632 (a
1023 583 1120 631 qua
1169 566 1252 613 diu
1279 570 1372 615 *est
1421 580 1529 614 cum
1579 567 1766 630 accepi)
1819 568 2019 630 adjunxi
2057 569 2132 615 his
2169 566 2488 627 Noribergam

233 640 558 705 deportandas
600 639 808 703 dedique
857 642 1105 704 negotium
1143 638 1475 702 Eckeprechto
1514 653 1623 687 meo
1661 639 1760 704 ibi,
1809 646 1861 687 ut
1897 641 1979 689 vel
2016 643 2122 704 ipse
2159 642 2320 687 mittat
2357 639 2490 686 Dur-

229 715 403 775 lacum‚
446 714 525 762 vel
564 715 611 760 in
651 713 797 762 hasce
836 714 898 761 ad
935 721 982 762 te
1022 717 1298 776 spectantes
1338 713 1557 759 inserat.
1587 749 1600 760 .
1631 747 1643 758 .
1667 749 1677 759 .
1710 750 1721 762 .
1779 711 1919 773 Vale,
1958 714 2066 761 Deo
2107 711 2486 762 commendatus.

231 788 426 836 Dabam
465 785 649 849 Sagani
686 791 844 849 postr.
877 786 979 834 Cal.
1019 785 1164 833 Mart.
1207 782 1352 847 Greg.
1392 786 1505 832 anni
1551 785 1705 831 1629.

373 858 614 922 Keplerus
654 859 958 921 Berneggero
1013 858 1064 906 S.
1103 857 1160 906 P.
1201 857 1274 904 D.‘
1342 856 1619 905 Clarissimo
1658 856 1760 904 Vir.
1835 855 2024 904 Malum
2076 857 2275 920 aliquod
2322 856 2491 905 videor

230 933 533 993 subodorari,
574 931 933 980 Eckebrechtus
972 946 1124 990 meuS‚
1167 931 1288 977 civis
1326 929 1722 992 NoribergensiS‚
1772 927 1834 975 ad
1874 943 2019 990 quem
2058 932 2219 978 omnia
2256 944 2365 978 mea
2403 944 2492 977 ne·-

229 1008 364 1069 gotia
399 1006 578 1066 remisi,
619 1020 648 1053 a
689 1007 718 1051 2
759 1004 1009 1052 mensibus
1049 1002 1168 1050 nihil
1205 1003 1388 1051 scribit.
1466 1002 1544 1049 Ad
1583 1001 1720 1049 ilium
1745 1001 2058 1050 misi-literas
2084 1002 2147 1050 ad
2186 1011 2232 1052 te
2259 1009 2304 1051 et
2343 1003 2491 1066 filiam

229 1094 386 1128 meam
425 1084 538 1126 ante
580 1080 608 1124 2
650 1091 839 1125 menses
854 1111 866 1137 ,
909 1078 1018 1125 misi
1067 1081 1180 1124 ante
1220 1077 1249 1123 3
1306 1076 1604 1137 septimanas
1644 1073 1862 1122 Gorlicio
1911 1073 2089 1122 alteras
2146 1090 2253 1124 cum
2305 1076 2492 1124 inclusa

230 1151 440 1214 epistola
477 1150 539 1198 ad
578 1150 902 1211 Bartschium,
945 1149 1003 1197 de
1043 1163 1140 1212 quo
1178 1148 1334 1196 multa
1373 1149 1595 1210 quaesivi
1638 1162 1697 1196 ex
1736 1153 1798 1194 te.
1875 1146 2003 1208 Ergo
2036 1147 2140 1208 jam
2173 1149 2346 1196 anxius
2385 1163 2491 1196 sum

230 1225 288 1274 de
329 1224 554 1272 omnibus
593 1224 735 1271 rebus
774 1224 924 1283 meis,
966 1221 1025 1270 de
1064 1221 1385 1269 Lincensibus
1426 1220 1630 1279 debitis,
1682 1219 1740 1268 de
1781 1219 2138 1281 exemplaribus
2178 1220 2494 1286 Tabularum,

231 1298 290 1346 de
330 1311 510 1358 mappa
547 1297 760 1356 nautica,
802 1310 898 1358 quo
939 1297 1132 1343 nomine
1174 1295 1322 1342 habet
1361 1309 1390 1341 a
1429 1308 1504 1342 me
1551 1294 1651 1341 120
1678 1293 1797 1351 flor.,
1840 1291 1898 1340 de
1925 1291 2040 1352 filia,
2081 1292 2141 1341 de
2180 1299 2245 1354 te,
2286 1293 2344 1341 de
2371 1295 2495 1341 ami-

225 1372 292 1419 cis
331 1367 659 1418 Ulmensibus
736 1368 875 1431 Rogo
915 1367 1079 1416 literas
1118 1367 1452 1431 responsorias
1493 1364 1713 1414 includas
1753 1364 1816 1413 ad
1864 1363 1946 1412 J0.
1986 1365 2237 1427 Siberum,
2290 1368 2494 1428 magist-

226 1458 331 1490 rum
370 1446 619 1505 postarum
658 1440 964 1503 Lipsiensem
994 1478 1003 1488 .
1032 1476 1043 1486 .
1070 1471 1084 1488 -.
1113 1476 1125 1487 .
1157 1477 1167 1488 .
1226 1440 1289 1487 D.
1330 1439 1511 1501 Sagani
1557 1438 1727 1496 19s29.
1771 1438 1886 1499 Apr.
1933 1439 2088 1486 1629.
2437 1476 2441 1484 ,

396 1510 522 1554 Haec
554 1514 681 1557 sunt.
715 1522 831 1565 quae
862 1509 1087 1566 Keplerus
1120 1516 1220 1553 cum
1250 1508 1534 1564 Berneggero
1567 1507 1659 1563 egit
1690 1506 1744 1550 de
1775 1505 1959 1550 Tabulis
1991 1506 2308 1563 Rudolphinis.
2371 1507 2494 1562 Quae

223 1578 399 1619 restant
429 1573 649 1630 epistolae
681 1585 764 1617 nec
794 1587 883 1616 non
918 1574 1167 1629 quaedam,
1202 1586 1318 1628 quae
1348 1572 1423 1617 hic
1455 1585 1479 1616 e
1509 1571 1769 1629 praemissis
1802 1570 2005 1627 epistolis
2038 1572 2286 1616 omittenda
2318 1573 2493 1616 censui-

225 1653 343 1692 mus,
382 1638 611 1695 pertinent
642 1638 804 1694 partim
838 1639 894 1683 ad
927 1638 1091 1683 librum
1122 1636 1516 1694 mathematicum,
1561 1649 1695 1692 quem
1739 1634 1875 1680 edere
1917 1634 1962 1678 in
1994 1641 2145 1680 mente
2186 1635 2346 1680 habuit
2374 1637 2493 1693 Kep—

223 1706 360 1764 lerus,
390 1705 553 1762 partim
586 1704 643 1749 ad
673 1717 746 1748 res
779 1704 1063 1759 domesticas,
1095 1704 1211 1748 vitae
1243 1702 1429 1759 Kepleri
1460 1700 1745 1745 reservanda.

399 1769 635 1814 Volumine
657 1771 710 1814 V.
737 1784 779 1826 p.
803 1771 873 1815 46.
908 1769 1116 1826 diximus,
1149 1781 1389 1825 superesse
1420 1767 1638 1824 epistolas
1660 1765 1847 1822 Kepleri
1877 1765 1934 1809 ad
1965 1767 2038 1810 W.
2074 1765 2492 1813 Schickardum

226 1835 378 1888 datas,
413 1848 529 1890 quae
568 1835 763 1879 maxima
801 1847 857 1879 ex
897 1841 1026 1891 parte
1065 1840 1223 1891 typum
1262 1833 1538 1878 Tabularum
1578 1830 1971 1906 Rudolphinarum
2009 1831 2257 1888 attineant,
2308 1845 2493 1889 respon-

226 1900 374 1945 siones
406 1913 511 1944 vero
535 1899 800 1944 Schickardi
822 1899 1083 1944 desiderari.
1145 1897 1376 1954 Epistolas
1409 1897 1491 1941 has
1512 1897 1773 1954 praemissis
1807 1896 2130 1955 subjungimus,
2163 1911 2263 1942 cum
2287 1912 2342 1943 ex
2363 1906 2493 1956 parte

227 1965 407 2023 quidem
436 1965 524 2010 illis
555 1966 704 2010 lucem
736 1964 960 2021 quandam
993 1964 1198 2009 afferant.
1259 1963 1409 2007 Prima
1438 1962 1618 2007 illarum
1649 1961 1866 2018 inscripta
1898 1967 1992 2006 est:

494 2073 787 2122 Clarissimo
824 2071 960 2130 Viro,
1005 2070 1071 2119 D.
1124 2069 1204 2118 W.
1245 2068 1564 2130 Schickardo,
1606 2067 1842 2130 Linquae
1875 2067 2094 2116 Sanctae
2120 2069 2401 2133 Professori
2437 2073 2492 2120 in

664 2143 937 2192 Academia
986 2142 1318 2204 Tubinyensi,
1360 2141 1427 2190 D.
1460 2144 1638 2190 Amico
1675 2147 1722 2188 et
1758 2141 1943 2201 hospiti
1979 2155 2088 2190 meo
2125 2142 2431 2193 charissimo,

373 2231 421 2280 S.
463 2231 519 2280 Ρ.
561 2231 625 2280 D.
702 2229 838 2291 Quae
877 2230 956 2278 hic
995 2236 1245 2292 gerantur,
1297 2228 1444 2277 velim
1498 2228 1641 2276 vobis
1692 2227 1915 2275 omnibus
1967 2228 2323 2289 spectatoribus
2370 2234 2488 2293 geri,

227 2310 282 2353 ut
318 2305 507 2352 animos
546 2303 619 2352 ad
647 2302 815 2351 eadem
856 2301 1130 2351 sufferenda
1166 2302 1490 2365 praeparetiS,
1542 2301 1584 2348 si
1632 2299 1829 2363 quando
1880 2305 1928 2348 et
1965 2306 2157 2350 vestiae
2197 2302 2490 2352 visitationis

215 2376 421 2440 'tempus
461 2378 733 2425 accesserit.
810 2375 862 2424 Si
901 2374 1284 2424 melancholicus
1324 2382 1486 2423 vester
1529 2373 1618 2422 has
1658 2374 1820 2422 tristes
1858 2387 2015 2422 rerum
2054 2375 2291 2438 imagines
2330 2378 2490 2425 animo

228 2451 479 2512 concepit,
536 2449 731 2497 abunde
772 2447 841 2495 illi
880 2449 971 2496 fuit
1009 2449 1430 2496 incitamentorum
1470 2446 1532 2494 ad
1570 2452 1773 2494 mortem
1812 2446 2179 2509 capessendam.
2254 2447 2489 2512 Magnum

221 2522 446 2571 <lenitatis
484 2526 847 2584 argumentum,
902 2520 1033 2583 quod
1071 2535 1167 2569 non
1208 2519 1508 2580 ustulamur‚
1560 2520 1646 2568 sed
1685 2520 1850 2568 vivere
1889 2519 2030 2568 nobis
2068 2518 2210 2582 licet,
2250 2522 2491 2585 siquidem

226 2596 393 2643 vivere
422 2593 538 2643 licet
575 2593 660 2654 illi,
703 2596 779 2642 cui
820 2595 950 2642 vitae
975 2593 1257 2642 tolerandae
1297 2593 1517 2642 subsidia
1555 2591 1868 2655 denegantur.
1943 2592 2069 2640 Nam
2106 2593 2318 2658 pupillis,
2359 2596 2490 2658 agri-

229 2667 372 2728 colis,
424 2672 472 2715 et
510 2672 564 2714 ut
602 2666 772 2726 audio,
824 2668 872 2713 in
923 2674 1172 2729 posterum
1221 2668 1368 2715 etiam
1410 2666 1663 2728 opificibus
1713 2667 1843 2713 exire
1882 2667 2134 2729 provincia
2172 2681 2267 2715 non
2304 2668 2488 2731 licebit,

223 2741 320 2788 nisi
361 2753 471 2788 cum
504 2739 699 2802 jactura
737 2745 784 2787 et
822 2740 1060 2788 bonorum
1102 2741 1315 2787 omnium
1365 2746 1413 2786 et
1459 2739 1728 2787 honestatis
1782 2739 1917 2786 intra·
1947 2738 2142 2801 quidem
2181 2742 2486 2802 provincias:
2551 2781 2554 2793 .

224 2827 337 2861 nam
385 2812 515 2860 sama
569 2812 685 2860 soris
731 2805 885 2874 preini
931 2827 1028 2860 non
1080 2814 1273 2874 poterit.
1348 2811 1488 2860 Haec
1540 2811 1598 2859 de
1636 2825 1714 2859 me
1752 2805 1974 2873 meisque
2014 2811 2144 2861 dicta
2182 2814 2322 2875 n010‚
2372 2829 2485 2863 nam
2550 2823 2554 2852 f

229 2885 388 2934 adhuc
426 2884 544 2932 mihi
583 2884 673 2932 frui
714 2885 830 2932 licet
868 2885 1126 2948 privilegio
1166 2884 1458 2934 conditionis
1499 2884 1702 2932 aulicae.
2548 2885 2549 2926 ἶ

373 2957 606 3006 Curiosus
646 2956 839 3019 aliquis,
879 2959 1061 3024 Famae
1100 2957 1256 3018 filius,
1308 2960 1616 3004 immaturam
1654 2956 1833 3019 sparsit
1870 2956 2048 3005 famam
2092 2957 2150 3006 de
2190 2958 2327 3007 libris
2366 2961 2484 3007 meis
2546 2951 2547 2970 ³

233 3030 636 3092 circumscriptis:
689 3044 815 3091 quae
852 3044 928 3078 res
967 3033 1058 3079 etsi
1095 3045 1172 3079 me
1211 3033 1259 3077 in
1300 3029 1624 3079 sollicitudine
1664 3030 1940 3089 constituit,
1980 3030 2193 3078 sciebam
2232 3037 2394 3079 tamen
2435 3034 2485 3080 in

226 3103 531 3151 umbratilem
577 3102 773 3165 plagam
824 3101 1101 3151 desituram.
1166 3102 1391 3152 Scilicet
1442 3104 1704 3152 etiamnum
1754 3102 2011 3165 obsignata
2063 3109 2136 3151 est
2185 3104 2483 3154 bibliotheca
2541 3093 2544 3100 ’

227 3189 336 3223 mea
376 3174 596 3224 interdiu.
675 3174 771 3224 Sed
810 3175 932 3224 haec
969 3178 1117 3224 missa
1155 3176 1403 3224 faciamuS.
1959 3202 1961 3205 ·

370 3247 628 3296 Discessus
666 3254 988 3297 mercatorum
1012 3263 1088 3297 me
1128 3248 1186 3296 de
1213 3249 1522 3298 collectaneis
1559 3247 1805 3297 nonnullis
1830 3248 2096 3309 admonuit,
2138 3263 2263 3311 quae
2298 3249 2480 3299 dudum

225 3316 288 3365 ad
335 3322 382 3366 te
430 3321 723 3382 perscribere
779 3321 1042 3371 meditatus
1094 3336 1221 3370 sum:
1281 3338 1339 3372 ea
1401 3323 1494 3371 hac
1547 3324 1651 3371 vice
1700 3322 1946 3384 perscribo
1995 3335 2243 3397 rogoque,
2299 3330 2352 3371 ut
2399 3338 2511 3373 re-1

224 3389 481 3452 spondeas.
2533 3386 2536 3390 .

376 3459 422 3527 1)
470 3463 527 3509 In
565 3463 650 3511 illa
688 3467 968 3515 circuitione
1011 3429 1213 3515 Veneris
1253 3468 1377 3516 circa
1415 3467 1614 3530 gibbam
1651 3466 1820 3515 Lunae
1859 3469 2069 3529 speciem
2108 3481 2312 3530 quaere,
2368 3482 2477 3516 cum
2530 3467 2531 3475 ’

229 3533 500 3583 occiderent
536 3534 761 3596 planetae
797 3539 1057 3601 conjuncti,
1099 3540 1332 3602 quantulo
1370 3542 1530 3604 spatio
1556 3539 1724 3588 Venus
1761 3542 2078 3601 praecesserit
2105 3540 2273 3590 Lunae
2309 3543 2478 3603 proxi-

223 3621 356 3654 mum
394 3607 672 3668 marginem,
714 3614 1073 3670 comparatione
1100 3612 1162 3660 ad
1202 3612 1489 3662 diametrum
1530 3613 1742 3676 corporis
1766 3611 1936 3661 Lunae
1975 3615 2100 3663 inter
2137 3627 2317 3663 cornua
2355 3613 2476 3663 duc‘-

225 3678 363 3728 tam‘?
415 3679 476 3727 Et
514 3692 637 3727 anne
676 3685 984 3744 spectaveris,
1026 3699 1180 3748 usque
1220 3686 1332 3734 dum
1372 3683 1745 3735 occumberent}>
2524 3677 2525 3682 ¹

370 3753 426 3813 2)
474 3751 552 3799 An
591 3754 833 3813 acceperis
871 3754 1258 3820 Hyperaspisten
1298 3765 1346 3808 et
1392 3760 1648 3824 pecuniam
1690 3755 2054 3807 Frankofurto?
2108 3758 2313 3822 (Scribit
2351 3773 2470 3809 con-

222 3830 295 3873 tra
333 3839 409 3874 me
449 3823 807 3901 Claramontius
841 3824 1068 3888 Romae.)
