2554 4140
829 93 968 151 Liber
997 94 1191 145 Tertius.
1252 97 1364 143 Pars
1396 95 1563 143 Tertia.
2221 107 2329 156 247.

217 245 358 293 Nihil
392 257 509 306 erqo
546 243 690 293 nobis
726 243 797 291 ad
832 244 985 304 hujus
1024 247 1357 308 coynitionem
1398 258 1459 293 ex
1507 247 1792 308 anticipato
1836 247 2112 297 tenendum
2155 255 2227 300 est
2275 250 2335 299 de

68 324 209 368 motu
249 317 379 366 Solis
414 318 686 379 apparenti
722 330 810 366 seu
855 317 1067 366 Telluris
1101 317 1351 381 proprio?
1399 316 1506 364 Imo
1547 316 1607 364 ad
1647 319 1910 382 perfectam
1950 319 2327 387 explicationem

68 391 183 439 anni
222 389 456 439 vertentis
493 402 592 436 non
629 403 790 452 pauca
828 404 887 438 ex
927 390 1146 440 theorica
1186 390 1405 439 doctrina
1440 389 1653 452 peteuda
1691 396 1818 439 sunt.

217 461 322 510 Cur
365 476 483 523 erqo
533 460 592 508 de
643 462 729 510 illo
781 465 955 525 ayitur
1001 466 1058 511 in
1104 463 1338 513 doctrina
1384 462 1683 525 sphaerica?
1738 463 1910 512 Annus
1952 471 2142 515 vertens
2181 466 2331 517 habet

67 535 230 599 plures
266 540 538 598 respectus:
579 539 665 583 aut
703 537 831 584 enim
855 535 1121 584 dividimus
1162 534 1452 585 curriculum
1477 533 1624 595 Solis,
1666 537 1750 598 qui
1776 550 1958 585 annum
1985 538 2145 600 efficit,
2186 542 2330 590 metis

66 609 168 657 suis
204 605 511 655 naturalibus
550 621 607 655 ex
647 610 801 672 primo
842 615 976 656 motu
1015 610 1206 673 petitis,
1262 609 1570 672 partiumque
1610 606 1803 656 illarum
1843 610 2126 660 affectiones
2168 614 2329 662 varias

64 686 287 744 respectu
341 678 750 728 dissimilitudinis
799 679 983 730 dierum
1041 687 1089 730 et
1137 683 1354 730 noctium
1407 682 1734 743 exquirimuS,
1792 687 1839 731 et
1888 683 1959 730 sic
2004 685 2214 746 pertinet
2265 685 2329 736 ad

68 753 337 802 doctrinam
374 751 704 816 sphaericam;
746 760 833 802 aut
872 755 1097 803 metimur
1135 754 1243 817 ejus
1281 769 1390 803 cum
1429 754 1595 816 totius,
1635 760 1738 802 tum
1777 756 1986 818 partium
2025 756 2328 819 singularum

67 825 396 890 longitudines
437 824 680 887 diversae,
735 835 782 875 et
822 840 1001 876 causae
1042 826 1338 876 diversitatis
1377 825 1526 889 hujus
1563 841 1624 875 ex
1662 823 1880 876 theorica
1916 833 2030 875 sunt
2069 830 2324 891 petendae.

214 897 351 962 Quid
385 905 454 946 est
491 913 713 947 annus
755 899 1053 948 vertens?
1101 899 1190 948 Est
1227 901 1441 962 spatium
1479 900 1736 964 temporis,
1777 901 1904 947 intra
1941 899 2075 962 quod
2115 908 2324 964 quatuor

63 972 275 1020 existunt
312 970 700 1030 vicissitudines,
757 987 867 1034 ver,
910 977 1102 1032 aestaS‚
1149 978 1442 1032 autumnuS,
1482 972 1670 1033 hiems,
1724 971 1840 1022 Sole
1879 972 1942 1020 ab
1983 987 2078 1021 uno
2118 981 2328 1037 puncto-

65 1059 168 1093 rum
209 1043 526 1092 cardinalium
565 1044 629 1093 ad
667 1043 795 1093 idem
835 1050 1122 1094 revertente.

216 1115 355 1164 Unde
392 1132 578 1165 nomen
615 1124 684 1166 est
720 1132 861 1166 anno
887 1117 1140 1166 vertenti?
1194 1115 1368 1165 Graeci
1411 1134 1639 1179 τροπικον
1676 1113 1775 1169 ἀπο
1814 1135 1912 1167 των
1947 1135 2156 1182 sooner»,
2196 1119 2328 1182 quod

8 1205 31 1255 f
66 1191 410 1240 conversiones
448 1189 529 1238 vel
569 1189 929 1239 vicissitudines
966 1189 1233 1252 significat,
1289 1188 1621 1252 appellarunt3
1674 1190 1753 1238 cui
1789 1189 1944 1240 latina
1996 1196 2094 1239 vox
2132 1199 2327 1241 vertens

63 1262 126 1313 ad
174 1264 375 1312 verbum
418 1262 697 1325 respondet.
774 1262 929 1311 Iidem
979 1269 1027 1311 et
1078 1260 1395 1325 temporalem
1448 1260 1732 1326 appellant,
1789 1264 1905 1326 quia
1955 1262 2079 1312 haec
2117 1271 2327 1328 quatuor

63 1337 178 1386 anni
215 1343 438 1398 tempora
474 1335 635 1384 solent
672 1349 968 1399 nuncupare.
1047 1334 1237 1383 Dicitur
1276 1339 1324 1382 et
1368 1333 1619 1396 naturalis,
1661 1334 1791 1397 quod
1831 1335 1924 1385 hae
1965 1338 2328 1388 vicissitudines

68 1410 347 1457 universam
385 1414 607 1457 naturam
645 1411 947 1458 animantum
988 1414 1210 1471 terraque
1248 1408 1552 1456 nascentium
1593 1408 1908 1472 ipsorumque
1947 1408 2071 1459 adeo
2112 1411 2327 1461 elemen-

62 1489 218 1531 torum
258 1482 514 1543 attingant.
1287 1477 1292 1481 ’

203 1553 347 1602 Num
382 1557 540 1617 iyitur
584 1555 640 1602 in
678 1569 818 1604 anno
863 1554 1052 1603 sidereo
1074 1567 1195 1602 non
1231 1559 1352 1601 sunt
1390 1553 1591 1600 eaedem
1629 1559 1851 1617 quatuor
1885 1555 2095 1619 partes?
2149 1548 2326 1605 Insunt

61 1627 257 1691 quidem
308 1634 356 1676 et
390 1626 503 1687 illi,
555 1626 641 1676 sed
694 1642 777 1691 per
828 1626 1068 1676 accidens.
1143 1625 1269 1674 Nam
1316 1626 1358 1673 si
1406 1625 1672 1676 succedant
1717 1627 1928 1676 invicem
1978 1629 2095 1677 anui
2146 1629 2323 1679 siderei

0 1715 2 1759 ι
58 1715 235 1764 magno
275 1700 441 1764 aliquo
480 1714 708 1761 numero,
759 1699 845 1748 fiet
881 1698 1077 1748 tandem
1127 1704 1180 1746 ut
1230 1698 1519 1762 principium
1560 1699 1686 1763 eJuS‚
1741 1699 1871 1763 quod
1925 1700 2180 1750 hibernum
2220 1708 2324 1755 erat

0 1777 3 1830 ξ
58 1775 223 1834 initio,
275 1772 474 1822 tandem
511 1775 559 1820 in
598 1778 834 1822 aestatem
875 1771 1079 1832 incidat,
1135 1772 1301 1834 itaque
1340 1771 1582 1820 interdum
1631 1786 1756 1821 unus
1794 1772 2012 1822 sidereus
2059 1788 2156 1823 non
2195 1789 2322 1838 qua-

0 1839 3 1894 }
58 1852 182 1908 tuor,
221 1845 309 1894 sed
349 1848 563 1910 quinque
602 1845 783 1894 habeat
821 1851 1056 1909 tempora,
1095 1859 1247 1893 unum
1284 1859 1352 1892 sc.
1395 1844 1589 1930 duplex.
1633 1875 1635 1878 -

0 1902 5 1985 l
210 1919 323 1983 Qua
375 1933 618 1968 mensura
665 1921 905 1966 metimur
958 1919 1088 1966 anni
1122 1919 1453 1981 partiumque
1500 1933 1606 1976 eyus
1657 1918 2063 1980 lonyitudin-em?
2114 1919 2320 1981 DiebuS,

2 1993 6 2039 ἶ
62 1993 150 2056 qui
195 1994 320 2041 intra
358 2000 515 2041 metas
555 1994 698 2040 unius
738 1992 851 2040 anni
889 1991 1104 2055 partisve
1145 1991 1370 2039 existunt.
1448 1990 1573 2040 Nam
1611 1990 1733 2040 haec
1776 2006 2004 2041 mensura
2043 1997 2091 2043 et
2130 1993 2325 2043 brevior

59 2070 134 2116 est
167 2079 297 2114 anno
335 2063 686 2125 mensurandO,
726 2070 773 2112 et
812 2066 972 2112 notior
1011 2077 1068 2112 eo
1109 2068 1158 2112 et
1181 2063 1462 2112 'observatu
1504 2069 1861 2128 numerataque
1900 2065 2087 2126 facilis,
2127 2073 2323 2131 propter

0 2130 6 2195 γ’
61 2138 424 2188 vicissitudines
464 2138 561 2187 diei
598 2139 868 2200 noctisque,
910 2143 958 2186 et
998 2135 1206 2199 denique
1245 2138 1366 2185 satis
1406 2136 1693 2199 aequabilis,

0 2216 1 2268 j
209 2212 344 2276 Quot
378 2216 499 2260 sunt
549 2214 605 2259 in
652 2225 792 2258 anno
839 2216 1059 2258 vertente
1106 2209 1244 2257 dies?
1299 2209 1528 2258 Totidem
1566 2211 1685 2271 fere,
1743 2216 1866 2273 quot
1913 2210 2233 2260 observamus
2273 2213 2320 2259 in

5 2301 8 2330 x
55 2298 185 2334 anno
237 2284 371 2334 civili
421 2281 722 2347 Gregoriano
774 2297 863 2331 seu
912 2284 1028 2332 novi
1076 2281 1385 2343 Calendarii‚
1443 2283 1630 2333 scilicet
1689 2284 1792 2332 365
1851 2289 1899 2332 et
1955 2283 2103 2348 paulo
2161 2285 2321 2334 minus

6 2377 9 2385 ¹
58 2364 234 2421 quarta
270 2355 367 2405 diei
403 2362 557 2420 parte,
597 2358 755 2403 minus
794 2358 992 2417 inquam
1031 2355 1184 2404 tribus
1225 2355 1716 2419 quadringentesimis
1768 2352 1912 2405 unius
1966 2356 2062 2406 diei
2102 2359 2319 2419 circiter3

57 2445 170 2480 uam
211 2431 261 2478 in
298 2428 518 2478 doctrina
557 2428 772 2477 theorica
811 2430 1082 2477 excutietur
1119 2428 1242 2478 haec
1281 2429 1520 2492 particula
1557 2431 1849 2478 accuratius,

207 2502 341 2566 Quot
373 2509 494 2551 sunt
529 2516 700 2550 sensus
740 2501 972 2550 vocabuli
1009 2501 1110 2549 dies
1147 2501 1289 2565 apud
1325 2502 1676 2552 astronomos?
1712 2502 1825 2550 Duo
1865 2504 2137 2566 praecipue.
2192 2503 2320 2552 Nam

57 2581 146 2627 aut
176 2575 304 2623 idem
328 2582 486 2635 sonat,
526 2573 657 2636 quod
679 2572 879 2622 Graecis
919 2577 1235 2639 νυχθημερον,
1275 2576 1487 2638 spatium
1524 2590 1697 2640 nempe
1738 2577 1985 2639 temporis,
2028 2578 2151 2624 intra
2189 2575 2320 2638 quod

57 2648 208 2709 semel
248 2647 351 2696 dies
391 2653 439 2696 et
476 2646 627 2696 semel
662 2660 760 2696 nox
798 2646 1031 2708 efficitur,
1073 2661 1198 2710 quae
1241 2646 1342 2696 dies
1381 2648 1616 2698 naturalis
1656 2647 1750 2696 dici
1791 2648 1942 2709 solet3
1992 2654 2077 2696 aut
2116 2649 2321 2697 sumitur

9 2735 11 2738 ¹
52 2721 163 2777 dies
213 2735 300 2784 pro
352 2720 507 2768 noctis
554 2720 803 2784 opposit0,
856 2734 943 2769 seu
982 2722 1255 2768 accuratius
1304 2726 1502 2785 'tempus
1539 2721 1612 2782 id,
1672 2735 1768 2784 quo
1820 2728 2046 2770 centrumx
2075 2719 2205 2770 Solis
2246 2726 2320 2771 est

61 2808 209 2859 ‚supra
246 2793 564 2850 horizontem,
608 2791 879 2856 diciturque
919 2792 1023 2842 dies
1061 2792 1342 2842 artificialis.

101 2924 109 2933 .
210 2866 379 2931 Quam
418 2871 473 2913 tu
507 2871 665 2927 putas
701 2879 798 2913 esse
834 2869 1084 2914 rationem
1124 2866 1308 2914 horum
1347 2867 1617 2914 nominum
1653 2866 1910 2913 naturalis
1936 2872 1981 2913 et
2009 2865 2322 2929 artificialis?

61 2937 484 3005 Quemadmodum
512 2938 698 2997 domus,
741 2940 896 2998 navis,
938 2940 1074 2999 cista,
1115 2952 1284 2988 mensa
1309 2937 1593 2987 naturaliter
1633 2937 1827 3001 quidem
1855 2938 1945 2986 sub
1980 2952 2130 2986 unum
2157 2941 2321 2988 omnia

62 3027 221 3076 genus
258 3026 417 3060 rerum
456 3012 712 3074 pertinent,
754 3010 885 3073 quod
926 3026 983 3060 ex
1022 3011 1154 3073 ligno
1194 3017 1321 3072 sunt,
1362 3025 1441 3059 ars
1479 3025 1595 3060 vero
1635 3011 1993 3059 distinctionem
2032 3011 2158 3060 hanc
2196 3014 2320 3062 inter

62 3083 195 3150 ligna
229 3086 360 3145 fecit,
402 3091 455 3132 ut
492 3084 585 3132 hoc
622 3085 763 3131 navis
802 3089 956 3144 esset,
998 3083 1119 3132 illud
1156 3099 1346 3145 mensa,
1389 3089 1437 3132 et
1475 3082 1884 3147 quemadmodum
1923 3083 2174 3133 hominum
2212 3099 2319 3134 om-

5 3170 15 3231 i
63 3160 194 3215 nium
241 3165 315 3207 est
361 3156 531 3207 eadem
581 3158 794 3220 species,
848 3170 906 3204 ex
957 3171 1053 3218 qua
1091 3170 1266 3205 nomen
1306 3157 1424 3220 ipsis
1460 3158 1691 3219 competit
1729 3155 1967 3217 hominis,
2022 3172 2157 3207 mens
2201 3172 2317 3207 vero

6 3235 9 3281 i
67 3238 115 3281 et
153 3230 454 3280 consuetudo
493 3229 807 3294 gentiumque
845 3230 1067 3277 instituta
1104 3235 1307 3277 naturae
1350 3230 1746 3290 supervenientia
1787 3229 2120 3294 discriminant
2157 3229 2319 3287 homi-

65 3315 177 3366 nes,
230 3303 434 3352 diversis
473 3303 649 3352 muniis
686 3300 1060 3364 nominibusque
1102 3303 1224 3350 inter
1261 3316 1345 3351 eos
1386 3300 1678 3363 distributis,
1732 3306 1785 3350 ut
1833 3301 1912 3352 hic
1961 3305 2024 3352 sit
2060 3318 2168 3365 rex,
2227 3306 2318 3353 iste

67 3378 338 3440 episcopus,
379 3375 461 3425 ille
501 3375 666 3439 opilio,
710 3388 877 3423 omnes
917 3372 1134 3436 ejusdem
1173 3379 1375 3422 naturae
1400 3373 1650 3423 homines:
1690 3375 1760 3424 sic
1800 3389 1946 3424 unum
1987 3381 2035 3425 et
2059 3376 2188 3425 idem
2226 3392 2318 3427 na-

0 3456 19 3513 i
67 3454 174 3498 tura
208 3451 501 3512 proveniens
540 3452 842 3514 νυχθημερον
865 3462 950 3509 per
977 3446 1195 3496 diversos
1235 3446 1525 3508 horizontes,
1567 3446 1615 3496 id
1655 3453 1728 3497 est
1752 3462 1840 3512 per
1876 3447 2096 3499 diversas
2123 3451 2317 3498 visuum

68 3518 371 3574 diversorum
423 3523 799 3584 imaginationes
849 3518 1172 3568 diversimode
1220 3518 1455 3582 figuratur
1507 3521 1555 3568 in
1604 3519 1697 3570 diei
1749 3523 2005 3584 noctisque
2062 3529 2316 3587 segmenta

68 3591 360 3657 inaequalia,
399 3593 540 3643 aliter
577 3593 669 3655 hic,
710 3593 850 3643 aliter
888 3593 969 3640 ibi.

215 3666 478 3731 Quomodo
518 3666 648 3715 diem
689 3666 926 3715 dividunt
964 3664 1289 3713 astronomi?
1324 3663 1564 3713 Dividunt
1603 3679 1728 3726 eum,
1769 3671 1821 3715 ut
1863 3665 2011 3730 vulgo
2053 3666 2228 3726 solent,
2268 3668 2317 3715 in

69 3735 228 3798 horas,
267 3754 390 3803 quas
428 3744 631 3799 veteres,
671 3744 725 3787 ut
764 3755 822 3789 ex
862 3737 1073 3787 Homero
1114 3743 1262 3801 patet,
1302 3738 1350 3785 in
1390 3752 1487 3786 una
1527 3737 1602 3787 die
1640 3738 1850 3788 naturali
1892 3745 2102 3803 quatuor
2141 3739 2314 3800 solum,

72 3809 154 3860 alii
194 3811 463 3877 duodecim,
501 3814 682 3877 posteri
726 3813 791 3864 24
832 3815 1117 3873 statuerunt,
1159 3808 1290 3879 quod
1326 3811 1531 3870 retinent
1570 3813 1833 3877 astronomi
1865 3818 1920 3877 ut
1956 3812 2079 3878 infra
2116 3811 2312 3881 dicetur.

14 3858 17 3882 „,
11 3673 21 3838 ζο-,----ι·-ι’
9 3536 20 3644 -ν-Α-
9 3517 11 3524 ⁴
