2560 4100
217 137 285 184 36
845 122 1087 184 Epistolae
1116 127 1301 186 Kepleri
1328 127 1609 184 aliorumque
1637 130 1823 172 mutuae

215 278 476 340 phaeresin
514 276 731 336 exstruit,
771 280 959 325 at.cum
982 276 1291 327 latitudinem
1316 277 1523 326 fixarum
1549 280 1812 339 computat,
1850 274 1992 337 polus
2018 274 2278 337 eclipticae
2302 278 2467 321 manet

213 352 309 413 ipsi
347 353 395 398 in
435 347 614 398 circelli
648 348 897 411 diametr0,
937 364 1125 398 rursum
1160 363 1478 413 prorsumque
1517 349 1737 397 libratus.
1813 346 1911 396 Sed
1947 347 2271 413 hoc‘veniam
2307 361 2466 394 mere-

216 430 320 484 tur,
374 437 483 470 cum
532 435 608 470 res
657 422 724 470 sit
773 423 1096 472 incertissima
1146 423 1207 471 de
1242 424 1511 471 mutatione
1551 422 1854 484 obliquitatis
1892 420 2173 483 eclipticae;
2224 434 2350 482 quac
2388 433 2464 466 res

217 497 388 555 effecit,
428 500 483 542 ut
520 508 612 557 ego
648 495 755 557 ipse
794 509 988 558 quoque
1026 502 1218 558 praeter
1241 496 1551 543 librationem
1576 494 1847 557 simplicem
1881 495 2095 556 quinque
2133 492 2256 542 alios
2294 490 2466 540 modos

214 569 481 617 volutionis
517 567 620 629 poli
658 567 911 630 eclipticas
949 570 997 615 in
1036 568 1419 616 circumferentia
1458 565 1664 626 circelli,
1718 580 1923 628 quorum
1972 581 2098 614 unus
2148 572 2221 615 est
2258 567 2306 612 in
2346 565 2467 627 Epi-

215 646 371 689 tomes
395 640 520 689 libro
547 639 660 701 VII,
687 643 1012 703 congesserim
1039 643 1088 688 in
1114 640 1470 703 Rudolplfinas,
1487 632 1490 634 ’
1509 638 1718 688 necdum
1742 647 1906 688 tamen
1933 641 2174 700 constitui,
2215 653 2277 686 au
2305 651 2468 686 omnes

215 715 265 760 in
314 712 495 762 tabulis
543 713 746 775 iunctim
795 713 1093 777 publicandi.
1176 713 1488 762 Ptolemaeus
1534 711 1732 775 quidem
1782 711 2003 772 simulat,
2056 727 2108 761 se
2159 710 2465 760 observando

211 785 341 834 idem
380 785 778 850 deprehendisse,
829 787 958 848 quod
998 785 1323 849 Hipparchus.
1401 783 1531 846 Quid
1580 786 1623 833 si
1661 786 1990 834 extremitates
2028 785 2306 833 umbrarum
2344 797 2466 831 con-

212 863 427 908 sectatus
467 865 554 920 est,
594 874 790 908 mensus
829 874 895 907 sc.
936 875 966 907 a
1003 873 1228 921 supremo
1267 860 1484 922 margine
1523 856 1653 906 Solis
1694 859 1872 907 aestivi
1909 858 1989 907 vel
2026 863 2208 920 puncto
2246 858 2466 920 proximo

210 931 273 980 ad
310 933 461 980 imum
499 934 766 995 marginem
803 932 930 981 Solis
967 931 1180 992 hiberni,
1221 937 1275 979 ut
1314 933 1638 994 quantitatem
1676 931 1896 991 eliceret,
1947 945 2046 993 qua
2082 937 2212 980 certo
2265 943 2362 978 non
2401 932 2465 977 sit

212 1005 369 1067 major
409 1005 641 1055 distantia
678 1007 986 1068 tropicorum‚
1028 1011 1077 1053 et
1113 1019 1174 1053 ne
1197 1011 1464 1067 cogeretur,
1505 1003 1840 1067 Hipparchum
1880 1003 2099 1053 deserere
2135 1008 2332 1066 propter
2365 1001 2467 1050 dis-

217 1092 414 1127 sensum
454 1079 852 1127 observationum
890 1092 1115 1139 suarum,
1157 1092 1284 1139 quae
1321 1092 1409 1140 per
1445 1092 1498 1126 se
1536 1077 1740 1126 subtiles
1780 1092 1888 1126 esse
1926 1076 2086 1125 solent
2126 1083 2175 1125 et
2210 1075 2467 1124 lubricae‘?

208 1148 326 1200 Jam
364 1150 676 1214 Hipparchus
714 1153 935 1214 proprias
975 1164 1072 1199 non
1111 1150 1296 1214 allegat
1334 1151 1715 1211 observationes,
1768 1150 1856 1200 sed
1893 1149 2079 1213 allegat
2114 1148 2463 1209 Eratosthenis,

210 1229 264 1272 ut
303 1223 398 1273 fide
439 1224 763 1287 dignissimas
842 1223 971 1285 Quid
1010 1237 1126 1272 vero
1164 1223 1555 1273 Eratosthenes?
1629 1223 1946 1272 Intervallum
1996 1222 2275 1271 umbrarum
2313 1223 2465 1271 aesti-

209 1311 302 1345 vae
342 1303 391 1345 et
427 1297 658 1346 hibernae
696 1296 1062 1359 comprehendit
1099 1298 1276 1345 circino
1330 1303 1378 1346 et
1416 1312 1526 1346 cum
1563 1297 1658 1346 hoc
1695 1296 1951 1346 intervallo
1990 1295 2348 1359 perambulavit
2386 1302 2466 1343 to-

211 1375 315 1417 tum
354 1370 586 1418 circulum
625 1370 856 1419 undecies
895 1372 1086 1433 aitque,
1143 1385 1196 1419 se
1235 1385 1345 1418 cum
1384 1373 1715 1433 octuagesima
1755 1376 1928 1432 quarta
1964 1371 2252 1433 repetitione
2299 1382 2466 1417 rever—

214 1457 322 1489 sum
359 1457 466 1491 esse
504 1443 568 1491 ad
606 1445 826 1504 initium,
880 1450 935 1491 ut
969 1445 1040 1492 sic
1080 1444 1146 1491 83
1185 1443 1446 1492 intervalla
1495 1449 1765 1506 aequentur
1820 1445 1881 1490 11
1923 1439 2130 1492 circulis,
2205 1442 2465 1504 Nunquam

210 1515 330 1563 mihi
368 1517 604 1564 successit
643 1531 752 1564 cum
790 1515 1174 1577 semidiametrO,
1231 1522 1310 1575 ut,
1354 1518 1382 1564 6
1423 1531 1588 1565 earum
1626 1531 1714 1579 per
1750 1517 2186 1565 circumferentiam
2223 1529 2463 1575 emensus,

207 1602 319 1636 cum
357 1588 482 1651 pede
522 1590 689 1638 circini
728 1604 826 1638 uno
868 1591 918 1636 in
954 1590 1161 1651 primum
1199 1595 1432 1651 punctum
1470 1597 1761 1651 reverterer,
1813 1603 1923 1638 cum
1959 1594 2122 1638 tamen
2168 1588 2292 1637 haec
2329 1602 2464 1637 com-

203 1663 504 1710 mensuratio
556 1664 739 1710 nitatur
790 1662 1203 1711 demonstratione
1255 1664 1538 1712 certissima.
1613 1662 1710 1713 Sed
1762 1669 1898 1726 est0,
1949 1662 2291 1725 praecelluerit
2341 1661 2464 1710 Era·

203 1734 442 1783 tosthenis
480 1750 715 1783 manuum
756 1734 1046 1784 dexteritas:
1099 1737 1208 1798 quis
1247 1736 1387 1785 nobis
1424 1750 1631 1800 sponsor
1669 1737 1873 1797 existet,
1926 1749 2023 1784 non
2064 1735 2320 1799 deceptum
2358 1748 2465 1783 esse

207 1807 582 1857 Eratosthenem
628 1810 675 1856 in
714 1807 1052 1858 numerando?
1128 1809 1206 1857 An
1252 1823 1349 1858 non
1398 1811 1646 1873 praesagit
1697 1810 1788 1859 tibi
1835 1810 2056 1871 animus,
2112 1808 2249 1857 illum
2287 1822 2461 1857 nume-

203 1894 339 1930 rasse
376 1896 407 1929 a
442 1887 624 1944 puncto
665 1881 924 1931 distantiae
962 1882 1241 1931 umbrarum
1279 1884 1564 1945 posteriori,
1616 1897 1863 1932 reversum
1901 1896 2019 1931 vero
2058 1896 2166 1932 esse
2204 1881 2267 1931 ad
2305 1895 2461 1944 punc-

201 1959 304 2001 tum
342 1954 448 2016 ejus
486 1957 634 2017 priuS,
674 1969 765 2004 nec
802 1955 1149 2005 adnumerasse
1190 1955 1467 2004 distantiam
1507 1955 1786 2005 umbrarum
1824 1957 1983 2018 ipsam
2017 1970 2103 2019 per
2141 1956 2462 2015 oscitantiam,

202 2032 436 2090 tanquam
474 2028 540 2088 id,
582 2027 714 2090 quod
758 2031 819 2076 11
864 2024 1070 2078 circulos
1109 2035 1423 2090 mensuraret,
1460 2042 1561 2078 >non
1599 2031 1663 2077 sit
1701 2035 1748 2078 et
1785 2030 1947 2091 ipsum
1984 2044 2098 2091 pars
2122 2026 2462 2089 mensuranda,

201 2105 289 2148 aut
328 2099 461 2163 quod
498 2115 595 2149 non
636 2101 785 2162 vidit,
826 2116 879 2150 se
916 2103 1122 2165 primam
1162 2104 1398 2152 unitatem
1431 2101 1539 2164 jam
1574 2103 1775 2163 fecisse,
1834 2103 2118 2165 priusquam
2160 2117 2269 2150 cum
2307 2102 2461 2165 primo

204 2173 330 2235 pede
370 2175 534 2223 circini
574 2174 828 2224 excederet
866 2190 891 2223 e
931 2177 1142 2238 vestigio
1182 2176 1383 2225 umbrae
1422 2175 1730 2236 alterutrius,
1782 2174 1868 2224 sed
1906 2177 2113 2238 primam
2162 2175 2298 2224 illam
2349 2175 2462 2223 uni-

204 2252 354 2296 tatem
394 2250 654 2310 reputavit,
695 2262 822 2310 quae
850 2249 912 2296 ab
941 2249 1220 2298 umbrarum
1258 2248 1516 2298 intervallo
1555 2248 1849 2309 tenderetur,
1889 2262 2033 2312 porro
2062 2248 2296 2311 ultimam,
2336 2261 2462 2310 quae

200 2319 264 2368 ad
316 2319 446 2369 idem
496 2321 773 2369 umbrarum
818 2321 1130 2370 intervallum
1176 2324 1474 2386 pertingeret
1525 2324 1572 2370 in
1623 2323 1728 2385 ejus
1779 2324 1984 2371 termino
2032 2321 2225 2385 priore?
2299 2318 2459 2370 Valde

204 2393 459 2442 confirmat
495 2394 623 2444 hanc
661 2395 1004 2457 suspicionem,
1046 2395 1178 2458 quod
1215 2411 1328 2459 pars
1369 2397 1436 2444 84
1476 2394 1535 2444 de
1580 2397 1641 2443 11
1684 2394 1875 2445 circulis
1922 2410 2011 2445 seu
2050 2397 2192 2444 3960
2230 2393 2462 2458 gradibus

205 2471 280 2514 est
318 2462 464 2535 47¹s7
478 2464 516 2529 ⁰,
557 2473 606 2515 et
643 2469 714 2516 sic
753 2467 1017 2530 obliquitas
1057 2468 1312 2533 eclipticas
1352 2464 1495 2538 23¹]2
1534 2474 1582 2518 et
1626 2464 1744 2537 ¹s14,
1802 2468 1851 2519 11.
1893 2483 1934 2518 0.
1975 2468 2124 2532 paulo
2163 2467 2275 2532 plus
2315 2482 2459 2531 quam

202 2536 298 2587 23⁰
339 2538 444 2588 34¹.
520 2539 635 2590 Jam
673 2554 770 2589 non
810 2555 934 2604 opus
972 2541 1063 2590 tibi
1101 2556 1209 2591 esse
1245 2547 1365 2605 puto
1413 2542 1507 2591 hac
1544 2537 1902 2603 admonitione,
1951 2541 2082 2604 quod
2133 2542 2462 2590 testimonium

121 2673 124 2685 ι
204 2627 234 2659 a
271 2611 532 2669 latitudine
577 2613 780 2662 fixarum
817 2616 882 2663 sit
921 2615 1252 2664 testimonium
1290 2614 1490 2665 nullum.
1564 2614 1691 2665 Nam
1726 2615 1861 2677 prius
1887 2614 2194 2664 observando
2232 2615 2461 2677 perveni-

201 2699 311 2733 mus
350 2685 413 2734 ad
453 2685 805 2736 declinationes
842 2687 1048 2736 fixarum
1095 2689 1317 2751 interque
1356 2703 1440 2738 eas
1477 2688 1631 2751 ipsius
1664 2687 1801 2738 ,Solis
1846 2689 1894 2736 in
1923 2687 2161 2737 ¹solstitio.
2237 2687 2294 2736 Si
2344 2701 2458 2750 ergo

199 2757 342 2806 limes
382 2761 473 2808 iste
511 2759 703 2809 zodiaci
741 2762 790 2808 in
830 2759 995 2822 aliquo
1034 2760 1182 2822 globo
1222 2761 1476 2810 attollatur
1513 2761 1643 2810 ultra
1665 2761 1880 2822 modum,
1917 2761 2224 2810 resultabunt
2258 2760 2460 2810 fixarum

201 2830 503 2894 latitudineS,
545 2833 608 2882 ad
645 2833 904 2883 zodiacum
937 2848 1195 2896 expensae,
1235 2836 1462 2885 vitiosae.
1540 2833 1703 2896 Quare
1741 2834 1836 2884 hoc
1871 2833 2029 2884 solum
2071 2828 2319 2883 testantur
2345 2833 2462 2883 lati·

203 2902 398 2954 tudines
436 2905 643 2954 fixarum
679 2906 1041 2973 Ptolemaicae,
1090 2909 1139 2955 in
1187 2907 1335 2970 globo
1384 2906 1581 2971 quidem
1618 2907 1894 2960 Ptolemaei
1939 2907 2196 2956 zodiacum
2241 2906 2462 2955 altiorem

201 2991 290 3025 seu
344 2977 664 3041 obliquiorem
717 2981 895 3042 fuisse3
965 2979 1023 3028 de
1071 2982 1180 3044 ipso
1227 2980 1409 3030 mundo
1461 2980 1823 3030 non1validius
1873 2985 1947 3030 cst
2009 2980 2340 3030 testimonium
2394 2980 2457 3029 ab

202 3051 423 3098 omnium
474 3052 679 3100 fixarum
726 3053 1070 3102 latitudinibus
1118 3053 1460 3114 Ptolemaide,
1513 3069 1659 3117 quam
1709 3055 1772 3103 ab
1824 3055 1968 3102 unius
2018 3052 2148 3103 Solis
2201 3051 2459 3103 altitudine

202 3123 476 3172 meridiana
513 3130 733 3187 utraque.
810 3125 909 3175 Sed
946 3125 1068 3175 haec
1107 3127 1301 3190 eadem,
1358 3129 1400 3177 si
1438 3128 1563 3178 bene
1602 3128 1825 3190 memini,
1876 3126 2296 3190 Longimontanus
2334 3121 2462 3190 quo-

204 3209 300 3257 que
339 3198 391 3243 in
430 3197 622 3245 Danica
659 3213 751 3246 sua
789 3198 1059 3261 disputavit
1098 3201 1308 3253 abunde.
1382 3201 1514 3251 Satis
1552 3202 1701 3264 igitur
1739 3200 1798 3250 de
1834 3199 1944 3249 1100.

348 3268 466 3317 Jam
505 3275 552 3318 et
589 3271 894 3333 spicilegium
935 3272 1134 3335 aliquod
1180 3289 1442 3337 sequamur
1479 3290 1539 3324 ex
1576 3273 1728 3323 literis
1767 3274 1881 3323 tuis.
1958 3271 2132 3322 Falsos
2170 3272 2280 3321 illos
2327 3272 2465 3322 colo-

195 3356 293 3402 res,
337 3343 517 3404 quibus
555 3357 666 3391 mea
702 3342 849 3406 hujus
889 3346 1206 3407 quinquennii
1243 3348 1438 3398 fortuna
1473 3349 1565 3398 tibi
1605 3341 1799 3412 depicta
1834 3345 1940 3408 fuit,
1978 3359 2098 3408 rogo
2122 3345 2243 3394 mihi
2281 3344 2463 3395 descri-

201 3414 292 3463 bas
329 3414 547 3478 mihique
587 3415 714 3465 hanc
752 3416 1058 3480 voluptatem
1095 3433 1158 3468 ne
1196 3421 1434 3471 invideas.

345 3513 461 3564 Quae
491 3516 592 3554 haec
623 3520 854 3569 sequuntur
883 3519 1037 3568 partim
1068 3520 1279 3569 pertinent
1310 3523 1362 3562 ad
1393 3523 1523 3564 libros
1557 3520 1608 3562 de
1639 3519 1835 3574 Cometis,
1866 3519 2024 3570 partim
2055 3522 2181 3567 agunt
2213 3518 2263 3559 de
2285 3519 2458 3570 Nagelio

200 3571 294 3626 (IV.
325 3585 366 3624 p.
401 3570 519 3627 173),
553 3577 594 3613 et
625 3574 675 3613 de
706 3573 967 3615 Calendariis
999 3574 1047 3629 (1.
1083 3579 1164 3617 659
1198 3584 1290 3629 ss.).

346 3629 610 3681 Oriigerus
636 3634 869 3684 ⁴respondit
911 3634 951 3676 d.
986 3637 1053 3678 15.
1087 3635 1194 3675 Julii
1235 3641 1367 3689 1624,
1409 3650 1585 3693 cumque
1623 3639 1669 3676 in
1708 3637 1786 3676 hac
1823 3636 2093 3687 responsione
2132 3634 2290 3675 multae
2328 3637 2460 3676 insint

204 3691 469 3742 quaestiones
502 3690 552 3729 de
584 3690 759 3731 diversis
788 3693 911 3731 rebus
943 3696 1249 3749 astronomicis,
1297 3698 1350 3737 ad
1392 3709 1498 3748 quas
1528 3694 1712 3747 singulas
1743 3692 1947 3746 Keplerus
1977 3694 2157 3743 longiori
2188 3696 2363 3745 epistola
2391 3707 2458 3741 ree

201 3748 370 3799 spondit
401 3746 461 3800 (in
491 3749 632 3788 codice
662 3747 931 3790 Pulkoviensi
962 3753 1015 3790 12
1047 3754 1148 3792 folia
1178 3755 1338 3805 integra
1360 3758 1528 3796 conficit
1557 3757 1659 3796 haec
1690 3749 1889 3806 epistola,
1919 3753 2091 3804 Kepleri
2119 3764 2243 3792 manu
2275 3751 2459 3806 scripta),

201 3807 517 3857 quaestionibus
550 3805 720 3871 Qriigeri
748 3809 1052 3860 interponenda
1099 3823 1187 3852 esse
1215 3813 1498 3863 ,iudicavimus
1530 3813 1701 3867 Kepleri
1739 3823 1936 3864 responsa
1978 3811 2120 3851 eadem
2155 3813 2338 3868 ratione,
2377 3823 2460 3865 qua

198 3865 406 3914 prioribus
436 3866 720 3907 voluminibus
749 3868 816 3908 usi
845 3880 1000 3912 sumus,
