2554 4140
951 1071 1288 1194 LIBRI
1335 1069 1721 1194 (SEXTI

727 1288 1164 1382 DOCTRINAE
1219 1303 1657 1381 THEORICAE
1713 1305 1980 1382 TERTII

1086 1483 1257 1535 PARS
1294 1480 1621 1534 SECUNDA.

304 1651 394 1708 DE
442 1650 696 1709 TRIBUS
747 1604 1297 1710 SUPERlORlBUS:
1347 1649 1704 1721 sATURNO,
1752 1651 1947 1720 JOVE,
1994 1650 2261 1722 MARTE,
2309 1652 2396 1709 ET

416 1752 692 1824 ALIQUA
741 1752 1118 1815 COMMUNIA
1165 1751 1384 1810 ETIAM
1416 1752 1712 1845 'DUOBUS
1760 1753 2277 1813 INFERIORIBUS.
2456 1759 2459 1769 ’

370 2023 542 2087 Quare
573 2029 686 2086 post
722 2025 1104 2087 emplicationem
1142 2024 1272 2073 Solis
1309 2025 1671 2087 apparentium
1709 2021 1824 2087 (hoc
1868 2029 1938 2072 est
1982 2023 2194 2073 Telluris
2232 2026 2476 2088 propn‘o-
2543 2028 2547 2034 ’“

220 2094 362 2160 rum)
400 2103 631 2146 motuum
661 2099 776 2157 jam
812 2100 982 2146 statim
1017 2092 1285 2156 subjicitur
1322 2099 1480 2144 trium
1517 2098 1865 2159 superiorum,
1920 2097 2098 2145 deinde
2135 2097 2354 2146 duorum
2392 2099 2475 2145 in-

218 2171 467 2233 feriorum
501 2172 872 2231 primariorum
910 2170 1139 2219 theoria?
1212 2168 1355 2230 Quia,
1395 2182 1504 2217 cum
1542 2167 1667 2217 duae
1706 2171 1754 2215 in
1779 2170 2019 2232 primariis
2059 2169 2507 2232 deprehendantur,

222 2241 597 2303 inaequalitates
635 2249 868 2302 motuum,
909 2257 1074 2291 earum
1101 2241 1254 2290 altera
1279 2240 1491 2304 quidem,
1532 2255 1658 2303 quae
1691 2242 1810 2303 ipsis
1849 2256 1900 2290 re
1925 2256 2044 2291 vera
2080 2244 2219 2302 inest,
2259 2241 2383 2290 libro
2411 2241 2475 2291 V.

222 2314 363 2378 plene
403 2314 672 2377 explicata,
713 2315 895 2363 Telluri
934 2321 1047 2363 sunt
1082 2313 1342 2375 simillimi3
1381 2314 1592 2376 reliqna,
1632 2327 1758 2376 quae
1796 2327 1894 2362 non
1930 2328 1982 2363 re
2022 2329 2138 2378 vera
2176 2315 2295 2377 ipsis
2333 2315 2473 2373 inest,

222 2386 308 2436 sed
347 2401 406 2436 ex
446 2389 578 2435 visus
616 2387 824 2436 fallaciis
862 2389 1038 2448 oritur,·
1077 2402 1137 2435 ex
1174 2389 1279 2449 ipso
1319 2386 1528 2435 Telluris
1566 2393 1702 2435 motu
1740 2385 2005 2450 dependet,
2044 2389 2160 2449 quia
2197 2387 2288 2436 hac
2325 2386 2477 2436 veluti
2520 2428 2522 2431 .

221 2460 337 2507 navi
373 2461 510 2508 visus
548 2467 712 2509 noster
749 2463 799 2507 in
838 2459 1018 2508 mundo
1057 2459 1399 2508 circumfertur.
1474 2459 1596 2508 Cum
1635 2472 1751 2521 ergo
1785 2462 1832 2507 in
1858 2458 1935 2507 his
1959 2460 2168 2524 planetis
2206 2473 2323 2509 usus
2347 2459 2478 2526 orbis
2519 2484 2525 2491 ·

221 2534 386 2594 magni
424 2535 683 2596 praecipue
722 2538 954 2597 patescat,
996 2534 1190 2581 omnino
1218 2531 1405 2580 theoria
1429 2534 1745 2596 superiorum,
1784 2531 1957 2581 deinde
1988 2533 2279 2591 inferiorum,
2319 2545 2482 2594 quan·-

221 2612 322 2653 tum
363 2605 420 2652 de
460 2606 528 2654 eis
566 2612 718 2655 restat
753 2620 901 2668 supra
937 2605 1060 2653 libro
1100 2605 1162 2654 V.
1203 2605 1416 2653 nondum
1443 2603 1753 2668 explicatum,
1794 2604 1928 2654 velut
1956 2604 2198 2670 appendix
2236 2604 2477 2667 quaedam
2523 2665 2531 2675 ι

220 2693 307 2727 seu
345 2680 613 2726 auctarium
653 2678 898 2727 doctrinae
938 2677 996 2726 de
1035 2678 1152 2727 orbe
1189 2691 1366 2740 magno
1404 2680 1622 2762 proxime
1661 2677 1790 2726 Solis
1827 2677 2042 2727 theoriae
2093 2677 2349 2729 succedere
2387 2676 2477 2727 de·-

220 2752 355 2810 buit;
394 2752 521 2814 prior
559 2757 720 2800 tamen
759 2752 946 2800 theoria
981 2753 1298 2813 superiorum,
1338 2752 1454 2812 quia
1490 2751 1626 2798 iniis
1665 2749 1884 2814 amplior,
1910 2749 2182 2800 evidentior
2217 2751 2483 2814 sensuique·

220 2826 376 2886 magis
417 2824 563 2872 obvia
603 2831 678 2872 est
716 2826 849 2873 visus
889 2823 1134 2887 decepti0,
1175 2837 1235 2872 ex
1273 2823 1389 2871 orbe
1426 2837 1603 2886 magno
1645 2828 1763 2871 orta.

373 2896 506 2959 Quot
555 2898 757 2946 orbibus
808 2903 877 2944 est
928 2910 1054 2957 opus
1106 2895 1176 2944 ad
1224 2896 1470 2946 theoriam
1525 2897 1768 2958 cuiusque
1814 2897 2051 2959 planetae
2104 2910 2128 2943 e
2177 2893 2482 2958 primariis?
2514 2877 2521 2886 ⁵

223 2969 429 3017 Duobus
455 2968 758 3018 solummodo
786 2975 974 3032 praeter
1001 2967 1288 3032 eclipticam,
1328 2968 1480 3017 altero
1506 2971 1788 3024 eccentrico‚
1828 2969 1980 3031 ipsius
2008 2967 2232 3031 planetae
2265 2969 2485 3032 proprimi

224 3041 373 3089 altero
413 3042 622 3091 Telluris
661 3057 747 3091 seu
787 3042 901 3091 orbe
937 3055 1130 3103 magno,
1171 3041 1395 3089 omnibus
1421 3042 1678 3089 communi.
1752 3040 1941 3089 Horum
1967 3046 2154 3101 natura,
2193 3040 2328 3102 leges
2366 3037 2519 3091 mo-i’

224 3121 359 3160 tuum
405 3121 452 3162 et
498 3116 688 3163 termini
739 3116 1046 3164 astronomici
1098 3127 1376 3162 communes
1430 3113 1658 3176 explicati
1703 3119 1816 3162 sunt
1859 3113 1984 3161 libro
2022 3111 2085 3161 V.
2162 3111 2307 3161 Orbis
2357 3125 2507 3161 veros

224 3188 386 3246 magni
426 3189 571 3235 etiam
609 3189 906 3250 quantitates
944 3188 1164 3250 propriae
1211 3192 1348 3249 parte
1385 3188 1540 3250 prima
1577 3186 1723 3248 hujus
1762 3185 1848 3234 VI.
1889 3185 1996 3234 libri
2042 3184 2144 3247 jam
2181 3187 2498 3250 praemissa&

225 3264 358 3318 sunt3
399 3265 538 3307 vetus
576 3262 871 3309 astronomia
907 3260 1072 3308 multis
1108 3259 1188 3308 hic
1224 3259 1454 3323 epicyelis
1491 3258 1676 3321 indiget
1714 3259 1910 3321 alioque
1947 3263 2200 3320 apparatu.

375 3330 478 3378 C'ur
515 3339 684 3381 autem
700 3370 711 3389 ‚
763 3348 878 3381 cum
913 3339 1012 3382 tres
1046 3335 1148 3380 sint
1181 3334 1488 3394 superiores,
1539 3347 1651 3380 una
1689 3338 1890 3380 tantum
1926 3330 2118 3378 theoria
2150 3332 2487 3392 pomponiana?

223 3409 269 3451 et
305 3403 518 3466 inferius
564 3407 718 3452 etiam
756 3421 866 3454 una
915 3407 1021 3454 sola
1059 3405 1279 3454 duorum
1319 3404 1664 3468 inferiorum?
1743 3407 1786 3454 1.
1838 3402 1967 3464 Quia
2015 3401 2218 3451 eandem
2267 3402 2517 3451 orbitam..-
2550 3404 2554 3458 ἦ

225 3475 433 3524 Telluris
470 3481 566 3523 tres
615 3492 674 3525 ex
711 3492 869 3540 aequo
908 3480 1006 3526 suis
1047 3478 1216 3526 orbitis
1255 3479 1477 3538 cingunt,
1531 3478 1709 3540 quippe
1760 3475 2060 3538 superioreS,
2113 3474 2208 3524 duo
2248 3488 2364 3524 vero
2409 3485 2488 3523 εις·

228 3561 384 3610 aequo
430 3549 556 3595 intra
603 3548 727 3598 hane
766 3551 972 3599 orbitam
1009 3550 1216 3599 Telluris
1268 3549 1481 3598 inclusos
1520 3564 1685 3597 cursus
1725 3548 1935 3607 habent,
1990 3548 2169 3610 quippe
2207 3547 2484 3596 inferiores&⁴
2546 3548 2554 3590 ι’

228 3623 276 3669 2.
300 3619 445 3681 Ωιιίει
483 3619 707 3682 planetae
746 3623 956 3670 motibus
993 3623 1207 3671 realibus
1246 3624 1294 3670 in
1321 3623 1489 3670 orbitis
1516 3622 1792 3670 eccentricis
1829 3626 1942 3667 sunt
1977 3621 2184 3669 invicem
2220 3618 2482 3678 simillimi,

226 3699 282 3741 ut
321 3693 501 3740 dictum
538 3698 638 3752 est,
691 3693 824 3740 visus
862 3709 977 3742 vero
1016 3694 1268 3759 fallaciae,
1314 3709 1438 3756 quae
1477 3697 1526 3741 in
1565 3707 1731 3742 eorum
1774 3705 1870 3740 uno
1909 3691 2128 3753 quolibet
2166 3693 2487 3754 contingunt,
2548 3731 2550 3733 .

229 3780 286 3814 ex
326 3779 421 3814 uno
460 3763 654 3827 quidem
693 3765 800 3812 solo
853 3766 966 3813 orbe
1005 3781 1180 3829 magno
1221 3768 1443 3815 omnibus
1483 3766 1719 3814 communi
1773 3766 2009 3824 oriuntur,
2061 3771 2114 3813 at
2147 3763 2242 3813 hoc
2280 3763 2484 3812 duobus-⁵

187 3839 193 3845 ‘
228 3838 401 3900 medie,
439 3852 537 3888 uno
576 3837 799 3887 omuibus
850 3837 1001 3887 tribus
1039 3840 1387 3902 superioribus,
1438 3838 1591 3889 altero
1630 3836 1819 3886 duobus
1863 3837 2167 3888 inferioribus
2206 3835 2467 3886 communia

2546 3601 2554 3675 i

2543 3693 2552 3728 1

2541 3765 2551 3796 l
