2554 4140
231 166 334 214 534
795 206 800 210 ⁴
856 169 859 173 ·
914 206 917 208 ,
968 153 1022 198 In
1052 151 1296 210 Epitomen
1323 116 1474 198 Notae
1502 138 1719 197 Editoris.

216 284 394 362 tempus
427 315 526 347 sum
555 300 809 347 admensus.
870 299 1114 344 Praeterea
1144 295 1374 342 fidendum
1404 294 1490 340 fuit
1519 295 1848 380 inconstantiae
1876 283 2101 352 horologii
2143 294 2321 377 urbici,
2334 307 2468 352 qnam

210 370 357 427 ipsam
387 373 539 412 tamen
567 365 675 410 folio
708 365 811 411 390.
825 364 898 421 (ΙΙ.
931 364 1043 420 371.)
1075 363 1122 407 111
1154 362 1290 407 dubio
1321 359 1496 416 reliqui.
2523 362 2527 366 ·

355 449 502 487 Finis
522 451 699 487 ·:textns
733 443 779 488 Si
808 442 909 488 loco
928 441 1218 500 -Tychonicae
1249 440 1496 497 usurpetur
1517 439 1818 483 astronomica
1839 415 2065 499 aequatiO,
2094 440 2170 485 illa
2200 404 2302 496 plus
2335 439 2468 495 quam

146 553 149 556 ,
214 512 367 572 Tycho
393 510 527 566 jubet
557 509 835 562 subtrahere,
866 507 931 552 ita
961 507 1106 562 major
1137 505 1286 550 adhuc
1316 503 1449 548 fieret
1477 508 1726 547 menstrua.
1785 503 1874 549 Sed
1900 519 2051 563 neque
2081 506 2237 561 tertia,
2267 499 2469 561 physica

211 577 426 633 temporis
468 575 678 631 aequatio
720 567 915 629 sufficit3
957 572 1144 617 adderet
1174 585 1219 616 n.
1252 575 1431 615 tantum
1459 570 1518 623 8¹,
1563 575 1788 615 restarent
1827 570 1981 615 adhuc
2005 570 2109 629 91Ιῖ,
2150 566 2357 615 ad'denda
2385 581 2467 626 pro

211 643 455 687 menstrua.
517 640 607 685 Sed
637 639 692 685 de
723 639 910 693 aliarum
943 639 1058 683 Solis
1090 642 1135 682 et
1164 637 1322 682 Lunae
1367 636 1604 692 eclipsium
1642 636 1937 681 testimoniis.
1957 635 2090 693 plura
2129 637 2178 681 in
2206 633 2468 692 Hipparcho
2540 675 2544 679 ,

150 697 153 699 1
212 712 307 760 (111.
337 723 381 762 p.
414 711 499 751 510
529 713 606 760 ss)
638 718 784 763 agam,
816 711 867 749 ut
898 709 944 748 et
974 703 1030 747 de
1061 703 1129 758 iis,
1162 715 1278 759 quae
1309 701 1548 746 dissentire
1581 700 1976 758 deprehenduntur
2007 714 2043 759 a,
2061 702 2235 759 regula.

382 805 430 858 3)
461 820 504 858 p.
523 808 608 849 66
640 807 755 847 .«A..
787 804 834 847 C.
869 804 995 845 1335.
1026 803 1075 842 R.
1108 803 1239 841 Levi
1278 802 1433 840 librum
1465 801 1719 857 composuit,
1766 810 1892 851 quem
1922 796 2059 841 Betla
2085 797 2178 842 Det
2217 811 2292 844 seu
2324 799 2467 839 defen-

211 868 371 930 sionem
399 867 481 905 Dei
508 866 741 916 inscripsit,
781 866 898 913 cujus
936 865 1121 901 tractatu
1163 863 1203 901 5.
1235 860 1531 899 astronomicas
1575 858 1882 898 observationes
1922 862 2137 899 memorat.
2195 859 2270 897 Ait
2308 870 2467 911 nempe,

214 938 290 966 suo
321 929 504 975 tempore
536 925 705 975 Spicam
746 926 788 962 'et
817 921 1022 970 Regulum
1062 932 1109 958 ea
1150 920 1243 958 loca.
1278 919 1324 956 in
1366 918 1481 957 coelo
1520 918 1723 970 tenuisse,
1767 927 1876 968 quae
1917 915 2144 954 secundnm
2173 915 2468 966 Albategnium
2551 920 2554 925 ‘

212 984 299 1024 illis
331 983 600 1034 debebantur,
633 983 698 1020 uti
728 977 869 1020 narrat
898 979 1067 1018 Riccius
1093 979 1139 1016 in
1170 980 1353 1031 tractatu
1385 975 1436 1014 de
1465 978 1582 1014 motu
1621 978 1790 1014 octavae
1833 974 2033 1024 sphaerae
2073 985 2167 1024 cap
2196 975 2265 1015 43.
2299 978 2339 1014 et
2369 975 2467 1013 Ric-

221 1040 353 1098 ciolus
384 1039 549 1083 Chron..
566 1041 731 1080 Astron.
764 1051 804 1089 p.
836 1039 907 1079 44.
915 1051 934 1073 2>
969 1035 1183 1084 (Weidleri
1214 1036 1311 1076 hist
1335 1035 1516 1081 Astron.)
2493 1031 2498 1035 '

268 1139 273 1144 ,
393 1098 526 1150 Quem
555 1099 681 1149 paulo
714 1101 806 1136 ante
832 1096 942 1135 dicit
955 1095 1121 1147 Remus,
1153 1093 1506 1143 Prophatius,
1538 1091 1748 1140 Hispanus
1783 1094 1825 1138 (0.
1849 1102 1883 1132 a
1906 1087 2050 1142 1300),
2086 1091 2470 1130 «observationibus

214 1157 462 1211 coelestibus
494 1168 658 1207 operam
692 1154 807 1193 dedit
838 1159 878 1193 et
907 1155 1132 1198 maximam
1161 1151 1274 1191 Solis
1308 1151 1627 1189 declinationem
1657 1149 1888 1198 indagaxit,
1935 1159 2062 1200 quam
2092 1149 2247 1199 reperit
2269 1146 2356 1189 23ο
2385 1149 2470 1189 32⁴.

212 1207 370 1256 Auctor
401 1217 522 1254 etiam
554 1218 615 1254 est
644 1217 765 1253 tract.
799 1211 849 1251 de
881 1207 1120 1263 eclipsibus,
1151 1211 1199 1252 it.
1232 1209 1452 1249 almanach
1484 1212 1524 1248 et
1552 1208 1789 1247 tabularum
1811 1207 2192 1260 astronomicarum,
2224 1218 2328 1259 quas
2350 1206 2468 1274 edere

213 1273 350 1316 voluit
379 1274 455 1314 Ed.
492 1273 762 1312 Bernartius.»
798 1271 906 1320 (W.)
2486 1318 2492 1324 ι

381 1362 424 1413 4)
457 1350 494 1411 p.
521 1361 589 1400 68.
625 1360 790 1429 Spectat
807 1360 871 1398 his
891 1356 1105 1408 Keplerus,
1138 1357 1290 1404 quibus
1315 1355 1454 1394 innuit
1474 1354 1594 1393 Remi
1610 1356 1813 1393 mutatam
1835 1352 1933 1391 fidei
1960 1343 2183 1391 formulam
2215 1351 2300 1399 (cfr.
2329 1362 2367 1401 p.
2389 1350 2472 1401 71),

128 1454 130 1456 ,
213 1420 339 1475 verba
348 1422 514 1482 ’jocosa
537 1430 643 1471 quae
662 1420 708 1458 in
730 1415 917 1468 epistolis
942 1416 1040 1454 anni
1066 1415 1178 1455 1619
1202 1410 1560 1464 deprehendimus.
1593 1411 1795 1462 Keplerus
1818 1409 2106 1462 epistolamd.
2126 1412 2196 1451 31.
2219 1411 2328 1458 Aug
2346 1411 2473 1464 1619,

216 1471 351 1528 cujus
348 1475 524 1527 partem
563 1488 690 1526 supra
717 1488 757 1527 p.
793 1477 863 1517 61
896 1473 1185 1525 exhibuimus,
1227 1473 1291 1511 his
1333 1472 1485 1521 incipit
1514 1471 1670 1510 verbis:
1716 1466 1892 1512 Nobilis
1923 1471 1968 1510 et
2001 1465 2255 1510 Clarissimo
2284 1465 2475 1510 Domine

209 1539 399 1593 Doctor‚
440 1540 587 1583 amice
626 1537 902 1583 honorande.
955 1534 1296 1591 Responsorias
1340 1538 1446 1578 tuas
1477 1533 1546 1577 13.
1579 1532 1694 1589 Aug.
1741 1531 1870 1575 datas
1911 1536 2016 1575 ante
2046 1533 2277 1578 octiduum
2307 1530 2472 1588 accepi.

210 1602 310 1658 Quo
340 1603 486 1661 minus
518 1602 851 1659 responderem,
882 1600 967 1645 fuit
997 1598 1316 1656 impedimento
1349 1597 1486 1643 editio
1516 1597 1856 1673 Ephemeridis‚
1904 1608 2021 1652 quae
2063 1596 2168 1654 plus
2206 1597 2314 1642 mihi
2343 1602 2473 1654 typo·

211 1654 528 1723 graphicorum
561 1667 743 1711 exhibet
771 1667 990 1721 laborum,
1024 1670 1166 1721 quam
1189 1663 1482 1721 typographis
1513 1663 1639 1720 ipsis,
1672 1663 1873 1719 quamvis
1893 1667 2025 1719 typos
2046 1663 2254 1719 proprios
2284 1662 2474 1708 habeam

211 1730 331 1775 domi
361 1744 500 1777 meae.
562 1731 689 1776 Alter
718 1729 846 1775 labor
879 1729 1084 1774 extrusio
1117 1727 1442 1791 exemplarium
1462 1727 1825 1784 Francofurtum,
1858 1728 1989 1784 quus
2021 1740 2160 1772 causa
2189 1735 2234 1779 et
2262 1729 2474 1786 praemisi
2523 1771 2526 1774 ,

208 1801 301 1840 tres
331 1798 521 1853 paginas
552 1797 598 1841 in
629 1797 776 1842 classe
806 1794 987 1840 funaria
1019 1794 1086 1850 (tu
1108 1785 1217 1837 mihi
1241 1791 1378 1836 dicito
1398 1792 1523 1838 aliud
1554 1793 1837 1850 vocabulum,
1870 1805 1960 1849 quo
1982 1794 2230 1849 exprimam
2261 1795 2346 1839 eine
2377 1796 2476 1852 bobe

210 1861 343 1918 istane)
375 1867 420 1906 et
448 1861 669 1919 postridie
699 1856 901 1906 summisi
932 1864 1151 1917 quartam,
1185 1863 1234 1902 ut
1255 1856 1449 1934 primum
1480 1870 1507 1901 a
1536 1859 1702 1934 proelo
1718 1858 1887 1903 siccata
1911 1858 2018 1913 fui-t3
2053 1862 2098 1902 et
2118 1872 2218 1903 cum
2248 1860 2294 1904 in
2315 1873 2471 1906 navem

209 1927 431 1984 venissem
467 1929 648 1973 duobus
688 1927 853 1972 abhinc
884 1928 1063 1983 (Lincio)
1103 1923 1368 1970 milliaribus
1409 1924 1770 1980 invenissemque
1802 1923 2032 1980 baptisata
2061 1937 2162 1969 mea
2200 1926 2474 1987 exemplaria

213 2005 240 2036 a
269 1999 489 2038 nocturno
522 1994 648 2043 Jove,
681 1993 882 2037 triduum
914 1990 1123 2036 siccando
1155 1989 1499 2047 inserendisque
1530 1990 1708 2047 paginis
1739 1989 1940 2046 insumsi,
1973 1990 2079 2034 dum
2108 1991 2285 2035 interim
2302 1992 2472 2038 Ascha-

211 2058 334 2102 vium·
354 2064 555 2104 ventum.
616 2059 679 2103 Et
711 2058 926 2115 denique,
972 2063 1024 2101 ut
1065 2057 1244 2105 habeas
1278 2055 1399 2111 quod
1436 2054 1609 2111 rideas,
1653 2054 1813 2099 tertius
1843 2052 1939 2098 dies
1968 2055 2180 2101 Aschavii
2210 2062 2471 2102 consumtus

109 2165 118 2178 .
188 2123 560 2170 {exterminandis
592 2124 764 2180 aliquot
794 2123 1008 2169 centuriis
1039 2121 1365 2179 pediculorum,
1399 2120 1475 2176 qui
1506 2132 1577 2164 me
1609 2132 1692 2177 per
1720 2122 1901 2164 noctem
1931 2119 1978 2164 in
2008 2122 2111 2166 navi
2139 2122 2412 2168 invaserant.

85 2915 89 2918 ’
131 2938 133 2941 ’
216 2927 418 2969 veterum
450 2935 623 2967 summa
654 2936 763 2968 cura
793 2928 1062 2969 tractantur.
1120 2927 1345 2984 Apparuit
1391 2931 1564 2981 autem,
1613 2925 1650 2969 si
1670 2924 2008 2980 longitudinem
2046 2935 2196 2967 veram
2235 2925 2494 2971 eccentrici
2532 2928 2535 2970 ἕ

389 2206 456 2245 Ad
484 2207 584 2247 haec
614 2208 829 2258 respondit
859 2207 1031 2246 Remus·
1076 2207 1141 2245 De
1170 2205 1375 2256 pediculis
1417 2205 1546 2243 risum
1585 2204 1689 2242 mihi
1731 2214 1813 2242 non
1842 2205 2008 2244 inanem
2038 2206 2229 2251 movisti·
2273 2219 2346 2258 ego
2377 2209 2467 2259 ipse

223 2257 580 2315 mInquisitione
620 2266 806 2305 Romana
847 2264 1073 2316 aliquando
1113 2269 1175 2303 tot
1215 2264 1425 2317 interfeci,
1477 2266 1580 2316 quot
1629 2262 1757 2300 habet
1804 2263 1919 2309 sinus
1967 2264 2199 2304 ordinarius
2238 2266 2264 2305 5
2305 2267 2471 2317 cyphris

190 2362 194 2367 ,
222 2324 387 2371 figuras.

396 2407 443 2462 5)
475 2420 517 2458 p.
551 2411 619 2450 91.
652 2428 655 2431 ·
685 2412 762 2451 Vol
808 2412 920 2454 XIV.
954 2411 1057 2452 Mss.
1091 2411 1266 2450 Pulkov.
1299 2413 1434 2449 totum
1464 2408 1590 2448 Marti
1622 2384 1821 2460 dicatum,
1864 2410 2062 2458 majorem
2092 2412 2248 2459 partem
2280 2409 2472 2451 foliorum
2549 2404 2554 2459 <f

227 2462 430 2516 signatam
460 2467 587 2506 habet
617 2479 741 2506 manu
775 2470 945 2520 Kepleri
971 2470 1151 2509 numeris
1184 2469 1327 2507 ordine
1358 2480 1400 2508 se
1433 2467 1742 2518 excipientibus
1785 2464 2001 2518 (immixtis
2046 2478 2141 2506 vero
2185 2467 2298 2507 haud
2327 2470 2471 2520 paucis

159 2533 162 2536 ·
223 2525 312 2564 sine
342 2523 432 2564 ulla
464 2522 732 2577 signatione).
792 2529 962 2567 Numeri
994 2529 1036 2566 hi
1069 2528 1362 2567 continuantur
1390 2537 1521 2579 usque
1552 2525 1608 2564 ad
1638 2525 1736 2574 539,
1768 2529 1808 2564 et
1836 2523 1938 2563 folia
1966 2523 2054 2564 illis
2084 2527 2248 2574 signata
2278 2527 2475 2568 exhibent
2510 2567 2511 2570 ,

227 2582 365 2623 studia
395 2583 566 2633 Kepleri
596 2584 647 2622 ad
679 2581 902 2624 Comment.
935 2586 1083 2624 Martis
1116 2586 1381 2635 pertinentia.
1440 2585 1570 2623 Paulo
1599 2587 1696 2633 post
1725 2593 1877 2622 novam
1905 2583 2056 2633 incipit
2075 2595 2338 2624 numerorum
2369 2586 2472 2624 seri-

221 2653 298 2691 em,
330 2653 457 2693 quam
488 2643 626 2681 verbis
658 2654 784 2692 supra
814 2645 962 2692 positis
994 2644 1108 2685 dicit.
1132 2643 1222 2685 Fol.
1247 2645 1316 2686 51.
1348 2644 1449 2683 haec
1472 2645 1702 2692 occurrunt,
1734 2652 1856 2694 quae,
1889 2642 2079 2692 quamvis
2110 2653 2254 2692 parum
2291 2642 2473 2684 dilucida

222 2701 320 2754 sint,
351 2703 491 2739 tamen
523 2711 605 2739 non
639 2701 762 2750 plane
795 2702 1016 2750 rejicienda
1047 2703 1298 2743 censuimus

1021 2816 1025 2819 .
1107 2781 1163 2824 A.
1198 2781 1320 2825 1624.
1352 2780 1421 2826 29.
1454 2779 1586 2824 Febr.

387 2856 498 2901 Post
517 2856 661 2901 -finem
691 2855 851 2900 harum
882 2859 1146 2914 paginarum
1178 2865 1426 2917 sequuntur
1459 2859 1574 2904 duae
1604 2859 1815 2916 paginae,
1859 2859 1905 2902 in
1937 2857 2100 2914 quibus
2133 2858 2479 2905 observationes
2501 2839 2514 2902 ἶ,

221 2992 261 3042 (ς
291 2989 337 3031 111
369 2988 595 3031 creatione
636 2993 846 3032 statuam-
863 2989 914 3032 in·
938 2990 988 3034 0⁰
1015 2994 1087 3046 Ξῖ,
1131 3003 1200 3034 me
1241 2990 1449 3036 incedere
1489 2989 1684 3036 medium
1723 2990 1841 3034 inter
1884 2988 2239 3034 observationem
2269 2986 2533 3049 Dionysiiie'

152 3074 155 3077 >
222 3058 267 3097 et
298 3052 534 3106 observata
563 3052 822 3098 Ptolemaei.
886 3054 1002 3098 Hinc
1033 3053 1157 3099 aliud
1187 3055 1423 3110 consilium
1455 3055 1670 3101 occurrit:
1713 3068 1784 3112 an,
1830 3056 1867 3099 si
1897 3055 2152 3100 libertatem
2182 3054 2486 3110 retineamus,>

159 3127 162 3131 ’
220 3116 446 3172 aphelium
478 3116 535 3161 ad
565 3122 768 3173 tempora
797 3103 998 3163 veterum
1042 3107 1240 3175 locandi,
1287 3133 1370 3165 nec
1411 3120 1458 3164 id
1500 3133 1780 3166 assumamus
1826 3135 1898 3174 ex
1928 3119 2196 3182 aeronychia
2226 3119 2487 3167 Ptolemaei·
2527 3139 2529 3166 z

221 3181 367 3292 trigg,
389 3182 612 3299 psssgimus
643 3188 801 3233 tenere
832 3183 965 3229 simul
996 3188 1041 3227 et
1071 3183 1392 3241 Dionysianam
1426 3191 1473 3230 et
1502 3186 1823 3245 Ptolemaicam
1852 3167 1997 3243 iliam,
2028 3185 2105 3230 ubi
2135 3185 2399 3232 observatus
2429 3190 2490 3242 (ς’.
2526 3239 2527 3242 ¹

225 3259 272 3290 m
2472 3272 2482 3277 -
2525 3255 2527 3258 ⁴

207 3367 211 3371 .
394 3323 544 3368 Primo
588 3328 925 3384 perpendantur
972 3328 1338 3373 observationum
1388 3330 1760 3376 circumstantiae.
1830 3330 1886 3375 In
1928 3310 2204 3388 Dionysiana
2247 3334 2470 3380 anomalia
2527 3349 2533 3362 ·

224 3378 370 3437 media
422 3397 462 3447 (ς
493 3396 561 3435 est
592 3393 766 3438 circiter
798 3394 887 3446 71⁰,
920 3394 1127 3460 aequatio
1158 3406 1274 3449 pene
1305 3393 1363 3438 ad
1393 3395 1472 3437 11⁰
1499 3395 1718 3452 excurrit,
1747 3408 1829 3440 nec
1849 3394 1980 3456 valde
2009 3402 2209 3442 mutatur
2237 3397 2511 3444 luxatione³÷

215 3469 362 3514 ‘parva
391 3456 568 3527 aphelii.
628 3458 681 3501 In
710 3459 985 3502 Ptolemaica
1016 3456 1087 3503 est
1116 3459 1341 3503 anomalia
1369 3459 1513 3503 media
1549 3461 1654 3506 1330
1684 3461 1881 3513 circiter,
1910 3451 2116 3518 aequatio
2146 3465 2308 3510 iterum
2338 3464 2478 3510 valde

225 3534 396 3577 magna,
425 3522 510 3566 'nec
539 3522 680 3565 multo
711 3523 858 3567 minor
883 3522 1042 3584 priori,
1090 3527 1281 3578 utraque
1322 3525 1370 3568 in
1401 3525 1678 3571 semicirculo
1709 3526 2018 3583 descendenti,
2068 3529 2148 3573 sed
2176 3529 2255 3574 illa
2284 3531 2330 3575 in
2360 3544 2468 3588 qua-
2521 3545 2538 3575 ι·

227 3587 386 3632 drante
416 3588 647 3644 superiori,
681 3587 792 3632 haec
821 3589 867 3632 in
897 3588 1110 3632 inferiori.
1171 3589 1294 3645 Ergo
1328 3590 1367 3634 si
1396 3597 1650 3648 retroagam
1672 3590 1898 3648 aphelium
1919 3594 2062 3638 auctis
2083 3595 2330 3650 anomalfis,
2360 3602 2470 3641 tunc
2520 3578 2535 3656 ἶ,

225 3652 387 3709 prioris
416 3653 505 3697 loci
534 3651 951 3708 prosthaphaeresis
983 3659 1189 3710 augetur,
1221 3656 1484 3710 posterioris
1515 3658 1751 3710 minuitur,
1795 3671 1985 3713 cumque
2017 3661 2111 3705 sint
2136 3660 2494 3709 subtrahendae
2517 3684 2524 3715 q

226 3717 301 3774 ibi,
335 3717 604 3772 retroagitur
624 3720 676 3772 ὅ,
711 3717 784 3762 1110
813 3723 1114 3772 promovetur.
1177 3720 1476 3777 Compensata
1513 3736 1618 3768 vero
1656 3722 1741 3767 hic·
1768 3723 2047 3779 promotione
2090 3736 2173 3780 per
2202 3725 2465 3771 subtractio·
2513 3733 2535 3781 ἐχ

228 3793 328 3831 nem
358 3782 413 3828 de
441 3787 566 3830 motu
593 3782 759 3839 medio,
803 3781 974 3832 duobus
1018 3783 1095 3830 ille
1126 3785 1378 3832 nominibus
1416 3788 1712 3847 retroagitur‚
1751 3787 2006 3834 hic-manet
2036 3799 2125 3836 suo‘
2147 3788 2261 3836 loco·
2320 3789 2464 3837 Inter-
2515 3799 2520 3828 τ
