2554 4140
839 141 978 194 Lib'er
1007 148 1190 194 Sextus.
1250 149 1364 194 Pars
1393 148 1563 194 Tertia.
2214 146 2319 200 459

67 295 371 347 latitudinem
425 311 653 361 magnam
707 297 885 364 habet,
939 298 1303 348 inclinationem
1349 312 1580 362 parvam,
1634 298 1905 348 Mercurius
1957 296 2322 346 inclinationem

68 370 218 420 habet
254 386 510 434 magnam,
549 370 855 420 latitudinem
893 374 1143 423 minorem.
1186 414 1189 416 .

229 443 370 492 Unde
407 447 567 507 iyitur
603 451 700 504 est,
752 445 886 506 quod
914 446 1232 494 Ptolemaeus
1268 444 1543 507 epicyclum'
1582 444 1717 494 hune
1757 459 1791 492 a
1826 458 1877 492 se
1912 443 2101 492 dictum
2138 440 2329 504 duplici

70 518 277 564 nomine
314 517 586 565 libratilem
621 517 759 580 fecit,
809 520 852 565 si
886 519 993 581 fisca
1030 524 1100 566 est
1135 516 1437 566 inclinatio?
1512 516 1673 564 Causa
1717 523 1790 564 est
1839 519 1887 562 in
1927 518 2148 578 ignorato
2188 520 2322 564 motu

69 587 280 654 Telluris
318 604 498 639 annuo.
573 589 699 638 Nam
725 592 829 654 ipse
869 590 1063 653 quidem
1101 589 1303 640 eandem
1334 589 1793 654 planetaesorbitam
1821 595 1895 636 est
1917 581 2134 647 iutui'mS,
2177 602 2324 650 quam

70 666 119 708 et
155 675 252 719 nos
283 661 434 710 veluti
473 665 738 723 intuemur,
793 664 930 726 cujus
969 664 1147 713 limites
1187 678 1294 712 cum
1347 660 1658 726 porrigantur
1695 676 1865 710 versus
1923 668 2079 709 certas
2117 661 2322 708 fixarum

69 739 255 796 partes,
308 742 585 785 constanter
622 736 684 784 ab
724 734 975 800 eclipticae
1023 736 1167 800 plano
1209 735 1536 795 declinanteS,
1585 734 1666 793 fit,
1719 734 1870 784 Terra
1906 735 2066 798 ipsam
2111 734 2325 796 undique

70 807 412 868 circumeunte,
453 814 507 857 ut
545 811 653 873 ipsa
688 823 816 857 nunc
852 810 1053 858 boreum
1091 824 1230 858 suum
1272 809 1471 857 limitem
1505 809 1722 870 porrigat
1748 806 1948 862 Telluri,
1988 821 2115 854 nunc
2153 806 2324 867 nodOS,

67 894 196 927 nunc
234 883 522 929 austrinum.
600 882 668 930 At
704 896 820 930 vero
860 882 1172 931 Ptolemaeus
1209 882 1339 930 hunc
1377 888 1594 929 nostrum
1635 881 1887 928 circuitum
1916 878 2124 927 Telluris
2164 885 2323 926 trans-

68 953 329 1015 scripserat
350 962 531 1026 ‘centro
570 955 716 1017 hujus
756 969 786 1003 a
823 970 876 1004 se
915 955 1030 1003 dicti
1070 953 1298 1020 epicycli‚
1349 954 1481 1016 quod
1520 953 1707 1002 scilicet
1745 952 1894 1000 Terra
1934 953 2178 1013 quiescat,
2221 954 2326 1015 cpi-

71 1025 236 1087 cyclus
274 1040 391 1075 vero
430 1034 563 1076 totus
601 1028 856 1076 zodiacum
903 1031 1152 1076 annuatim
1203 1030 1459 1076 emetiatur
1513 1034 1677 1075 centro
1727 1039 1846 1086 su03
1900 1031 1948 1073 et
1994 1026 2042 1071 in
2082 1023 2175 1072 hoc
2212 1026 2320 1088 epi-

69 1099 206 1161 cyclo
258 1106 490 1163 punctum
537 1099 657 1150 illud
708 1099 831 1148 dixit
879 1102 1183 1165 perigaeum,
1243 1100 1374 1164 quod
1426 1102 1603 1162 quovis
1655 1104 1870 1162 ternpore
1924 1098 2015 1146 fuit
2054 1105 2323 1160 porrectum

68 1163 238 1219 versus
277 1171 498 1234 Terram,
553 1175 694 1238 quasi
732 1178 859 1222 esset
897 1189 1061 1235 unum,
1103 1189 1209 1223 cum
1247 1189 1298 1222 re
1339 1188 1454 1222 vera
1496 1186 1662 1222 omnes
1703 1171 1870 1221 ordine
1909 1180 2072 1237 partes
2112 1170 2260 1232 hujus
2297 1186 2326 1218 a

67 1257 120 1292 se
159 1243 275 1293 dicti
314 1247 535 1312 epicycli,
577 1247 717 1296 nobis
757 1249 1023 1308 eccentrici,
1064 1249 1341 1296 successive
1381 1261 1464 1312 per
1491 1245 1717 1294 accidens
1756 1245 2015 1308 perigaeae
2053 1243 2185 1292 fiant.
2248 1242 2325 1290 Ita
2375 1244 2378 1248 ’
2413 1251 2415 1254 ‘

67 1316 247 1365 facturn
288 1325 382 1380 est,
439 1326 494 1368 ut
530 1319 814 1370 Ptolemaeo
862 1321 954 1368 hoc
994 1336 1024 1369 a
1076 1321 1471 1382 senominatum
1520 1320 1801 1383 perigaeum
1854 1316 2065 1382 epicycli
2113 1330 2240 1365 nunc
2279 1317 2324 1363 in

70 1389 219 1439 borea
259 1398 411 1453 esset,
450 1407 580 1442 nunc
619 1395 667 1440 in
706 1392 957 1457 ecliptica,
997 1407 1125 1442 nunc
1163 1395 1213 1441 in
1253 1400 1434 1459 austro.
1506 1388 1519 1398 '

214 1475 267 1518 In
299 1475 527 1521 schemate
559 1477 638 1527 Nr.
657 1477 725 1521 87.
759 1475 877 1531 finge
909 1471 1149 1523 ecoentrici
1178 1476 1273 1521 veri
1302 1475 1517 1520 Mercurii
1546 1475 1677 1520 PMR
1713 1473 1901 1519 limitem
1931 1473 2121 1516 boreum
2154 1485 2254 1517 esse
2285 1472 2332 1516 in

70 1539 111 1582 R
142 1546 421 1595 constanter,
454 1542 624 1587 nodum
653 1542 699 1585 in
731 1543 786 1597 Κ,
819 1542 1005 1588 limitem
1035 1543 1286 1588 austrinum
1316 1543 1361 1587 in
1394 1543 1453 1598 P3
1488 1541 1732 1588 circumeat
1762 1539 1904 1587 Terra
1934 1538 2051 1583 vium
2083 1538 2224 1583 TXD.
2286 1538 2333 1583 Si

70 1606 208 1660 igitur
239 1606 379 1650 Terra
410 1613 480 1651 est
511 1607 556 1650 in
589 1608 641 1661 T,
675 1611 828 1664 partes
859 1609 944 1664 ipsi
966 1610 1008 1655 R
1036 1609 1210 1654 vicinae
1231 1609 1567 1665 reputabuntur
1588 1605 1840 1663 perigaeae,
1873 1617 1974 1649 cum
1996 1603 2087 1648 sint
2107 1603 2331 1650 boreales,

70 1670 118 1714 Si
148 1671 290 1716 Terra
319 1672 484 1717 transit
503 1673 547 1716 in
568 1674 624 1730 X,
653 1680 808 1730 partes
831 1674 871 1718 Κ
894 1675 1018 1720 cirea·
1042 1674 1209 1719 nodum
1238 1673 1571 1730 reputabuntur
1600 1672 1864 1731 perigaeae3
1897 1670 2090 1727 denique
2122 1670 2160 1714 si
2188 1669 2332 1714 Terra
2413 1679 2418 1685 ·

0 1770 1 1786 ,
37 1783 43 1789 ,
70 1737 115 1780 in
145 1738 186 1781 D
218 1740 412 1791 venerit,
453 1745 606 1795 partes
636 1739 725 1796 ipsi
756 1741 792 1784 P
821 1740 1016 1796 vicinae,
1050 1753 1151 1785 cum
1183 1739 1274 1784 sint
1293 1739 1551 1790 australes,
1585 1738 1891 1784 censebuntur
1921 1737 2181 1795 perigaeae.
2241 1735 2328 1792 Qui

0 1790 2 1816 ⁸
68 1816 176 1859 ergo
206 1809 454 1860 persuasus
487 1812 581 1861 est,
613 1805 874 1862 perigaeum
904 1818 1082 1862 semper
1114 1817 1214 1850 esse
1246 1805 1430 1849 realiter
1460 1805 1600 1861 idem,
1645 1804 1723 1862 qui
1753 1817 1815 1850 sc.
1847 1803 2016 1847 Terrae
2054 1797 2227 1862 motum
2257 1795 2334 1847 an*-

0 1835 3 1898 Ι
68 1882 207 1912 nuum
235 1868 282 1912 in
314 1870 437 1913 TXD
470 1871 637 1926 nescit,
681 1870 720 1915 is
751 1871 1117 1933 persuadebitur,
1159 1866 1421 1928 per-igaeum
1453 1870 1645 1928 epicycli
1684 1870 1755 1916 sui
1782 1869 1915 1915 PMR
1951 1867 2109 1914 librari
2140 1882 2167 1913 a
2194 1867 2336 1920 borea

0 1939 6 2024 Ι
68 1932 114 1977 in
142 1939 349 1979 austrum
379 1941 425 1980 et
454 1936 662 1982 vicissim.

0 2026 7 2082 ⁸f
214 2010 278 2059 Et
324 2026 438 2062 ecce
485 2019 823 2077 argumentum
871 2028 958 2078 pro
1006 2020 1140 2064 motu
1180 2014 1391 2063 Telluris
1429 2013 1593 2062 annuo
1620 2014 1771 2063 circa
1809 2012 1973 2062 Solem
2019 2010 2336 2061 evidentissi-

0 2091 7 2131 ν
70 2098 225 2144 mum,
273 2099 423 2149 supra
471 2089 762 2151 promissum
808 2088 931 2136 libro
972 2088 1034 2138 V-.
1081 2087 1164 2136 fol.
1207 2089 1330 2136 356.
1406 2087 1528 2136 Cum
1567 2089 1695 2135 enim
1739 2088 2043 2151 superiorum
2082 2085 2367 2134 eccentrici.

6 2150 8 2159 ’
70 2155 192 2205 fixas
228 2156 443 2208 babeant
478 2159 819 2210 inclinationes
859 2160 919 2209 ad
959 2161 1278 2226 eclipticam,¹
1319 2175 1402 2209 cur
1439 2159 1532 2208 soli
1555 2161 1849 2209 inferiorum
1889 2159 2143 2208 eccentrici
2182 2157 2336 2206 libra-

8 2267 9 2270 *
70 2228 183 2279 tiles
221 2236 550 2285 statuerentur
587 2233 847 2284 libratione
888 2234 1094 2298 duplici,
1143 2226 1377 2298 oum'per
1415 2248 1466 2283 se
1508 2235 1663 2282 omnis
1703 2233 1899 2281 libratio
1940 2233 2205 2280 orbitarum
2243 2230 2337 2279 ab·
2374 2259 2378 2263 ·

10 2362 11 2366 ¹
71 2302 217 2351 surda
253 2305 331 2365 sit,
371 2306 489 2368 quia
526 2309 684 2370 gignit
721 2314 990 2356 tortuosum
1029 2307 1257 2372 planetae
1306 2309 1396 2356 iter
1446 2321 1534 2371 pro
1576 2306 1814 2356 circulari.
1891 2304 2140 2367 Quantum
2190 2304 2338 2366 igitur

11 2418 13 2449 3
71 2376 433 2440 probabilitatis
472 2379 621 2430 habet
657 2381 755 2429 fixa
792 2381 1058 2441 inclinatio,
1098 2387 1287 2429 tant-um
1327 2386 1375 2429 et
1411 2385 1575 2428 motus
1612 2379 1824 2428 Telluris
1862 2377 1976 2428 inde
2015 2379 2336 2439 nanciscitur3

11 2464 14 2495 z
73 2455 307 2511 quantum
358 2465 475 2501 vero
529 2453 846 2503 absurditatis
895 2453 1075 2519 duplex
1125 2454 1349 2512 libratio,
1417 2459 1608 2503 tantum
1660 2453 1807 2502 etiam
1867 2452 2078 2502 labascit
2125 2449 2337 2501 Telluris

13 2540 16 2574 ζ
72 2522 403 2573 immobilitas.

16 2665 17 2668 ,
219 2609 360 2661 Num
398 2615 550 2662 etiam
590 2620 772 2662 veteres
809 2614 1156 2677 observarunt,
1198 2614 1448 2664 borealem
1477 2613 1685 2662 Veneris
1721 2612 2044 2661 latitudinem
2084 2625 2181 2659 esse
2218 2604 2337 2658 m'a-

72 2683 285 2745 ximam,
324 2687 601 2735 australem
642 2686 924 2735 Mercurii?
998 2684 1208 2735 Omnino
1251 2687 1442 2740 notavit
1479 2686 1573 2735 hoc
1599 2685 1914 2735 Ptolemaeus
1954 2698 2111 2747 eoque
2140 2683 2334 2746 tertium

16 2755 20 2813 ’ἶ
75 2755 124 2802 iu
162 2755 251 2805 bos
288 2757 510 2821 planetas
550 2759 817 2808 introduxit
854 2759 1124 2808 latitudinis
1163 2760 1472 2821 elementum,
1514 2758 1646 2822 quod
1674 2758 1946 2823 appellavit
1971 2757 2335 2806 inclinationem

19 2852 21 2862 ·
77 2831 330 2878 eccentrici
378 2845 409 2879 a
453 2845 505 2881 se
561 2832 675 2881 dicti
725 2820 773 2881 et
821 2834 975 2897 ipsam
1027 2846 1221 2896 quoque
1268 2833 1563 2892 libratilem‚
1623 2838 1790 2880 contra
1824 2830 2141 2895 ‘superiorum
2193 2829 2338 2878 trium

11 2904 23 2946 i
82 2902 320 2966 etiamque
359 2902 529 2952 Lunae
569 2904 864 2968 exemplum,
907 2906 1045 2968 cujus
1085 2907 1283 2955 effectus
1323 2907 1372 2953 in
1398 2904 1642 2954 Mercurio
1683 2904 1878 2966 quidem
1906 2902 2041 2952 solus
2079 2908 2127 2951 et
2165 2903 2338 2950 unicus

12 2945 24 3039 f·
82 2972 161 3023 bic
211 2976 326 3035 suit,
382 2981 438 3024 ut
490 2975 715 3031 Mercurii
750 2973 1007 3028 'australes
1058 2978 1341 3028 latitudines
1399 2982 1612 3040 augeret.
1689 2975 1877 3038 Quodsi
1916 2975 2175 3040 'epicyclos
2227 2986 2343 3023 suos

14 3042 18 3098 ἶ
75 3048 320 3109 posuisset
358 3048 679 3111 inaequaliter
721 3047 1054 3113 circumjectos
1094 3066 1199 3100 esse
1240 3053 1367 3100 circa
1390 3056 1640 3115 punctum,
1680 3049 1979 3113 respondens
2017 3047 2179 3097 medio
2207 3042 2336 3096 Solis

16 3104 21 3182 K
77 3117 201 3181 loco,
241 3127 295 3169 ut
330 3134 419 3169 nos
458 3121 628 3183 hodie,
669 3136 792 3184 quos
830 3122 911 3190 ille
950 3124 1195 3187 epicyclos
1235 3124 1374 3185 dicit,
1415 3137 1500 3172 eos
1540 3123 1833 3171 eccentricos
1872 3137 1902 3171 a
1941 3121 2056 3171 Sole
2096 3135 2204 3171 esse
2244 3119 2338 3170 do-

18 3220 20 3233 e
80 3204 262 3257 cemus,
315 3208 411 3242 non
460 3209 583 3257 opus
635 3194 886 3244 habuisset
935 3195 1018 3244 illo
1069 3199 1210 3245 tertio
1263 3195 1535 3244 librationis
1591 3199 1849 3257 apparatu.
1925 3194 2152 3244 Mercurii
2208 3195 2338 3244 enim

0 3256 22 3318 ,ἶ
81 3262 218 3329 limes
256 3266 483 3315 australis
523 3275 596 3316 est
636 3268 838 3315 vicinior
874 3267 980 3330 ejus
1020 3268 1214 3331 aphelio
1240 3269 1295 3329 P,
1356 3268 1439 3330 qui
1479 3279 1576 3329 quo
1610 3266 1806 3330 longius
1844 3280 1875 3317 a
1900 3266 2015 3318 Sole
2055 3270 2156 3318 exit
2194 3282 2341 3334 quam

0 3328 23 3412 j*
83 3335 289 3387 borealis
328 3342 455 3388 cirea
481 3339 539 3399 R,
581 3340 672 3388 hoc
698 3342 896 3402 propius
921 3340 1121 3389 Terram
1156 3341 1207 3389 ,in
1238 3340 1281 3386 D
1321 3340 1470 3399 venit,
1512 3353 1619 3388 cum
1659 3340 1859 3403 planeta
1897 3345 1971 3390 est
2006 3341 2334 3404 retrogradus,

0 3383 27 3457 »l
83 3423 224 3472 quam
263 3411 400 3460 limes
438 3413 613 3461 boreus
653 3414 780 3462 eirca
818 3412 861 3460 R
898 3426 1047 3475 prope
1087 3413 1284 3461 Terram
1324 3413 1371 3458 in
1411 3411 1480 3472 Τ,
1531 3409 1729 3474 planeta
1766 3413 1989 3464 similiter
2025 3413 2336 3477 retrogrado:

0 3499 27 3548 f,
81 3481 174 3531 hoc
211 3484 355 3545 igitur
393 3491 440 3533 ct
479 3486 636 3548 major
671 3491 874 3549 apparet
912 3483 1119 3549 latitudo
1159 3484 1388 3533 australis
1429 3499 1575 3547 quam
1615 3485 1842 3538 borealis.

28 3630 29 3635 ¹
234 3569 338 3619 Gur
386 3575 543 3635 ἱρέων
592 3576 745 3621 etiam
796 3574 1000 3620 Veneris
1037 3572 1255 3621 boreales
1293 3572 1584 3621 latitudines
1619 3574 1836 3633 majores
1872 3580 2018 3635 sunt,
2076 3589 2192 3623 eum
2231 3575 2340 3634 ejus

0 3663 1 3666 ¹
28 3638 30 3663 ³
87 3640 227 3689 limes
251 3642 429 3693 boreus
453 3648 516 3694 sit
542 3649 597 3694 in
620 3647 841 3708 Viryine,
886 3647 1078 3693 uicinus
1114 3644 1394 3706 perihelio?
1431 3645 1592 3694 Causa
1618 3645 1764 3708 hujus
1788 3647 1855 3694 rei
1886 3648 1933 3695 in
1961 3646 2152 3696 Venere
2194 3652 2268 3694 est
2307 3661 2337 3694 a

29 3731 33 3772 τ,
87 3714 321 3774 superiori
358 3715 713 3781 diversissima3
754 3719 975 3766 nimirum
1013 3718 1054 3763 si
1095 3716 1299 3766 latitudo
1338 3716 1570 3780 penderet
1607 3734 1636 3767 a
1675 3719 1780 3768 sola
1809 3720 2140 3781 inclinatione,
2179 3721 2334 3767 minor

31 3813 37 3873 ἱ
90 3783 298 3833 borealis
335 3787 493 3838 sutura
530 3791 714 3851 suisset,
756 3793 870 3853 quia
908 3790 1074 3838 Venus
1114 3791 1170 3836 in·
1201 3789 1353 3839 limite
1394 3790 1555 3849 boren,
1595 3791 1782 3842 scilicet
1818 3794 1867 3840 in
1910 3793 2135 3856 Virgine,
2176 3792 2335 3839 minus

33 3894 35 3902 .
91 3856 188 3904 exit
225 3873 255 3906 a
279 3857 393 3925 Sole
429 3876 600 3913 versus
626 3864 838 3926 'l'erram‚
879 3877 1023 3927 quam
1050 3863 1095 3934 in
1125 3862 1325 3912 australi
1363 3869 1412 3914 et
1449 3865 1497 3913 in
1531 3863 1770 3929 Piscibus,
1812 3866 1972 3918 vicina
2000 3868 2094 3931 ipsi
2121 3864 2331 3930 apheliO.
