<?xml version="1.0" encoding="UTF-8"?>
<!DOCTYPE html PUBLIC "-//W3C//DTD XHTML 1.0 Transitional//EN"
    "http://www.w3.org/TR/xhtml1/DTD/xhtml1-transitional.dtd">
<html xmlns="http://www.w3.org/1999/xhtml" xml:lang="en" lang="en">
 <head>
  <title>
</title>
<meta http-equiv="Content-Type" content="text/html;charset=utf-8" />
  <meta name='ocr-system' content='tesseract 3.04.00' />
  <meta name='ocr-capabilities' content='ocr_page ocr_carea ocr_par ocr_line ocrx_word'/>
</head>
<body>
  <div class='ocr_page' id='page_1' title='image "./operaomniaedidit06kepluoft_0205.png"; bbox 0 0 2554 4140; ppageno 0'>
   <div class='ocr_carea' id='block_1_1' title="bbox 591 118 2331 180">
    <p class='ocr_par' dir='ltr' id='par_1_1' title="bbox 591 118 2331 180">
     <span class='ocr_line' id='line_1_1' title="bbox 591 118 2331 180; baseline -0.001 -11"><span class='ocrx_word' id='word_1_1' title='bbox 591 123 743 170; x_wconf 80' lang='lat' dir='ltr'><strong>&#39;Liber</strong></span> <span class='ocrx_word' id='word_1_2' title='bbox 772 123 1017 170; x_wconf 75' lang='lat' dir='ltr'><strong>Secundus.</strong></span> <span class='ocrx_word' id='word_1_3' title='bbox 1075 122 1147 170; x_wconf 90' lang='lat' dir='ltr'><strong>De</strong></span> <span class='ocrx_word' id='word_1_4' title='bbox 1177 120 1382 180; x_wconf 73' lang='lat' dir='ltr'><strong>sphaera</strong></span> <span class='ocrx_word' id='word_1_5' title='bbox 1409 123 1457 167; x_wconf 79' lang='lat' dir='ltr'><strong>et</strong></span> <span class='ocrx_word' id='word_1_6' title='bbox 1484 118 1672 166; x_wconf 47' lang='lat' dir='ltr'><strong>circulis*</strong></span> <span class='ocrx_word' id='word_1_7' title='bbox 1695 118 1808 176; x_wconf 74' lang='lat' dir='ltr'><strong>eius.</strong></span> <span class='ocrx_word' id='word_1_8' title='bbox 2229 118 2331 169; x_wconf 82' lang='lat'><strong>191</strong></span> 
     </span>
    </p>
   </div>
   <div class='ocr_carea' id='block_1_2' title="bbox 87 263 2338 410">
    <p class='ocr_par' dir='ltr' id='par_1_2' title="bbox 87 263 2338 410">
     <span class='ocr_line' id='line_1_2' title="bbox 87 263 2335 335; baseline -0.004 -13"><span class='ocrx_word' id='word_1_9' title='bbox 87 274 288 322; x_wconf 79' lang='lat' dir='ltr'><strong>rizontis</strong></span> <span class='ocrx_word' id='word_1_10' title='bbox 321 273 435 322; x_wconf 88' lang='lat' dir='ltr'><strong>oriri</strong></span> <span class='ocrx_word' id='word_1_11' title='bbox 473 271 717 335; x_wconf 82' lang='lat' dir='ltr'><strong>videatur,</strong></span> <span class='ocrx_word' id='word_1_12' title='bbox 766 289 879 324; x_wconf 86' lang='lat' dir='ltr'><strong>vere</strong></span> <span class='ocrx_word' id='word_1_13' title='bbox 917 277 1045 324; x_wconf 88' lang='lat' dir='ltr'><strong>enim</strong></span> <span class='ocrx_word' id='word_1_14' title='bbox 1082 288 1179 323; x_wconf 89' lang='lat' dir='ltr'><strong>non</strong></span> <span class='ocrx_word' id='word_1_15' title='bbox 1216 276 1455 321; x_wconf 85' lang='lat' dir='ltr'><strong>movetur.</strong></span> <span class='ocrx_word' id='word_1_16' title='bbox 1528 267 1647 318; x_wconf 84' lang='lat' dir='ltr'><strong>Jam</strong></span> <span class='ocrx_word' id='word_1_17' title='bbox 1684 268 1779 317; x_wconf 84' lang='lat' dir='ltr'><strong>hae</strong></span> <span class='ocrx_word' id='word_1_18' title='bbox 1827 280 2007 317; x_wconf 89' lang='lat' dir='ltr'><strong>causae</strong></span> <span class='ocrx_word' id='word_1_19' title='bbox 2055 263 2199 314; x_wconf 85' lang='lat' dir='ltr'><strong>aliter</strong></span> <span class='ocrx_word' id='word_1_20' title='bbox 2245 277 2335 312; x_wconf 87' lang='lat' dir='ltr'><strong>ex-</strong></span> 
     </span>
     <span class='ocr_line' id='line_1_3' title="bbox 87 338 2338 410; baseline -0.004 -16"><span class='ocrx_word' id='word_1_21' title='bbox 87 347 258 409; x_wconf 87' lang='lat' dir='ltr'><strong>plicari</strong></span> <span class='ocrx_word' id='word_1_22' title='bbox 305 357 408 394; x_wconf 76' lang='lat' dir='ltr'><strong>non‘</strong></span> <span class='ocrx_word' id='word_1_23' title='bbox 448 351 683 410; x_wconf 87' lang='lat' dir='ltr'>possunt,</span> <span class='ocrx_word' id='word_1_24' title='bbox 729 349 825 396; x_wconf 89' lang='lat' dir='ltr'><strong>nisi</strong></span> <span class='ocrx_word' id='word_1_25' title='bbox 862 349 1008 397; x_wconf 89' lang='lat' dir='ltr'><strong>etiam</strong></span> <span class='ocrx_word' id='word_1_26' title='bbox 1045 347 1286 398; x_wconf 86' lang='lat' dir='ltr'><strong>elementa</strong></span> <span class='ocrx_word' id='word_1_27' title='bbox 1321 345 1509 408; x_wconf 88' lang='lat' dir='ltr'><strong>prima,</strong></span> <span class='ocrx_word' id='word_1_28' title='bbox 1563 355 1688 403; x_wconf 90' lang='lat' dir='ltr'><strong>quae</strong></span> <span class='ocrx_word' id='word_1_29' title='bbox 1739 341 1832 389; x_wconf 91' lang='lat' dir='ltr'><strong>sibi</strong></span> <span class='ocrx_word' id='word_1_30' title='bbox 1872 342 2008 389; x_wconf 85' lang='lat' dir='ltr'><strong>visus</strong></span> <span class='ocrx_word' id='word_1_31' title='bbox 2044 338 2338 401; x_wconf 82' lang='lat' dir='ltr'><strong>imaginatur</strong></span> 
     </span>
    </p>
   </div>
   <div class='ocr_carea' id='block_1_3' title="bbox 22 408 2338 484">
    <p class='ocr_par' dir='ltr' id='par_1_3' title="bbox 22 408 2338 484">
     <span class='ocr_line' id='line_1_4' title="bbox 22 408 2338 484; baseline -0.005 -16"><span class='ocrx_word' id='word_1_32' title='bbox 22 412 33 417; x_wconf 60' lang='grc'><strong>”</strong></span> <span class='ocrx_word' id='word_1_33' title='bbox 89 420 363 481; x_wconf 79' lang='lat' dir='ltr'>quibusque</span> <span class='ocrx_word' id='word_1_34' title='bbox 408 421 547 468; x_wconf 85' lang='lat' dir='ltr'><strong>visus</strong></span> <span class='ocrx_word' id='word_1_35' title='bbox 597 419 905 482; x_wconf 88' lang='lat' dir='ltr'><strong>postmodum</strong></span> <span class='ocrx_word' id='word_1_36' title='bbox 947 419 1215 484; x_wconf 88' lang='lat' dir='ltr'><strong>judicando</strong></span> <span class='ocrx_word' id='word_1_37' title='bbox 1260 418 1506 476; x_wconf 88' lang='lat' dir='ltr'><strong>innititur,</strong></span> <span class='ocrx_word' id='word_1_38' title='bbox 1563 428 1630 463; x_wconf 86' lang='lat' dir='ltr'><strong>sc.</strong></span> <span class='ocrx_word' id='word_1_39' title='bbox 1684 414 2115 462; x_wconf 82' lang='lat' dir='ltr'><strong>conformationem</strong></span> <span class='ocrx_word' id='word_1_40' title='bbox 2168 408 2338 459; x_wconf 89' lang='lat' dir='ltr'><strong>mundi</strong></span> 
     </span>
    </p>
   </div>
   <div class='ocr_carea' id='block_1_4' title="bbox 0 1737 1379 1876">
    <p class='ocr_par' dir='ltr' id='par_1_4' title="bbox 0 1737 1379 1876">
     <span class='ocr_line' id='line_1_5' title="bbox 0 1737 1379 1807; baseline 0.004 -21"><span class='ocrx_word' id='word_1_41' title='bbox 0 1775 1 1780; x_wconf 23' lang='lat'>¹</span> <span class='ocrx_word' id='word_1_42' title='bbox 80 1744 129 1786; x_wconf 90' lang='lat' dir='ltr'><strong>et</strong></span> <span class='ocrx_word' id='word_1_43' title='bbox 164 1752 252 1800; x_wconf 87' lang='lat' dir='ltr'><strong>per</strong></span> <span class='ocrx_word' id='word_1_44' title='bbox 289 1737 498 1798; x_wconf 91' lang='lat' dir='ltr'><strong>oculum,</strong></span> <span class='ocrx_word' id='word_1_45' title='bbox 538 1742 622 1803; x_wconf 92' lang='lat' dir='ltr'><strong>qui</strong></span> <span class='ocrx_word' id='word_1_46' title='bbox 650 1748 724 1790; x_wconf 89' lang='lat' dir='ltr'><strong>est</strong></span> <span class='ocrx_word' id='word_1_47' title='bbox 762 1748 978 1790; x_wconf 82' lang='lat' dir='ltr'><strong>centrum</strong></span> <span class='ocrx_word' id='word_1_48' title='bbox 1004 1741 1257 1807; x_wconf 83' lang='lat' dir='ltr'><strong>sphaerae,</strong></span> <span class='ocrx_word' id='word_1_49' title='bbox 1296 1755 1379 1791; x_wconf 88' lang='lat' dir='ltr'><strong>se-</strong></span> 
     </span>
     <span class='ocr_line' id='line_1_6' title="bbox 0 1811 828 1876; baseline 0.004 -17"><span class='ocrx_word' id='word_1_50' title='bbox 0 1853 2 1858; x_wconf 72' lang='grc'><strong>,</strong></span> <span class='ocrx_word' id='word_1_51' title='bbox 85 1817 259 1873; x_wconf 88' lang='lat' dir='ltr'><strong>catque</strong></span> <span class='ocrx_word' id='word_1_52' title='bbox 298 1811 553 1876; x_wconf 82' lang='lat' dir='ltr'><strong>sphaeram</strong></span> <span class='ocrx_word' id='word_1_53' title='bbox 592 1813 828 1863; x_wconf 79' lang='lat' dir='ltr'><strong>bifariam.</strong></span> 
     </span>
    </p>
   </div>
   <div class='ocr_carea' id='block_1_5' title="bbox 4 1959 1383 2026">
    <p class='ocr_par' dir='ltr' id='par_1_5' title="bbox 4 1959 1383 2026">
     <span class='ocr_line' id='line_1_7' title="bbox 4 1959 1383 2026; baseline -0.001 -19"><span class='ocrx_word' id='word_1_54' title='bbox 4 1987 5 2026; x_wconf 27' lang='grc' dir='ltr'>ἦ</span> <span class='ocrx_word' id='word_1_55' title='bbox 84 1971 193 2007; x_wconf 91' lang='lat' dir='ltr'><strong>cum</strong></span> <span class='ocrx_word' id='word_1_56' title='bbox 230 1959 357 2006; x_wconf 90' lang='lat' dir='ltr'><strong>enim</strong></span> <span class='ocrx_word' id='word_1_57' title='bbox 394 1973 539 2022; x_wconf 89' lang='lat' dir='ltr'><strong>super</strong></span> <span class='ocrx_word' id='word_1_58' title='bbox 575 1959 875 2010; x_wconf 82' lang='lat' dir='ltr'><strong>horizontem</strong></span> <span class='ocrx_word' id='word_1_59' title='bbox 920 1959 1383 2025; x_wconf 81' lang='lat' dir='ltr'><strong>perpendiculariter</strong></span> 
     </span>
    </p>
   </div>
   <div class='ocr_carea' id='block_1_6' title="bbox 8 2177 1383 2242">
    <p class='ocr_par' dir='ltr' id='par_1_6' title="bbox 8 2177 1383 2242">
     <span class='ocr_line' id='line_1_8' title="bbox 8 2177 1383 2242; baseline 0.001 -17"><span class='ocrx_word' id='word_1_60' title='bbox 8 2191 9 2198; x_wconf 55' lang='lat'>¹</span> <span class='ocrx_word' id='word_1_61' title='bbox 84 2191 193 2226; x_wconf 91' lang='lat' dir='ltr'><strong>eum</strong></span> <span class='ocrx_word' id='word_1_62' title='bbox 231 2177 482 2242; x_wconf 82' lang='lat' dir='ltr'><strong>applicans</strong></span> <span class='ocrx_word' id='word_1_63' title='bbox 520 2186 656 2228; x_wconf 89' lang='lat' dir='ltr'><strong>motu</strong></span> <span class='ocrx_word' id='word_1_64' title='bbox 696 2180 866 2230; x_wconf 88' lang='lat' dir='ltr'><strong>diurno</strong></span> <span class='ocrx_word' id='word_1_65' title='bbox 906 2181 1023 2229; x_wconf 82' lang='lat' dir='ltr'><strong>facit</strong></span> <span class='ocrx_word' id='word_1_66' title='bbox 1048 2179 1297 2229; x_wconf 82' lang='lat' dir='ltr'><strong>meridiem</strong></span> <span class='ocrx_word' id='word_1_67' title='bbox 1325 2181 1383 2230; x_wconf 82' lang='lat' dir='ltr'><strong>in</strong></span> 
     </span>
    </p>
   </div>
   <div class='ocr_carea' id='block_1_7' title="bbox 23 3490 26 3536">
    <p class='ocr_par' dir='ltr' id='par_1_7' title="bbox 23 3490 26 3536">
     <span class='ocr_line' id='line_1_9' title="bbox 23 3490 26 3517; baseline 0 0"><span class='ocrx_word' id='word_1_68' title='bbox 23 3490 26 3517; x_wconf 81' lang='lat' dir='ltr'><strong>l</strong></span> 
     </span>
     <span class='ocr_line' id='line_1_10' title="bbox 24 3523 26 3536; baseline 0 0"><span class='ocrx_word' id='word_1_69' title='bbox 24 3523 26 3536; x_wconf 72' lang='lat' dir='ltr'><strong>l</strong></span> 
     </span>
    </p>
   </div>
   <div class='ocr_carea' id='block_1_8' title="bbox 0 2110 35 4140">
    <p class='ocr_par' dir='ltr' id='par_1_8' title="bbox 0 2110 35 4140">
     <span class='ocr_line' id='line_1_11' title="bbox 0 2110 35 4140; baseline 0 0"><span class='ocrx_word' id='word_1_70' title='bbox 0 2110 35 4140; x_wconf 95' lang='lat' dir='ltr'><strong> </strong></span> 
     </span>
    </p>
   </div>
   <div class='ocr_carea' id='block_1_9' title="bbox 14 484 2337 556">
    <p class='ocr_par' dir='ltr' id='par_1_9' title="bbox 14 484 2337 556">
     <span class='ocr_line' id='line_1_12' title="bbox 14 484 2337 556; baseline -0.004 -15"><span class='ocrx_word' id='word_1_71' title='bbox 14 534 21 541; x_wconf 93' lang='lat'><strong>.</strong></span> <span class='ocrx_word' id='word_1_72' title='bbox 88 492 293 554; x_wconf 86' lang='lat' dir='ltr'><strong>ejusque</strong></span> <span class='ocrx_word' id='word_1_73' title='bbox 339 497 557 541; x_wconf 88' lang='lat' dir='ltr'><strong>motuum</strong></span> <span class='ocrx_word' id='word_1_74' title='bbox 609 501 923 556; x_wconf 85' lang='lat' dir='ltr'><strong>apparentem</strong></span> <span class='ocrx_word' id='word_1_75' title='bbox 973 509 1060 543; x_wconf 91' lang='lat' dir='ltr'><strong>seu</strong></span> <span class='ocrx_word' id='word_1_76' title='bbox 1109 493 1426 556; x_wconf 81' lang='lat' dir='ltr'><strong>imaginatam</strong></span> <span class='ocrx_word' id='word_1_77' title='bbox 1463 485 1761 551; x_wconf 81' lang='lat' dir='ltr'><strong>explicemus</strong></span> <span class='ocrx_word' id='word_1_78' title='bbox 1806 485 2032 550; x_wconf 85' lang='lat' dir='ltr'><strong>adeoque</strong></span> <span class='ocrx_word' id='word_1_79' title='bbox 2070 491 2119 534; x_wconf 88' lang='lat' dir='ltr'><strong>et</strong></span> <span class='ocrx_word' id='word_1_80' title='bbox 2154 484 2337 534; x_wconf 86' lang='lat' dir='ltr'><strong>iustru-</strong></span> 
     </span>
    </p>
   </div>
   <div class='ocr_carea' id='block_1_10' title="bbox 81 563 2340 923">
    <p class='ocr_par' dir='ltr' id='par_1_10' title="bbox 83 563 1206 631">
     <span class='ocr_line' id='line_1_13' title="bbox 83 563 1206 631; baseline 0.003 -19"><span class='ocrx_word' id='word_1_81' title='bbox 83 571 248 614; x_wconf 85' lang='lat' dir='ltr'><strong>mento</strong></span> <span class='ocrx_word' id='word_1_82' title='bbox 285 563 523 630; x_wconf 81' lang='lat' dir='ltr'><strong>sphaerae</strong></span> <span class='ocrx_word' id='word_1_83' title='bbox 560 566 827 616; x_wconf 86' lang='lat' dir='ltr'><strong>materialis</strong></span> <span class='ocrx_word' id='word_1_84' title='bbox 865 569 1206 631; x_wconf 55' lang='lat' dir='ltr'><strong>exprimamus„</strong></span> 
     </span>
    </p>

    <p class='ocr_par' dir='ltr' id='par_1_11' title="bbox 81 629 2340 923">
     <span class='ocr_line' id='line_1_14' title="bbox 231 629 2338 703; baseline -0.003 -18"><span class='ocrx_word' id='word_1_85' title='bbox 231 635 286 698; x_wconf 87' lang='lat'><strong>2)</strong></span> <span class='ocrx_word' id='word_1_86' title='bbox 323 636 502 687; x_wconf 89' lang='lat' dir='ltr'><strong>Posset</strong></span> <span class='ocrx_word' id='word_1_87' title='bbox 536 652 654 688; x_wconf 89' lang='lat' dir='ltr'><strong>sane</strong></span> <span class='ocrx_word' id='word_1_88' title='bbox 691 639 795 689; x_wconf 89' lang='lat' dir='ltr'><strong>fieri</strong></span> <span class='ocrx_word' id='word_1_89' title='bbox 831 640 1040 703; x_wconf 85' lang='lat' dir='ltr'><strong>sphaera</strong></span> <span class='ocrx_word' id='word_1_90' title='bbox 1076 640 1285 690; x_wconf 86' lang='lat' dir='ltr'><strong>exterior</strong></span> <span class='ocrx_word' id='word_1_91' title='bbox 1318 642 1370 687; x_wconf 88' lang='lat' dir='ltr'><strong>et</strong></span> <span class='ocrx_word' id='word_1_92' title='bbox 1404 632 1679 695; x_wconf 81' lang='lat' dir='ltr'><strong>immobilis,</strong></span> <span class='ocrx_word' id='word_1_93' title='bbox 1721 630 1920 681; x_wconf 84' lang='lat' dir='ltr'><strong>horizon</strong></span> <span class='ocrx_word' id='word_1_94' title='bbox 1960 635 2008 679; x_wconf 87' lang='lat' dir='ltr'><strong>et</strong></span> <span class='ocrx_word' id='word_1_95' title='bbox 2043 629 2338 680; x_wconf 88' lang='lat' dir='ltr'><strong>meridianus</strong></span> 
     </span>
     <span class='ocr_line' id='line_1_15' title="bbox 86 703 2338 775; baseline -0.003 -17"><span class='ocrx_word' id='word_1_96' title='bbox 86 723 196 758; x_wconf 92' lang='lat' dir='ltr'><strong>cum</strong></span> <span class='ocrx_word' id='word_1_97' title='bbox 239 710 462 760; x_wconf 84' lang='lat' dir='ltr'><strong>verticali</strong></span> <span class='ocrx_word' id='word_1_98' title='bbox 511 718 692 774; x_wconf 87' lang='lat' dir='ltr'><strong>puncto</strong></span> <span class='ocrx_word' id='word_1_99' title='bbox 743 713 949 763; x_wconf 83' lang='lat' dir='ltr'><strong>mobiles</strong></span> <span class='ocrx_word' id='word_1_100' title='bbox 1000 715 1162 775; x_wconf 81' lang='lat' dir='ltr'><strong>intus3</strong></span> <span class='ocrx_word' id='word_1_101' title='bbox 1209 710 1298 761; x_wconf 87' lang='lat' dir='ltr'><strong>sed</strong></span> <span class='ocrx_word' id='word_1_102' title='bbox 1349 709 1656 758; x_wconf 79' lang='lat' dir='ltr'><strong>turbarentur</strong></span> <span class='ocrx_word' id='word_1_103' title='bbox 1706 718 1803 754; x_wconf 91' lang='lat' dir='ltr'><strong>non</strong></span> <span class='ocrx_word' id='word_1_104' title='bbox 1853 709 2042 753; x_wconf 88' lang='lat' dir='ltr'><strong>tantum</strong></span> <span class='ocrx_word' id='word_1_105' title='bbox 2082 703 2338 764; x_wconf 87' lang='lat' dir='ltr'><strong>discentes,</strong></span> 
     </span>
     <span class='ocr_line' id='line_1_16' title="bbox 85 777 2340 852; baseline -0.004 -20"><span class='ocrx_word' id='word_1_106' title='bbox 85 797 252 832; x_wconf 81' lang='lat' dir='ltr'><strong>verum</strong></span> <span class='ocrx_word' id='word_1_107' title='bbox 297 785 447 833; x_wconf 87' lang='lat' dir='ltr'><strong>etiam</strong></span> <span class='ocrx_word' id='word_1_108' title='bbox 491 783 670 834; x_wconf 85' lang='lat' dir='ltr'><strong>adulti:</strong></span> <span class='ocrx_word' id='word_1_109' title='bbox 724 801 913 852; x_wconf 85' lang='lat' dir='ltr'><strong>semper</strong></span> <span class='ocrx_word' id='word_1_110' title='bbox 959 789 1087 837; x_wconf 89' lang='lat' dir='ltr'><strong>enim</strong></span> <span class='ocrx_word' id='word_1_111' title='bbox 1137 785 1233 835; x_wconf 88' lang='lat' dir='ltr'><strong>sibi</strong></span> <span class='ocrx_word' id='word_1_112' title='bbox 1269 798 1436 834; x_wconf 87' lang='lat' dir='ltr'><strong>casum</strong></span> <span class='ocrx_word' id='word_1_113' title='bbox 1474 780 1877 844; x_wconf 81' lang='lat' dir='ltr'><strong>imaginarentur,</strong></span> <span class='ocrx_word' id='word_1_114' title='bbox 1932 777 2124 840; x_wconf 85' lang='lat' dir='ltr'><strong>quoties</strong></span> <span class='ocrx_word' id='word_1_115' title='bbox 2171 781 2340 826; x_wconf 81' lang='lat' dir='ltr'><strong>vertex</strong></span> 
     </span>
     <span class='ocr_line' id='line_1_17' title="bbox 81 856 1573 923; baseline -0.001 -19"><span class='ocrx_word' id='word_1_116' title='bbox 81 861 306 920; x_wconf 87' lang='lat' dir='ltr'><strong>respectu</strong></span> <span class='ocrx_word' id='word_1_117' title='bbox 341 856 464 906; x_wconf 90' lang='lat' dir='ltr'><strong>situs</strong></span> <span class='ocrx_word' id='word_1_118' title='bbox 503 858 741 923; x_wconf 85' lang='lat' dir='ltr'><strong>sphaerae</strong></span> <span class='ocrx_word' id='word_1_119' title='bbox 777 862 827 908; x_wconf 90' lang='lat' dir='ltr'><strong>in</strong></span> <span class='ocrx_word' id='word_1_120' title='bbox 865 874 1034 910; x_wconf 87' lang='lat' dir='ltr'><strong>mensa</strong></span> <span class='ocrx_word' id='word_1_121' title='bbox 1071 863 1295 922; x_wconf 83' lang='lat' dir='ltr'><strong>vergeret</strong></span> <span class='ocrx_word' id='word_1_122' title='bbox 1331 856 1573 906; x_wconf 90' lang='lat' dir='ltr'><strong>deorsum.</strong></span> 
     </span>
    </p>
   </div>
   <div class='ocr_carea' id='block_1_11' title="bbox 953 974 1483 1030">
    <p class='ocr_par' dir='ltr' id='par_1_12' title="bbox 953 974 1483 1030">
     <span class='ocr_line' id='line_1_18' title="bbox 953 974 1483 1030; baseline -0.008 -5"><span class='ocrx_word' id='word_1_123' title='bbox 953 976 1020 1025; x_wconf 88' lang='lat' dir='ltr'><strong>H.</strong></span> <span class='ocrx_word' id='word_1_124' title='bbox 1072 974 1483 1030; x_wconf 89' lang='lat' dir='ltr'><strong>Meridianus.</strong></span> 
     </span>
    </p>
   </div>
   <div class='ocr_carea' id='block_1_12' title="bbox 80 1065 2344 1732">
    <p class='ocr_par' dir='ltr' id='par_1_13' title="bbox 82 1065 2344 1363">
     <span class='ocr_line' id='line_1_19' title="bbox 232 1065 2337 1140; baseline -0.005 -16"><span class='ocrx_word' id='word_1_125' title='bbox 232 1075 426 1139; x_wconf 79' lang='lat' dir='ltr'><strong>Quibus</strong></span> <span class='ocrx_word' id='word_1_126' title='bbox 458 1080 727 1140; x_wconf 78' lang='lat' dir='ltr'><strong>principiis</strong></span> <span class='ocrx_word' id='word_1_127' title='bbox 763 1079 1084 1128; x_wconf 74' lang='lat' dir='ltr'><strong>constituitur</strong></span> <span class='ocrx_word' id='word_1_128' title='bbox 1120 1074 1472 1126; x_wconf 78' lang='lat' dir='ltr'><strong>meridianus?</strong></span> <span class='ocrx_word' id='word_1_129' title='bbox 1506 1073 1839 1137; x_wconf 86' lang='lat' dir='ltr'><strong>Imagiuamur</strong></span> <span class='ocrx_word' id='word_1_130' title='bbox 1876 1070 1926 1116; x_wconf 89' lang='lat' dir='ltr'><strong>in</strong></span> <span class='ocrx_word' id='word_1_131' title='bbox 1949 1067 2101 1116; x_wconf 88' lang='lat' dir='ltr'><strong>Terra</strong></span> <span class='ocrx_word' id='word_1_132' title='bbox 2139 1065 2337 1130; x_wconf 89' lang='lat' dir='ltr'><strong>quidem</strong></span> 
     </span>
     <span class='ocr_line' id='line_1_20' title="bbox 83 1140 2339 1216; baseline -0.005 -18"><span class='ocrx_word' id='word_1_133' title='bbox 83 1148 315 1198; x_wconf 91' lang='lat' dir='ltr'><strong>circulum</strong></span> <span class='ocrx_word' id='word_1_134' title='bbox 353 1156 680 1200; x_wconf 81' lang='lat' dir='ltr'><strong>transeuntem</strong></span> <span class='ocrx_word' id='word_1_135' title='bbox 720 1166 805 1216; x_wconf 90' lang='lat' dir='ltr'><strong>per</strong></span> <span class='ocrx_word' id='word_1_136' title='bbox 841 1151 1006 1201; x_wconf 85' lang='lat' dir='ltr'><strong>locum</strong></span> <span class='ocrx_word' id='word_1_137' title='bbox 1042 1151 1358 1200; x_wconf 86' lang='lat' dir='ltr'><strong>habitationis</strong></span> <span class='ocrx_word' id='word_1_138' title='bbox 1394 1153 1591 1197; x_wconf 88' lang='lat' dir='ltr'><strong>nostrae</strong></span> <span class='ocrx_word' id='word_1_139' title='bbox 1628 1152 1678 1196; x_wconf 88' lang='lat' dir='ltr'><strong>et</strong></span> <span class='ocrx_word' id='word_1_140' title='bbox 1714 1157 1801 1210; x_wconf 86' lang='lat' dir='ltr'><strong>per</strong></span> <span class='ocrx_word' id='word_1_141' title='bbox 1836 1142 1978 1208; x_wconf 89' lang='lat' dir='ltr'><strong>polos</strong></span> <span class='ocrx_word' id='word_1_142' title='bbox 2016 1140 2220 1201; x_wconf 82' lang='lat' dir='ltr'><strong>Terrae,</strong></span> <span class='ocrx_word' id='word_1_143' title='bbox 2259 1141 2339 1188; x_wconf 88' lang='lat' dir='ltr'><strong>in-</strong></span> 
     </span>
     <span class='ocr_line' id='line_1_21' title="bbox 82 1213 2344 1289; baseline -0.003 -19"><span class='ocrx_word' id='word_1_144' title='bbox 82 1227 155 1271; x_wconf 88' lang='lat' dir='ltr'><strong>ter</strong></span> <span class='ocrx_word' id='word_1_145' title='bbox 190 1222 313 1272; x_wconf 82' lang='lat' dir='ltr'><strong>fixas</strong></span> <span class='ocrx_word' id='word_1_146' title='bbox 352 1237 469 1272; x_wconf 85' lang='lat' dir='ltr'><strong>vero</strong></span> <span class='ocrx_word' id='word_1_147' title='bbox 507 1224 740 1273; x_wconf 89' lang='lat' dir='ltr'><strong>circulum</strong></span> <span class='ocrx_word' id='word_1_148' title='bbox 777 1224 1051 1275; x_wconf 86' lang='lat' dir='ltr'><strong>traductum</strong></span> <span class='ocrx_word' id='word_1_149' title='bbox 1088 1238 1176 1289; x_wconf 88' lang='lat' dir='ltr'><strong>per</strong></span> <span class='ocrx_word' id='word_1_150' title='bbox 1212 1228 1446 1288; x_wconf 89' lang='lat' dir='ltr'><strong>punctum</strong></span> <span class='ocrx_word' id='word_1_151' title='bbox 1471 1220 1702 1271; x_wconf 83' lang='lat' dir='ltr'><strong>verticale</strong></span> <span class='ocrx_word' id='word_1_152' title='bbox 1741 1216 1978 1280; x_wconf 86' lang='lat' dir='ltr'><strong>cujusque</strong></span> <span class='ocrx_word' id='word_1_153' title='bbox 2003 1213 2100 1264; x_wconf 91' lang='lat' dir='ltr'><strong>loci</strong></span> <span class='ocrx_word' id='word_1_154' title='bbox 2139 1213 2344 1277; x_wconf 87' lang='lat' dir='ltr'><strong>ejusque</strong></span> 
     </span>
     <span class='ocr_line' id='line_1_22' title="bbox 87 1297 1399 1363; baseline -0.001 -19"><span class='ocrx_word' id='word_1_155' title='bbox 87 1297 376 1359; x_wconf 86' lang='lat' dir='ltr'><strong>oppositum,</strong></span> <span class='ocrx_word' id='word_1_156' title='bbox 417 1298 523 1347; x_wconf 85' lang='lat' dir='ltr'><strong>sive</strong></span> <span class='ocrx_word' id='word_1_157' title='bbox 559 1297 717 1359; x_wconf 87' lang='lat' dir='ltr'><strong>nadir,</strong></span> <span class='ocrx_word' id='word_1_158' title='bbox 757 1305 805 1347; x_wconf 91' lang='lat' dir='ltr'><strong>et</strong></span> <span class='ocrx_word' id='word_1_159' title='bbox 841 1313 929 1363; x_wconf 90' lang='lat' dir='ltr'><strong>per</strong></span> <span class='ocrx_word' id='word_1_160' title='bbox 963 1298 1105 1363; x_wconf 90' lang='lat' dir='ltr'><strong>polos</strong></span> <span class='ocrx_word' id='word_1_161' title='bbox 1145 1297 1399 1362; x_wconf 82' lang='lat' dir='ltr'><strong>sphaerae.</strong></span> 
     </span>
    </p>

    <p class='ocr_par' dir='ltr' id='par_1_14' title="bbox 80 1379 1946 1732">
     <span class='ocr_line' id='line_1_23' title="bbox 145 1379 1946 1491; baseline 0.005 -64"><span class='ocrx_word' id='word_1_162' title='bbox 145 1445 178 1491; x_wconf 74' lang='lat' dir='ltr'><strong>h</strong></span> <span class='ocrx_word' id='word_1_163' title='bbox 195 1379 250 1427; x_wconf 84' lang='lat' dir='ltr'><strong>In</strong></span> <span class='ocrx_word' id='word_1_164' title='bbox 279 1381 508 1429; x_wconf 88' lang='lat' dir='ltr'><strong>schemate</strong></span> <span class='ocrx_word' id='word_1_165' title='bbox 537 1381 626 1429; x_wconf 90' lang='lat' dir='ltr'><strong>hoc</strong></span> <span class='ocrx_word' id='word_1_166' title='bbox 653 1382 693 1428; x_wconf 86' lang='lat' dir='ltr'><strong>F</strong></span> <span class='ocrx_word' id='word_1_167' title='bbox 723 1389 795 1430; x_wconf 83' lang='lat' dir='ltr'><strong>est</strong></span> <span class='ocrx_word' id='word_1_168' title='bbox 823 1383 990 1442; x_wconf 87' lang='lat' dir='ltr'><strong>zenith,</strong></span> <span class='ocrx_word' id='word_1_169' title='bbox 1021 1383 1063 1429; x_wconf 81' lang='lat' dir='ltr'>G</span> <span class='ocrx_word' id='word_1_170' title='bbox 1090 1381 1234 1441; x_wconf 86' lang='lat' dir='ltr'><strong>nadir,</strong></span> <span class='ocrx_word' id='word_1_171' title='bbox 1273 1380 1323 1439; x_wconf 90' lang='lat' dir='ltr'><strong>B,</strong></span> <span class='ocrx_word' id='word_1_172' title='bbox 1358 1382 1392 1427; x_wconf 89' lang='lat' dir='ltr'>C</span> <span class='ocrx_word' id='word_1_173' title='bbox 1581 1423 1584 1425; x_wconf 17' lang='grc' dir='ltr'><strong>Α</strong></span> <span class='ocrx_word' id='word_1_174' title='bbox 1782 1399 1946 1446; x_wconf 71' lang='lat' dir='ltr'><strong>F13.28.</strong></span> 
     </span>
     <span class='ocr_line' id='line_1_24' title="bbox 85 1458 192 1504; baseline -0.009 -12"><span class='ocrx_word' id='word_1_175' title='bbox 85 1458 144 1504; x_wconf 85' lang='lat' dir='ltr'><strong>po</strong></span> <span class='ocrx_word' id='word_1_176' title='bbox 182 1482 192 1491; x_wconf 94' lang='lat'><strong>.</strong></span> 
     </span>
     <span class='ocr_line' id='line_1_25' title="bbox 210 1515 1385 1577; baseline 0.003 -11"><span class='ocrx_word' id='word_1_177' title='bbox 210 1515 508 1577; x_wconf 68' lang='lat' dir='ltr'><strong>Ouiiasmodi</strong></span> <span class='ocrx_word' id='word_1_178' title='bbox 543 1521 762 1570; x_wconf 79' lang='lat' dir='ltr'><strong>circulus</strong></span> <span class='ocrx_word' id='word_1_179' title='bbox 797 1527 867 1570; x_wconf 83' lang='lat' dir='ltr'><strong>est</strong></span> <span class='ocrx_word' id='word_1_180' title='bbox 899 1520 1252 1570; x_wconf 76' lang='lat' dir='ltr'><strong>meridianus?</strong></span> <span class='ocrx_word' id='word_1_181' title='bbox 1296 1520 1385 1570; x_wconf 84' lang='lat' dir='ltr'><strong>Est</strong></span> 
     </span>
     <span class='ocr_line' id='line_1_26' title="bbox 80 1591 1468 1659; baseline 0.004 -20"><span class='ocrx_word' id='word_1_182' title='bbox 80 1591 403 1640; x_wconf 82' lang='lat' dir='ltr'><strong>maximorum</strong></span> <span class='ocrx_word' id='word_1_183' title='bbox 440 1606 583 1653; x_wconf 90' lang='lat' dir='ltr'><strong>unus,</strong></span> <span class='ocrx_word' id='word_1_184' title='bbox 622 1592 813 1644; x_wconf 84' lang='lat' dir='ltr'><strong>ducitur</strong></span> <span class='ocrx_word' id='word_1_185' title='bbox 849 1595 975 1645; x_wconf 89' lang='lat' dir='ltr'><strong>enim</strong></span> <span class='ocrx_word' id='word_1_186' title='bbox 1013 1609 1099 1658; x_wconf 88' lang='lat' dir='ltr'><strong>per</strong></span> <span class='ocrx_word' id='word_1_187' title='bbox 1123 1600 1382 1659; x_wconf 86' lang='lat' dir='ltr'><strong>utrumque</strong></span> <span class='ocrx_word' id='word_1_188' title='bbox 1465 1634 1468 1638; x_wconf 90' lang='grc'>.</span> 
     </span>
     <span class='ocr_line' id='line_1_27' title="bbox 81 1660 1380 1732; baseline 0.003 -20"><span class='ocrx_word' id='word_1_189' title='bbox 81 1663 251 1727; x_wconf 88' lang='lat' dir='ltr'><strong>polum</strong></span> <span class='ocrx_word' id='word_1_190' title='bbox 304 1673 354 1713; x_wconf 91' lang='lat' dir='ltr'><strong>et</strong></span> <span class='ocrx_word' id='word_1_191' title='bbox 399 1666 471 1714; x_wconf 90' lang='lat' dir='ltr'><strong>sic</strong></span> <span class='ocrx_word' id='word_1_192' title='bbox 516 1665 716 1729; x_wconf 90' lang='lat' dir='ltr'><strong>planum</strong></span> <span class='ocrx_word' id='word_1_193' title='bbox 743 1660 860 1731; x_wconf 25' lang='lat' dir='ltr'><strong>*ejus</strong></span> <span class='ocrx_word' id='word_1_194' title='bbox 905 1670 1078 1717; x_wconf 85' lang='lat' dir='ltr'><strong>transit</strong></span> <span class='ocrx_word' id='word_1_195' title='bbox 1115 1682 1202 1732; x_wconf 86' lang='lat' dir='ltr'><strong>per</strong></span> <span class='ocrx_word' id='word_1_196' title='bbox 1239 1680 1380 1718; x_wconf 85' lang='lat' dir='ltr'><strong>axem</strong></span> 
     </span>
    </p>
   </div>
   <div class='ocr_carea' id='block_1_13' title="bbox 217 1883 1379 1936">
    <p class='ocr_par' dir='ltr' id='par_1_15' title="bbox 217 1883 1379 1936">
     <span class='ocr_line' id='line_1_28' title="bbox 217 1883 1379 1936; baseline 0.001 -3"><span class='ocrx_word' id='word_1_197' title='bbox 217 1883 357 1934; x_wconf 76' lang='lat' dir='ltr'><strong>Unde</strong></span> <span class='ocrx_word' id='word_1_198' title='bbox 406 1884 595 1935; x_wconf 83' lang='lat' dir='ltr'><strong>dicitur</strong></span> <span class='ocrx_word' id='word_1_199' title='bbox 647 1887 997 1936; x_wconf 77' lang='lat' dir='ltr'><strong>meridianus?</strong></span> <span class='ocrx_word' id='word_1_200' title='bbox 1056 1887 1103 1935; x_wconf 90' lang='lat' dir='ltr'>A</span> <span class='ocrx_word' id='word_1_201' title='bbox 1152 1885 1379 1935; x_wconf 88' lang='lat' dir='ltr'><strong>meridie:</strong></span> 
     </span>
    </p>
   </div>
   <div class='ocr_carea' id='block_1_14' title="bbox 82 2032 1384 2171">
    <p class='ocr_par' dir='ltr' id='par_1_16' title="bbox 82 2032 1384 2171">
     <span class='ocr_line' id='line_1_29' title="bbox 82 2032 1384 2098; baseline 0.001 -18"><span class='ocrx_word' id='word_1_202' title='bbox 82 2032 145 2080; x_wconf 87' lang='lat' dir='ltr'><strong>sit</strong></span> <span class='ocrx_word' id='word_1_203' title='bbox 161 2037 365 2090; x_wconf 89' lang='lat' dir='ltr'><strong>erectus,</strong></span> <span class='ocrx_word' id='word_1_204' title='bbox 390 2038 526 2081; x_wconf 88' lang='lat' dir='ltr'><strong>secat</strong></span> <span class='ocrx_word' id='word_1_205' title='bbox 547 2034 695 2096; x_wconf 84' lang='lat' dir='ltr'><strong>igitur</strong></span> <span class='ocrx_word' id='word_1_206' title='bbox 721 2033 1130 2098; x_wconf 81' lang='lat' dir='ltr'><strong>hemisphaerium</strong></span> <span class='ocrx_word' id='word_1_207' title='bbox 1157 2039 1384 2098; x_wconf 88' lang='lat' dir='ltr'><strong>aspecta-</strong></span> 
     </span>
     <span class='ocr_line' id='line_1_30' title="bbox 82 2103 1384 2171; baseline 0.002 -19"><span class='ocrx_word' id='word_1_208' title='bbox 82 2103 179 2152; x_wconf 85' lang='lat' dir='ltr'><strong>bile</strong></span> <span class='ocrx_word' id='word_1_209' title='bbox 228 2105 279 2151; x_wconf 90' lang='lat' dir='ltr'><strong>in</strong></span> <span class='ocrx_word' id='word_1_210' title='bbox 316 2103 440 2154; x_wconf 85' lang='lat' dir='ltr'><strong>duas</strong></span> <span class='ocrx_word' id='word_1_211' title='bbox 490 2113 652 2170; x_wconf 87' lang='lat' dir='ltr'><strong>partes</strong></span> <span class='ocrx_word' id='word_1_212' title='bbox 691 2108 951 2171; x_wconf 72' lang='lat' dir='ltr'><strong>aequaleS,</strong></span> <span class='ocrx_word' id='word_1_213' title='bbox 1007 2121 1156 2171; x_wconf 89' lang='lat' dir='ltr'><strong>quare</strong></span> <span class='ocrx_word' id='word_1_214' title='bbox 1195 2106 1283 2155; x_wconf 90' lang='lat' dir='ltr'><strong>Sol</strong></span> <span class='ocrx_word' id='word_1_215' title='bbox 1320 2105 1384 2154; x_wconf 86' lang='lat' dir='ltr'><strong>ad</strong></span> 
     </span>
    </p>
   </div>
   <div class='ocr_carea' id='block_1_15' title="bbox 81 2250 2347 2905">
    <p class='ocr_par' dir='ltr' id='par_1_17' title="bbox 81 2250 2288 2538">
     <span class='ocr_line' id='line_1_31' title="bbox 81 2250 1386 2316; baseline 0.002 -16"><span class='ocrx_word' id='word_1_216' title='bbox 81 2250 208 2311; x_wconf 90' lang='lat' dir='ltr'><strong>loco,</strong></span> <span class='ocrx_word' id='word_1_217' title='bbox 246 2251 385 2314; x_wconf 89' lang='lat' dir='ltr'><strong>cujus</strong></span> <span class='ocrx_word' id='word_1_218' title='bbox 420 2258 496 2301; x_wconf 88' lang='lat' dir='ltr'><strong>est</strong></span> <span class='ocrx_word' id='word_1_219' title='bbox 530 2253 612 2301; x_wconf 89' lang='lat' dir='ltr'><strong>ille</strong></span> <span class='ocrx_word' id='word_1_220' title='bbox 637 2253 958 2316; x_wconf 84' lang='lat' dir='ltr'><strong>meridianus3</strong></span> <span class='ocrx_word' id='word_1_221' title='bbox 996 2253 1220 2304; x_wconf 89' lang='lat' dir='ltr'><strong>meridies</strong></span> <span class='ocrx_word' id='word_1_222' title='bbox 1259 2254 1386 2303; x_wconf 89' lang='lat' dir='ltr'><strong>enim</strong></span> 
     </span>
     <span class='ocr_line' id='line_1_32' title="bbox 82 2323 1387 2391; baseline 0.003 -19"><span class='ocrx_word' id='word_1_223' title='bbox 82 2338 169 2388; x_wconf 88' lang='lat' dir='ltr'><strong>pro</strong></span> <span class='ocrx_word' id='word_1_224' title='bbox 219 2323 430 2374; x_wconf 83' lang='lat' dir='ltr'><strong>medidie</strong></span> <span class='ocrx_word' id='word_1_225' title='bbox 483 2326 562 2374; x_wconf 88' lang='lat' dir='ltr'><strong>vel</strong></span> <span class='ocrx_word' id='word_1_226' title='bbox 613 2326 775 2386; x_wconf 86' lang='lat' dir='ltr'><strong>media</strong></span> <span class='ocrx_word' id='word_1_227' title='bbox 826 2327 903 2376; x_wconf 91' lang='lat' dir='ltr'><strong>die</strong></span> <span class='ocrx_word' id='word_1_228' title='bbox 945 2335 1226 2391; x_wconf 88' lang='lat' dir='ltr'><strong>usurpatur,</strong></span> <span class='ocrx_word' id='word_1_229' title='bbox 1277 2341 1387 2376; x_wconf 89' lang='lat' dir='ltr'><strong>cum</strong></span> 
     </span>
     <span class='ocr_line' id='line_1_33' title="bbox 82 2395 1389 2463; baseline 0.003 -17"><span class='ocrx_word' id='word_1_230' title='bbox 82 2412 195 2461; x_wconf 86' lang='lat' dir='ltr'><strong>pars</strong></span> <span class='ocrx_word' id='word_1_231' title='bbox 234 2395 332 2447; x_wconf 90' lang='lat' dir='ltr'><strong>diei</strong></span> <span class='ocrx_word' id='word_1_232' title='bbox 370 2405 544 2447; x_wconf 86' lang='lat' dir='ltr'><strong>exacta</strong></span> <span class='ocrx_word' id='word_1_233' title='bbox 581 2400 800 2463; x_wconf 85' lang='lat' dir='ltr'><strong>aequalis</strong></span> <span class='ocrx_word' id='word_1_234' title='bbox 850 2406 922 2450; x_wconf 89' lang='lat' dir='ltr'><strong>est</strong></span> <span class='ocrx_word' id='word_1_235' title='bbox 957 2401 1195 2450; x_wconf 87' lang='lat' dir='ltr'><strong>residuae.</strong></span> <span class='ocrx_word' id='word_1_236' title='bbox 1258 2399 1389 2450; x_wconf 90' lang='lat' dir='ltr'><strong>Hinc</strong></span> 
     </span>
     <span class='ocr_line' id='line_1_34' title="bbox 90 2470 2288 2538; baseline 0 -19"><span class='ocrx_word' id='word_1_237' title='bbox 90 2473 237 2520; x_wconf 84' lang='lat' dir='ltr'><strong>etiam</strong></span> <span class='ocrx_word' id='word_1_238' title='bbox 276 2470 462 2532; x_wconf 89' lang='lat' dir='ltr'><strong>stellae,</strong></span> <span class='ocrx_word' id='word_1_239' title='bbox 502 2486 611 2521; x_wconf 90' lang='lat' dir='ltr'><strong>cum</strong></span> <span class='ocrx_word' id='word_1_240' title='bbox 649 2473 713 2521; x_wconf 86' lang='lat' dir='ltr'><strong>ad</strong></span> <span class='ocrx_word' id='word_1_241' title='bbox 750 2474 879 2523; x_wconf 89' lang='lat' dir='ltr'><strong>hunc</strong></span> <span class='ocrx_word' id='word_1_242' title='bbox 916 2474 1146 2522; x_wconf 90' lang='lat' dir='ltr'><strong>circulum</strong></span> <span class='ocrx_word' id='word_1_243' title='bbox 1185 2474 1521 2538; x_wconf 88' lang='lat' dir='ltr'><strong>applicuerint,</strong></span> <span class='ocrx_word' id='word_1_244' title='bbox 1563 2472 1753 2523; x_wconf 90' lang='lat' dir='ltr'><strong>coelum</strong></span> <span class='ocrx_word' id='word_1_245' title='bbox 1790 2473 2008 2523; x_wconf 87' lang='lat' dir='ltr'><strong>mediare</strong></span> <span class='ocrx_word' id='word_1_246' title='bbox 2049 2472 2288 2523; x_wconf 90' lang='lat' dir='ltr'><strong>dicuntur.</strong></span> 
     </span>
    </p>

    <p class='ocr_par' dir='ltr' id='par_1_18' title="bbox 85 2544 2347 2905">
     <span class='ocr_line' id='line_1_35' title="bbox 233 2544 2342 2611; baseline 0 -18"><span class='ocrx_word' id='word_1_247' title='bbox 233 2544 373 2607; x_wconf 80' lang='lat' dir='ltr'><strong>Quas</strong></span> <span class='ocrx_word' id='word_1_248' title='bbox 420 2547 478 2593; x_wconf 86' lang='lat' dir='ltr'><strong>in</strong></span> <span class='ocrx_word' id='word_1_249' title='bbox 517 2552 692 2607; x_wconf 68' lang='lat' dir='ltr'><strong>partes</strong></span> <span class='ocrx_word' id='word_1_250' title='bbox 739 2548 956 2611; x_wconf 76' lang='lat' dir='ltr'><strong>sphaera</strong></span> <span class='ocrx_word' id='word_1_251' title='bbox 1004 2547 1254 2596; x_wconf 78' lang='lat' dir='ltr'><strong>dividitur</strong></span> <span class='ocrx_word' id='word_1_252' title='bbox 1291 2563 1324 2596; x_wconf 88' lang='lat' dir='ltr'><strong>a</strong></span> <span class='ocrx_word' id='word_1_253' title='bbox 1361 2546 1687 2611; x_wconf 75' lang='lat' dir='ltr'><strong>meridiano?</strong></span> <span class='ocrx_word' id='word_1_254' title='bbox 1738 2546 1794 2595; x_wconf 90' lang='lat' dir='ltr'><strong>In</strong></span> <span class='ocrx_word' id='word_1_255' title='bbox 1837 2546 1933 2606; x_wconf 88' lang='lat' dir='ltr'><strong>duo</strong></span> <span class='ocrx_word' id='word_1_256' title='bbox 1976 2546 2342 2611; x_wconf 89' lang='lat' dir='ltr'><strong>hemisphaeria</strong></span> 
     </span>
     <span class='ocr_line' id='line_1_36' title="bbox 86 2617 2347 2684; baseline 0 -18"><span class='ocrx_word' id='word_1_257' title='bbox 86 2617 165 2666; x_wconf 79' lang='lat' dir='ltr'><strong>vel</strong></span> <span class='ocrx_word' id='word_1_258' title='bbox 204 2618 252 2664; x_wconf 90' lang='lat' dir='ltr'><strong>in</strong></span> <span class='ocrx_word' id='word_1_259' title='bbox 292 2617 757 2683; x_wconf 87' lang='lat' dir='ltr'><strong>hemisphaeriorum</strong></span> <span class='ocrx_word' id='word_1_260' title='bbox 796 2621 859 2670; x_wconf 90' lang='lat' dir='ltr'><strong>ab</strong></span> <span class='ocrx_word' id='word_1_261' title='bbox 897 2620 1146 2670; x_wconf 86' lang='lat' dir='ltr'><strong>horizonte</strong></span> <span class='ocrx_word' id='word_1_262' title='bbox 1185 2623 1556 2671; x_wconf 88' lang='lat' dir='ltr'><strong>constitutorum</strong></span> <span class='ocrx_word' id='word_1_263' title='bbox 1591 2621 1816 2669; x_wconf 86' lang='lat' dir='ltr'><strong>semisses</strong></span> <span class='ocrx_word' id='word_1_264' title='bbox 1855 2634 1941 2670; x_wconf 89' lang='lat' dir='ltr'><strong>seu</strong></span> <span class='ocrx_word' id='word_1_265' title='bbox 1983 2626 2182 2684; x_wconf 88' lang='lat' dir='ltr'><strong>quartas</strong></span> <span class='ocrx_word' id='word_1_266' title='bbox 2221 2618 2347 2669; x_wconf 89' lang='lat' dir='ltr'><strong>coeli</strong></span> 
     </span>
     <span class='ocr_line' id='line_1_37' title="bbox 86 2689 2345 2756; baseline 0 -16"><span class='ocrx_word' id='word_1_267' title='bbox 86 2689 346 2740; x_wconf 86' lang='lat' dir='ltr'><strong>orientales</strong></span> <span class='ocrx_word' id='word_1_268' title='bbox 396 2698 445 2741; x_wconf 90' lang='lat' dir='ltr'><strong>et</strong></span> <span class='ocrx_word' id='word_1_269' title='bbox 484 2692 836 2755; x_wconf 88' lang='lat' dir='ltr'><strong>occidentales,</strong></span> <span class='ocrx_word' id='word_1_270' title='bbox 885 2708 973 2743; x_wconf 88' lang='lat' dir='ltr'><strong>seu</strong></span> <span class='ocrx_word' id='word_1_271' title='bbox 1012 2699 1274 2756; x_wconf 57' lang='lat' dir='ltr'><strong>surgentes&gt;</strong></span> <span class='ocrx_word' id='word_1_272' title='bbox 1304 2701 1353 2744; x_wconf 88' lang='lat' dir='ltr'><strong>et</strong></span> <span class='ocrx_word' id='word_1_273' title='bbox 1390 2694 1634 2744; x_wconf 87' lang='lat' dir='ltr'><strong>cadentes.</strong></span> <span class='ocrx_word' id='word_1_274' title='bbox 1713 2692 1836 2742; x_wconf 87' lang='lat' dir='ltr'><strong>Cum</strong></span> <span class='ocrx_word' id='word_1_275' title='bbox 1872 2695 1999 2744; x_wconf 90' lang='lat' dir='ltr'><strong>enim</strong></span> <span class='ocrx_word' id='word_1_276' title='bbox 2038 2694 2241 2756; x_wconf 79' lang='lat' dir='ltr'><strong>uterque</strong></span> <span class='ocrx_word' id='word_1_277' title='bbox 2280 2694 2345 2741; x_wconf 89' lang='lat' dir='ltr'><strong>sit</strong></span> 
     </span>
     <span class='ocr_line' id='line_1_38' title="bbox 85 2763 2346 2833; baseline 0.001 -21"><span class='ocrx_word' id='word_1_278' title='bbox 85 2764 136 2812; x_wconf 88' lang='lat' dir='ltr'><strong>in</strong></span> <span class='ocrx_word' id='word_1_279' title='bbox 169 2763 454 2826; x_wconf 88' lang='lat' dir='ltr'><strong>meridiano,</strong></span> <span class='ocrx_word' id='word_1_280' title='bbox 492 2765 636 2829; x_wconf 90' lang='lat' dir='ltr'><strong>polus</strong></span> <span class='ocrx_word' id='word_1_281' title='bbox 674 2774 724 2815; x_wconf 87' lang='lat' dir='ltr'><strong>et</strong></span> <span class='ocrx_word' id='word_1_282' title='bbox 760 2772 942 2829; x_wconf 83' lang='lat' dir='ltr'><strong>vertex,</strong></span> <span class='ocrx_word' id='word_1_283' title='bbox 985 2774 1033 2816; x_wconf 87' lang='lat' dir='ltr'><strong>et</strong></span> <span class='ocrx_word' id='word_1_284' title='bbox 1056 2766 1228 2815; x_wconf 86' lang='lat' dir='ltr'><strong>stellae</strong></span> <span class='ocrx_word' id='word_1_285' title='bbox 1269 2768 1396 2816; x_wconf 87' lang='lat' dir='ltr'><strong>circa</strong></span> <span class='ocrx_word' id='word_1_286' title='bbox 1430 2768 1598 2833; x_wconf 91' lang='lat' dir='ltr'><strong>polum</strong></span> <span class='ocrx_word' id='word_1_287' title='bbox 1635 2772 1749 2816; x_wconf 88' lang='lat' dir='ltr'><strong>eant</strong></span> <span class='ocrx_word' id='word_1_288' title='bbox 1773 2766 2082 2829; x_wconf 88' lang='lat' dir='ltr'><strong>circulariter,</strong></span> <span class='ocrx_word' id='word_1_289' title='bbox 2119 2766 2346 2830; x_wconf 88' lang='lat' dir='ltr'><strong>nuspiam</strong></span> 
     </span>
     <span class='ocr_line' id='line_1_39' title="bbox 86 2837 1884 2905; baseline 0.002 -20"><span class='ocrx_word' id='word_1_290' title='bbox 86 2837 234 2901; x_wconf 78' lang='lat' dir='ltr'><strong>igitur</strong></span> <span class='ocrx_word' id='word_1_291' title='bbox 269 2839 365 2886; x_wconf 86' lang='lat' dir='ltr'><strong>nisi</strong></span> <span class='ocrx_word' id='word_1_292' title='bbox 402 2840 450 2886; x_wconf 91' lang='lat' dir='ltr'><strong>in</strong></span> <span class='ocrx_word' id='word_1_293' title='bbox 488 2838 755 2889; x_wconf 89' lang='lat' dir='ltr'><strong>meridiano</strong></span> <span class='ocrx_word' id='word_1_294' title='bbox 794 2839 917 2889; x_wconf 86' lang='lat' dir='ltr'><strong>fiunt</strong></span> <span class='ocrx_word' id='word_1_295' title='bbox 954 2842 1124 2890; x_wconf 84' lang='lat' dir='ltr'><strong>vertici</strong></span> <span class='ocrx_word' id='word_1_296' title='bbox 1161 2842 1428 2905; x_wconf 87' lang='lat' dir='ltr'><strong>propiores,</strong></span> <span class='ocrx_word' id='word_1_297' title='bbox 1469 2841 1518 2889; x_wconf 91' lang='lat' dir='ltr'><strong>id</strong></span> <span class='ocrx_word' id='word_1_298' title='bbox 1557 2845 1631 2890; x_wconf 88' lang='lat' dir='ltr'><strong>est</strong></span> <span class='ocrx_word' id='word_1_299' title='bbox 1668 2839 1884 2890; x_wconf 88' lang='lat' dir='ltr'><strong>altiores.</strong></span> 
     </span>
    </p>
   </div>
   <div class='ocr_carea' id='block_1_16' title="bbox 1411 1514 2334 2444">
    <p class='ocr_par' dir='ltr' id='par_1_19' title="bbox 1411 1514 2334 2444">
     <span class='ocr_line' id='line_1_40' title="bbox 1411 1514 2334 2444; baseline 0 0"><span class='ocrx_word' id='word_1_300' title='bbox 1411 1514 2334 2444; x_wconf 95' lang='lat' dir='ltr'><strong> </strong></span> 
     </span>
    </p>
   </div>
   <div class='ocr_carea' id='block_1_17' title="bbox 87 2910 2346 3270">
    <p class='ocr_par' dir='ltr' id='par_1_20' title="bbox 87 2910 2346 3270">
     <span class='ocr_line' id='line_1_41' title="bbox 238 2910 2346 2981; baseline -0.001 -20"><span class='ocrx_word' id='word_1_301' title='bbox 238 2910 372 2975; x_wconf 78' lang='lat' dir='ltr'><strong>Quot</strong></span> <span class='ocrx_word' id='word_1_302' title='bbox 415 2912 880 2961; x_wconf 77' lang='lat' dir='ltr'><strong>sunt-meridiani?</strong></span> <span class='ocrx_word' id='word_1_303' title='bbox 921 2913 979 2961; x_wconf 90' lang='lat' dir='ltr'><strong>In</strong></span> <span class='ocrx_word' id='word_1_304' title='bbox 1017 2913 1226 2978; x_wconf 89' lang='lat' dir='ltr'><strong>sphaera</strong></span> <span class='ocrx_word' id='word_1_305' title='bbox 1263 2914 1503 2964; x_wconf 86' lang='lat' dir='ltr'><strong>materiali</strong></span> <span class='ocrx_word' id='word_1_306' title='bbox 1539 2913 1834 2962; x_wconf 88' lang='lat' dir='ltr'><strong>meridianus</strong></span> <span class='ocrx_word' id='word_1_307' title='bbox 1873 2917 2125 2975; x_wconf 75' lang='lat' dir='ltr'><strong>unus.est,</strong></span> <span class='ocrx_word' id='word_1_308' title='bbox 2165 2911 2346 2981; x_wconf 84' lang='lat' dir='ltr'><strong>quippe</strong></span> 
     </span>
     <span class='ocr_line' id='line_1_42' title="bbox 87 2982 2346 3052; baseline 0.001 -20"><span class='ocrx_word' id='word_1_309' title='bbox 87 2982 294 3047; x_wconf 79' lang='lat' dir='ltr'><strong>sphaera</strong></span> <span class='ocrx_word' id='word_1_310' title='bbox 331 2984 579 3048; x_wconf 89' lang='lat' dir='ltr'><strong>quaelibet</strong></span> <span class='ocrx_word' id='word_1_311' title='bbox 616 2987 725 3049; x_wconf 87' lang='lat' dir='ltr'><strong>ipsa</strong></span> <span class='ocrx_word' id='word_1_312' title='bbox 761 2986 835 3034; x_wconf 88' lang='lat' dir='ltr'><strong>sui</strong></span> <span class='ocrx_word' id='word_1_313' title='bbox 876 2986 1195 3036; x_wconf 83' lang='lat' dir='ltr'><strong>collocatione</strong></span> <span class='ocrx_word' id='word_1_314' title='bbox 1231 2993 1563 3052; x_wconf 87' lang='lat' dir='ltr'><strong>repraesentat</strong></span> <span class='ocrx_word' id='word_1_315' title='bbox 1600 3000 1749 3034; x_wconf 91' lang='lat' dir='ltr'><strong>unum</strong></span> <span class='ocrx_word' id='word_1_316' title='bbox 1798 2985 2012 3050; x_wconf 90' lang='lat' dir='ltr'><strong>aliquem</strong></span> <span class='ocrx_word' id='word_1_317' title='bbox 2050 2985 2228 3035; x_wconf 87' lang='lat' dir='ltr'><strong>Terrae</strong></span> <span class='ocrx_word' id='word_1_318' title='bbox 2264 2987 2346 3034; x_wconf 94' lang='lat' dir='ltr'><strong>lo-</strong></span> 
     </span>
     <span class='ocr_line' id='line_1_43' title="bbox 90 3057 2346 3126; baseline 0 -19"><span class='ocrx_word' id='word_1_319' title='bbox 90 3070 212 3107; x_wconf 80' lang='lat' dir='ltr'><strong>cum.</strong></span> <span class='ocrx_word' id='word_1_320' title='bbox 289 3058 357 3107; x_wconf 85' lang='lat' dir='ltr'><strong>At</strong></span> <span class='ocrx_word' id='word_1_321' title='bbox 394 3067 616 3123; x_wconf 90' lang='lat' dir='ltr'><strong>respectu</strong></span> <span class='ocrx_word' id='word_1_322' title='bbox 644 3057 869 3119; x_wconf 85' lang='lat' dir='ltr'><strong>Telluris,</strong></span> <span class='ocrx_word' id='word_1_323' title='bbox 909 3073 1017 3109; x_wconf 90' lang='lat' dir='ltr'><strong>cum</strong></span> <span class='ocrx_word' id='word_1_324' title='bbox 1055 3060 1354 3109; x_wconf 85' lang='lat' dir='ltr'><strong>horizontem</strong></span> <span class='ocrx_word' id='word_1_325' title='bbox 1384 3061 1534 3120; x_wconf 85' lang='lat' dir='ltr'><strong>visus,</strong></span> <span class='ocrx_word' id='word_1_326' title='bbox 1573 3058 1894 3107; x_wconf 88' lang='lat' dir='ltr'><strong>meridianum</strong></span> <span class='ocrx_word' id='word_1_327' title='bbox 1920 3057 2151 3110; x_wconf 85' lang='lat' dir='ltr'><strong>verticale</strong></span> <span class='ocrx_word' id='word_1_328' title='bbox 2188 3070 2346 3126; x_wconf 85' lang='lat' dir='ltr'><strong>punc-</strong></span> 
     </span>
     <span class='ocr_line' id='line_1_44' title="bbox 90 3131 2346 3198; baseline 0 -19"><span class='ocrx_word' id='word_1_329' title='bbox 90 3134 192 3179; x_wconf 85' lang='lat' dir='ltr'><strong>tum</strong></span> <span class='ocrx_word' id='word_1_330' title='bbox 229 3133 540 3192; x_wconf 83' lang='lat' dir='ltr'><strong>constituant,</strong></span> <span class='ocrx_word' id='word_1_331' title='bbox 581 3139 654 3180; x_wconf 92' lang='lat' dir='ltr'><strong>tot</strong></span> <span class='ocrx_word' id='word_1_332' title='bbox 690 3138 804 3180; x_wconf 91' lang='lat' dir='ltr'><strong>sunt</strong></span> <span class='ocrx_word' id='word_1_333' title='bbox 831 3133 1102 3194; x_wconf 81' lang='lat' dir='ltr'><strong>meridiani,</strong></span> <span class='ocrx_word' id='word_1_334' title='bbox 1143 3139 1264 3196; x_wconf 88' lang='lat' dir='ltr'><strong>quot</strong></span> <span class='ocrx_word' id='word_1_335' title='bbox 1301 3135 1349 3180; x_wconf 89' lang='lat' dir='ltr'><strong>in</strong></span> <span class='ocrx_word' id='word_1_336' title='bbox 1374 3145 1472 3181; x_wconf 90' lang='lat' dir='ltr'><strong>uno</strong></span> <span class='ocrx_word' id='word_1_337' title='bbox 1511 3131 1689 3181; x_wconf 91' lang='lat' dir='ltr'><strong>circulo</strong></span> <span class='ocrx_word' id='word_1_338' title='bbox 1715 3131 1893 3182; x_wconf 84' lang='lat' dir='ltr'><strong>Terrae</strong></span> <span class='ocrx_word' id='word_1_339' title='bbox 1931 3131 2042 3194; x_wconf 91' lang='lat' dir='ltr'><strong>loci,</strong></span> <span class='ocrx_word' id='word_1_340' title='bbox 2081 3133 2130 3180; x_wconf 89' lang='lat' dir='ltr'><strong>in</strong></span> <span class='ocrx_word' id='word_1_341' title='bbox 2170 3146 2346 3198; x_wconf 88' lang='lat' dir='ltr'><strong>super-</strong></span> 
     </span>
     <span class='ocr_line' id='line_1_45' title="bbox 89 3201 2343 3270; baseline 0.001 -19"><span class='ocrx_word' id='word_1_342' title='bbox 89 3201 196 3253; x_wconf 76' lang='lat' dir='ltr'><strong>ficie</strong></span> <span class='ocrx_word' id='word_1_343' title='bbox 246 3205 414 3253; x_wconf 90' lang='lat' dir='ltr'><strong>mundi</strong></span> <span class='ocrx_word' id='word_1_344' title='bbox 454 3205 706 3255; x_wconf 78' lang='lat' dir='ltr'><strong>verticalis</strong></span> <span class='ocrx_word' id='word_1_345' title='bbox 743 3219 834 3254; x_wconf 88' lang='lat' dir='ltr'><strong>sua</strong></span> <span class='ocrx_word' id='word_1_346' title='bbox 873 3213 1053 3270; x_wconf 85' lang='lat' dir='ltr'><strong>puncta</strong></span> <span class='ocrx_word' id='word_1_347' title='bbox 1090 3206 1354 3267; x_wconf 89' lang='lat' dir='ltr'><strong>habentes,</strong></span> <span class='ocrx_word' id='word_1_348' title='bbox 1403 3205 1496 3255; x_wconf 92' lang='lat' dir='ltr'><strong>hoc</strong></span> <span class='ocrx_word' id='word_1_349' title='bbox 1534 3209 1609 3254; x_wconf 90' lang='lat' dir='ltr'><strong>est</strong></span> <span class='ocrx_word' id='word_1_350' title='bbox 1647 3206 1910 3268; x_wconf 89' lang='lat' dir='ltr'><strong>innumeri,</strong></span> <span class='ocrx_word' id='word_1_351' title='bbox 1962 3205 2140 3270; x_wconf 88' lang='lat' dir='ltr'><strong>quibus</strong></span> <span class='ocrx_word' id='word_1_352' title='bbox 2179 3212 2343 3256; x_wconf 85' lang='lat' dir='ltr'><strong>tamen</strong></span> 
     </span>
    </p>
   </div>
   <div class='ocr_carea' id='block_1_18' title="bbox 18 3267 2346 3344">
    <p class='ocr_par' dir='ltr' id='par_1_21' title="bbox 18 3267 2346 3344">
     <span class='ocr_line' id='line_1_46' title="bbox 18 3267 2346 3344; baseline 0.002 -19"><span class='ocrx_word' id='word_1_353' title='bbox 18 3267 19 3270; x_wconf 47' lang='lat'>&#39;</span> <span class='ocrx_word' id='word_1_354' title='bbox 55 3335 58 3339; x_wconf 23' lang='lat'>¹</span> <span class='ocrx_word' id='word_1_355' title='bbox 91 3276 372 3327; x_wconf 82' lang='lat' dir='ltr'><strong>meridianis</strong></span> <span class='ocrx_word' id='word_1_356' title='bbox 410 3279 636 3328; x_wconf 91' lang='lat' dir='ltr'><strong>omnibus</strong></span> <span class='ocrx_word' id='word_1_357' title='bbox 677 3280 847 3326; x_wconf 89' lang='lat' dir='ltr'><strong>unicus</strong></span> <span class='ocrx_word' id='word_1_358' title='bbox 884 3278 1120 3342; x_wconf 84' lang='lat' dir='ltr'><strong>sphaerae</strong></span> <span class='ocrx_word' id='word_1_359' title='bbox 1158 3278 1454 3327; x_wconf 88' lang='lat' dir='ltr'><strong>meridianus</strong></span> <span class='ocrx_word' id='word_1_360' title='bbox 1493 3277 1585 3341; x_wconf 87' lang='lat' dir='ltr'><strong>(uti</strong></span> <span class='ocrx_word' id='word_1_361' title='bbox 1623 3276 1743 3328; x_wconf 86' lang='lat' dir='ltr'><strong>locis</strong></span> <span class='ocrx_word' id='word_1_362' title='bbox 1782 3280 1902 3344; x_wconf 87' lang='lat' dir='ltr'><strong>ipsis</strong></span> <span class='ocrx_word' id='word_1_363' title='bbox 1942 3279 2164 3329; x_wconf 89' lang='lat' dir='ltr'><strong>omnibus</strong></span> <span class='ocrx_word' id='word_1_364' title='bbox 2202 3281 2346 3329; x_wconf 86' lang='lat' dir='ltr'><strong>unica</strong></span> 
     </span>
    </p>
   </div>
   <div class='ocr_carea' id='block_1_19' title="bbox 91 3348 2342 3416">
    <p class='ocr_par' dir='ltr' id='par_1_22' title="bbox 91 3348 2342 3416">
     <span class='ocr_line' id='line_1_47' title="bbox 91 3348 2342 3416; baseline 0.002 -19"><span class='ocrx_word' id='word_1_365' title='bbox 91 3348 318 3415; x_wconf 85' lang='lat' dir='ltr'><strong>sphaera)</strong></span> <span class='ocrx_word' id='word_1_366' title='bbox 357 3353 611 3402; x_wconf 80' lang='lat' dir='ltr'><strong>satisfacit.</strong></span> <span class='ocrx_word' id='word_1_367' title='bbox 688 3351 967 3416; x_wconf 87' lang='lat' dir='ltr'><strong>Geographi</strong></span> <span class='ocrx_word' id='word_1_368' title='bbox 1008 3353 1307 3400; x_wconf 83' lang='lat' dir='ltr'><strong>constituunt</strong></span> <span class='ocrx_word' id='word_1_369' title='bbox 1342 3364 1430 3416; x_wconf 88' lang='lat' dir='ltr'><strong>pro</strong></span> <span class='ocrx_word' id='word_1_370' title='bbox 1457 3352 1718 3401; x_wconf 89' lang='lat' dir='ltr'><strong>innumeris</strong></span> <span class='ocrx_word' id='word_1_371' title='bbox 1757 3360 1942 3402; x_wconf 83' lang='lat' dir='ltr'><strong>certum</strong></span> <span class='ocrx_word' id='word_1_372' title='bbox 1967 3352 2236 3416; x_wconf 88' lang='lat' dir='ltr'><strong>numerum,</strong></span> <span class='ocrx_word' id='word_1_373' title='bbox 2278 3365 2342 3402; x_wconf 91' lang='lat' dir='ltr'><strong>sc.</strong></span> 
     </span>
    </p>
   </div>
   <div class='ocr_carea' id='block_1_20' title="bbox 22 3423 1975 3490">
    <p class='ocr_par' dir='ltr' id='par_1_23' title="bbox 22 3423 1975 3490">
     <span class='ocr_line' id='line_1_48' title="bbox 22 3423 1975 3490; baseline 0.004 -20"><span class='ocrx_word' id='word_1_374' title='bbox 22 3463 25 3483; x_wconf 37' lang='grc' dir='ltr'>ἰ</span> <span class='ocrx_word' id='word_1_375' title='bbox 101 3423 217 3485; x_wconf 80' lang='lat'><strong>180,</strong></span> <span class='ocrx_word' id='word_1_376' title='bbox 256 3425 435 3486; x_wconf 85' lang='lat' dir='ltr'><strong>quibus</strong></span> <span class='ocrx_word' id='word_1_377' title='bbox 474 3424 699 3474; x_wconf 86' lang='lat' dir='ltr'><strong>dividunt</strong></span> <span class='ocrx_word' id='word_1_378' title='bbox 736 3425 1038 3489; x_wconf 83' lang='lat' dir='ltr'><strong>superficiem</strong></span> <span class='ocrx_word' id='word_1_379' title='bbox 1075 3423 1256 3474; x_wconf 87' lang='lat' dir='ltr'><strong>Terrae</strong></span> <span class='ocrx_word' id='word_1_380' title='bbox 1292 3425 1342 3471; x_wconf 83' lang='lat' dir='ltr'><strong>in</strong></span> <span class='ocrx_word' id='word_1_381' title='bbox 1379 3430 1542 3488; x_wconf 84' lang='lat' dir='ltr'><strong>partes</strong></span> <span class='ocrx_word' id='word_1_382' title='bbox 1583 3425 1687 3474; x_wconf 84' lang='lat'><strong>360</strong></span> <span class='ocrx_word' id='word_1_383' title='bbox 1725 3426 1975 3490; x_wconf 78' lang='lat' dir='ltr'><strong>aequales·</strong></span> 
     </span>
    </p>
   </div>
   <div class='ocr_carea' id='block_1_21' title="bbox 243 3496 2343 3561">
    <p class='ocr_par' dir='ltr' id='par_1_24' title="bbox 243 3496 2343 3561">
     <span class='ocr_line' id='line_1_49' title="bbox 243 3496 2343 3561; baseline 0 -14"><span class='ocrx_word' id='word_1_384' title='bbox 243 3497 508 3561; x_wconf 83' lang='lat' dir='ltr'><strong>Quomodo</strong></span> <span class='ocrx_word' id='word_1_385' title='bbox 545 3500 903 3547; x_wconf 69' lang='lat' dir='ltr'><strong>diem-nuntior</strong></span> <span class='ocrx_word' id='word_1_386' title='bbox 928 3500 967 3546; x_wconf 85' lang='lat' dir='ltr'><strong>ii</strong></span> <span class='ocrx_word' id='word_1_387' title='bbox 1002 3499 1135 3546; x_wconf 75' lang='lat' dir='ltr'><strong>inter</strong></span> <span class='ocrx_word' id='word_1_388' title='bbox 1157 3496 1245 3545; x_wconf 79' lang='lat' dir='ltr'><strong>se?</strong></span> <span class='ocrx_word' id='word_1_389' title='bbox 1280 3497 1634 3548; x_wconf 86' lang='lat' dir='ltr'><strong>Discernuntur</strong></span> <span class='ocrx_word' id='word_1_390' title='bbox 1667 3501 1880 3549; x_wconf 87' lang='lat' dir='ltr'><strong>numeris</strong></span> <span class='ocrx_word' id='word_1_391' title='bbox 1906 3499 1968 3549; x_wconf 88' lang='lat' dir='ltr'><strong>ab</strong></span> <span class='ocrx_word' id='word_1_392' title='bbox 2006 3512 2105 3548; x_wconf 91' lang='lat' dir='ltr'><strong>uno</strong></span> <span class='ocrx_word' id='word_1_393' title='bbox 2133 3497 2200 3557; x_wconf 84' lang='lat' dir='ltr'><strong>ad</strong></span> <span class='ocrx_word' id='word_1_394' title='bbox 2226 3499 2343 3549; x_wconf 91' lang='grc'><strong>180.</strong></span> 
     </span>
    </p>
   </div>
   <div class='ocr_carea' id='block_1_22' title="bbox 26 3565 2345 3768">
    <p class='ocr_par' dir='ltr' id='par_1_25' title="bbox 26 3565 2345 3768">
     <span class='ocr_line' id='line_1_50' title="bbox 26 3565 2345 3638; baseline 0.002 -22"><span class='ocrx_word' id='word_1_395' title='bbox 26 3630 29 3635; x_wconf 90' lang='lat'><strong>.</strong></span> <span class='ocrx_word' id='word_1_396' title='bbox 95 3565 215 3617; x_wconf 90' lang='lat' dir='ltr'><strong>Post</strong></span> <span class='ocrx_word' id='word_1_397' title='bbox 258 3571 457 3619; x_wconf 75' lang='lat' dir='ltr'>180¹¹¹=¹m</span> <span class='ocrx_word' id='word_1_398' title='bbox 491 3571 601 3621; x_wconf 90' lang='lat' dir='ltr'><strong>loca</strong></span> <span class='ocrx_word' id='word_1_399' title='bbox 639 3572 819 3621; x_wconf 86' lang='lat' dir='ltr'><strong>Terrae</strong></span> <span class='ocrx_word' id='word_1_400' title='bbox 868 3573 1083 3635; x_wconf 88' lang='lat' dir='ltr'><strong>proxime</strong></span> <span class='ocrx_word' id='word_1_401' title='bbox 1131 3568 1440 3620; x_wconf 87' lang='lat' dir='ltr'><strong>succedentia</strong></span> <span class='ocrx_word' id='word_1_402' title='bbox 1478 3571 1746 3621; x_wconf 87' lang='lat' dir='ltr'><strong>referuntur</strong></span> <span class='ocrx_word' id='word_1_403' title='bbox 1783 3587 1972 3637; x_wconf 87' lang='lat' dir='ltr'><strong>rursum</strong></span> <span class='ocrx_word' id='word_1_404' title='bbox 2009 3572 2101 3622; x_wconf 93' lang='lat' dir='ltr'><strong>sub</strong></span> <span class='ocrx_word' id='word_1_405' title='bbox 2138 3574 2345 3638; x_wconf 88' lang='lat' dir='ltr'><strong>primum</strong></span> 
     </span>
     <span class='ocr_line' id='line_1_51' title="bbox 27 3641 2345 3710; baseline 0.003 -22"><span class='ocrx_word' id='word_1_406' title='bbox 27 3682 30 3710; x_wconf 37' lang='grc' dir='ltr'>ἶ</span> <span class='ocrx_word' id='word_1_407' title='bbox 95 3641 427 3705; x_wconf 88' lang='lat' dir='ltr'><strong>meridianum,</strong></span> <span class='ocrx_word' id='word_1_408' title='bbox 468 3659 535 3694; x_wconf 92' lang='lat' dir='ltr'><strong>sc.</strong></span> <span class='ocrx_word' id='word_1_409' title='bbox 571 3646 663 3694; x_wconf 93' lang='lat' dir='ltr'><strong>sub</strong></span> <span class='ocrx_word' id='word_1_410' title='bbox 704 3645 809 3708; x_wconf 88' lang='lat' dir='ltr'><strong>ejus</strong></span> <span class='ocrx_word' id='word_1_411' title='bbox 847 3643 1202 3694; x_wconf 88' lang='lat' dir='ltr'><strong>semicirculum</strong></span> <span class='ocrx_word' id='word_1_412' title='bbox 1240 3642 1525 3708; x_wconf 71' lang='lat' dir='ltr'><strong>interiorem,</strong></span> <span class='ocrx_word' id='word_1_413' title='bbox 1564 3646 1822 3695; x_wconf 89' lang='lat' dir='ltr'><strong>autetiam</strong></span> <span class='ocrx_word' id='word_1_414' title='bbox 1862 3648 2145 3696; x_wconf 89' lang='lat' dir='ltr'><strong>continuant</strong></span> <span class='ocrx_word' id='word_1_415' title='bbox 2172 3660 2345 3694; x_wconf 90' lang='lat' dir='ltr'><strong>nume-</strong></span> 
     </span>
     <span class='ocr_line' id='line_1_52' title="bbox 97 3715 1046 3768; baseline 0.005 -8"><span class='ocrx_word' id='word_1_416' title='bbox 97 3715 333 3765; x_wconf 87' lang='lat' dir='ltr'><strong>rationem</strong></span> <span class='ocrx_word' id='word_1_417' title='bbox 372 3718 783 3768; x_wconf 89' lang='lat' dir='ltr'><strong>semicirculorum</strong></span> <span class='ocrx_word' id='word_1_418' title='bbox 823 3717 885 3766; x_wconf 90' lang='lat' dir='ltr'><strong>ad</strong></span> <span class='ocrx_word' id='word_1_419' title='bbox 926 3719 1046 3766; x_wconf 88' lang='grc'><strong>360.</strong></span> 
     </span>
    </p>
   </div>
   <div class='ocr_carea' id='block_1_23' title="bbox 249 3785 2345 3855">
    <p class='ocr_par' dir='ltr' id='par_1_26' title="bbox 249 3785 2345 3855">
     <span class='ocr_line' id='line_1_53' title="bbox 249 3785 2345 3855; baseline -0.001 -17"><span class='ocrx_word' id='word_1_420' title='bbox 249 3786 389 3839; x_wconf 72' lang='lat' dir='ltr'><strong>Unde</strong></span> <span class='ocrx_word' id='word_1_421' title='bbox 429 3790 486 3853; x_wconf 70' lang='grc' dir='ltr'><strong>βε</strong></span> <span class='ocrx_word' id='word_1_422' title='bbox 531 3790 686 3851; x_wconf 81' lang='lat' dir='ltr'><strong>hujus</strong></span> <span class='ocrx_word' id='word_1_423' title='bbox 731 3792 1102 3841; x_wconf 78' lang='lat' dir='ltr'><strong>numerationis</strong></span> <span class='ocrx_word' id='word_1_424' title='bbox 1151 3788 1397 3839; x_wconf 75' lang='lat' dir='ltr'><strong>initium?</strong></span> <span class='ocrx_word' id='word_1_425' title='bbox 1446 3788 1655 3840; x_wconf 88' lang='lat' dir='ltr'><strong>Vetusto</strong></span> <span class='ocrx_word' id='word_1_426' title='bbox 1694 3785 1890 3855; x_wconf 87' lang='lat' dir='ltr'><strong>quidem</strong></span> <span class='ocrx_word' id='word_1_427' title='bbox 1937 3790 2160 3842; x_wconf 84' lang='lat' dir='ltr'><strong>instituto</strong></span> <span class='ocrx_word' id='word_1_428' title='bbox 2199 3789 2345 3839; x_wconf 88' lang='lat' dir='ltr'><strong>meri-</strong></span> 
     </span>
    </p>
   </div>
   <div class='ocr_carea' id='block_1_24' title="bbox 22 3856 2348 3928">
    <p class='ocr_par' dir='ltr' id='par_1_27' title="bbox 22 3856 2348 3928">
     <span class='ocr_line' id='line_1_54' title="bbox 22 3856 2348 3928; baseline 0.001 -20"><span class='ocrx_word' id='word_1_429' title='bbox 22 3862 33 3906; x_wconf 17' lang='grc' dir='ltr'><em>Ἀ</em></span> <span class='ocrx_word' id='word_1_430' title='bbox 98 3856 274 3910; x_wconf 76' lang='lat' dir='ltr'><strong>dianus</strong></span> <span class='ocrx_word' id='word_1_431' title='bbox 308 3861 422 3925; x_wconf 88' lang='lat' dir='ltr'><strong>ille,</strong></span> <span class='ocrx_word' id='word_1_432' title='bbox 461 3865 547 3927; x_wconf 84' lang='lat' dir='ltr'><strong>qui</strong></span> <span class='ocrx_word' id='word_1_433' title='bbox 584 3878 671 3927; x_wconf 89' lang='lat' dir='ltr'><strong>per</strong></span> <span class='ocrx_word' id='word_1_434' title='bbox 706 3862 941 3913; x_wconf 78' lang='lat' dir='ltr'><strong>Canariae</strong></span> <span class='ocrx_word' id='word_1_435' title='bbox 980 3861 1163 3912; x_wconf 87' lang='lat' dir='ltr'><strong>insulas</strong></span> <span class='ocrx_word' id='word_1_436' title='bbox 1199 3865 1248 3911; x_wconf 87' lang='lat' dir='ltr'><strong>in</strong></span> <span class='ocrx_word' id='word_1_437' title='bbox 1287 3874 1470 3914; x_wconf 81' lang='lat' dir='ltr'><strong>oceano</strong></span> <span class='ocrx_word' id='word_1_438' title='bbox 1510 3862 1756 3914; x_wconf 79' lang='lat' dir='ltr'><strong>Atlantico</strong></span> <span class='ocrx_word' id='word_1_439' title='bbox 1793 3865 1986 3927; x_wconf 83' lang='lat' dir='ltr'><strong>transit,</strong></span> <span class='ocrx_word' id='word_1_440' title='bbox 2038 3864 2220 3928; x_wconf 86' lang='lat' dir='ltr'><strong>primus</strong></span> <span class='ocrx_word' id='word_1_441' title='bbox 2254 3860 2348 3911; x_wconf 77' lang='lat' dir='ltr'><strong>suit</strong></span> 
     </span>
    </p>
   </div>
  </div>
 </body>
</html>
