<?xml version="1.0" encoding="UTF-8"?>
<!DOCTYPE html PUBLIC "-//W3C//DTD XHTML 1.0 Transitional//EN"
    "http://www.w3.org/TR/xhtml1/DTD/xhtml1-transitional.dtd">
<html xmlns="http://www.w3.org/1999/xhtml" xml:lang="en" lang="en">
 <head>
  <title>
</title>
<meta http-equiv="Content-Type" content="text/html;charset=utf-8" />
  <meta name='ocr-system' content='tesseract 3.04.00' />
  <meta name='ocr-capabilities' content='ocr_page ocr_carea ocr_par ocr_line ocrx_word'/>
</head>
<body>
  <div class='ocr_page' id='page_1' title='image "./operaomniaedidit06kepluoft_0637.png"; bbox 0 0 2554 4140; ppageno 0'>
   <div class='ocr_carea' id='block_1_1' title="bbox 963 132 2383 192">
    <p class='ocr_par' dir='ltr' id='par_1_1' title="bbox 963 132 2383 192">
     <span class='ocr_line' id='line_1_1' title="bbox 963 132 2383 192; baseline 0.005 -12"><span class='ocrx_word' id='word_1_1' title='bbox 963 135 1192 181; x_wconf 83' lang='lat' dir='ltr'>Praefatio</span> <span class='ocrx_word' id='word_1_2' title='bbox 1225 139 1271 180; x_wconf 91' lang='lat' dir='ltr'>et</span> <span class='ocrx_word' id='word_1_3' title='bbox 1298 132 1550 192; x_wconf 84' lang='lat' dir='ltr'>Epistolae.</span> <span class='ocrx_word' id='word_1_4' title='bbox 2282 134 2383 190; x_wconf 81' lang='lat'>623</span> 
     </span>
    </p>
   </div>
   <div class='ocr_carea' id='block_1_2' title="bbox 2 276 2445 2844">
    <p class='ocr_par' dir='ltr' id='par_1_2' title="bbox 121 276 2443 637">
     <span class='ocr_line' id='line_1_2' title="bbox 125 276 2443 348; baseline -0.001 -18"><span class='ocrx_word' id='word_1_5' title='bbox 125 276 373 334; x_wconf 75' lang='lat' dir='ltr'>sileritium</span> <span class='ocrx_word' id='word_1_6' title='bbox 418 285 608 348; x_wconf 82' lang='lat' dir='ltr'>integra</span> <span class='ocrx_word' id='word_1_7' title='bbox 644 299 839 334; x_wconf 88' lang='lat' dir='ltr'>manere</span> <span class='ocrx_word' id='word_1_8' title='bbox 877 284 1048 347; x_wconf 87' lang='lat' dir='ltr'>velim,</span> <span class='ocrx_word' id='word_1_9' title='bbox 1105 285 1260 335; x_wconf 91' lang='lat' dir='ltr'>donec</span> <span class='ocrx_word' id='word_1_10' title='bbox 1307 286 1442 348; x_wconf 89' lang='lat' dir='ltr'>prius</span> <span class='ocrx_word' id='word_1_11' title='bbox 1480 298 1589 333; x_wconf 91' lang='lat' dir='ltr'>cum</span> <span class='ocrx_word' id='word_1_12' title='bbox 1624 284 1894 333; x_wconf 86' lang='lat' dir='ltr'>Braheanis</span> <span class='ocrx_word' id='word_1_13' title='bbox 1931 280 2226 332; x_wconf 79' lang='lat' dir='ltr'><strong>haeredibus</strong></span> <span class='ocrx_word' id='word_1_14' title='bbox 2267 296 2387 330; x_wconf 90' lang='lat' dir='ltr'>con·</span> <span class='ocrx_word' id='word_1_15' title='bbox 2438 319 2443 324; x_wconf 89' lang='lat'><strong>.</strong></span> 
     </span>
     <span class='ocr_line' id='line_1_3' title="bbox 130 356 2385 422; baseline 0 -20"><span class='ocrx_word' id='word_1_16' title='bbox 130 359 334 408; x_wconf 79' lang='lat' dir='ltr'>veniam.</span> <span class='ocrx_word' id='word_1_17' title='bbox 412 358 633 407; x_wconf 81' lang='lat' dir='ltr'>Turbant</span> <span class='ocrx_word' id='word_1_18' title='bbox 679 359 806 407; x_wconf 92' lang='lat' dir='ltr'>enim</span> <span class='ocrx_word' id='word_1_19' title='bbox 855 358 1099 408; x_wconf 89' lang='lat' dir='ltr'>Braheani</span> <span class='ocrx_word' id='word_1_20' title='bbox 1148 360 1434 422; x_wconf 81' lang='lat' dir='ltr'>agitantque</span> <span class='ocrx_word' id='word_1_21' title='bbox 1481 372 1621 406; x_wconf 90' lang='lat' dir='ltr'>suam</span> <span class='ocrx_word' id='word_1_22' title='bbox 1670 356 2048 416; x_wconf 82' lang='lat' dir='ltr'>dedicationem,</span> <span class='ocrx_word' id='word_1_23' title='bbox 2097 370 2223 419; x_wconf 91' lang='lat' dir='ltr'>quae</span> <span class='ocrx_word' id='word_1_24' title='bbox 2277 369 2385 404; x_wconf 89' lang='lat' dir='ltr'>sero</span> 
     </span>
     <span class='ocr_line' id='line_1_4' title="bbox 123 429 2387 496; baseline -0 -19"><span class='ocrx_word' id='word_1_25' title='bbox 123 429 337 492; x_wconf 86' lang='lat' dir='ltr'>advenit,</span> <span class='ocrx_word' id='word_1_26' title='bbox 378 433 527 480; x_wconf 90' lang='lat' dir='ltr'>etiam</span> <span class='ocrx_word' id='word_1_27' title='bbox 565 431 845 496; x_wconf 86' lang='lat' dir='ltr'>praefigere.</span> <span class='ocrx_word' id='word_1_28' title='bbox 923 431 1246 494; x_wconf 82' lang='lat' dir='ltr'><strong>Quibuscum,</strong></span> <span class='ocrx_word' id='word_1_29' title='bbox 1286 432 1448 480; x_wconf 92' lang='lat' dir='ltr'>Deum</span> <span class='ocrx_word' id='word_1_30' title='bbox 1482 445 1679 494; x_wconf 87' lang='lat' dir='ltr'>precor,</span> <span class='ocrx_word' id='word_1_31' title='bbox 1719 437 1774 479; x_wconf 91' lang='lat' dir='ltr'>ut</span> <span class='ocrx_word' id='word_1_32' title='bbox 1812 430 2062 478; x_wconf 91' lang='lat' dir='ltr'>commode</span> <span class='ocrx_word' id='word_1_33' title='bbox 2101 429 2387 492; x_wconf 84' lang='lat' dir='ltr'>transigam,</span> 
     </span>
     <span class='ocr_line' id='line_1_5' title="bbox 123 501 2429 568; baseline 0 -20"><span class='ocrx_word' id='word_1_34' title='bbox 123 517 183 550; x_wconf 92' lang='lat' dir='ltr'>ne</span> <span class='ocrx_word' id='word_1_35' title='bbox 232 504 448 567; x_wconf 83' lang='lat' dir='ltr'>ineptiae</span> <span class='ocrx_word' id='word_1_36' title='bbox 492 507 709 568; x_wconf 89' lang='lat' dir='ltr'>ipsorum</span> <span class='ocrx_word' id='word_1_37' title='bbox 758 505 1072 568; x_wconf 87' lang='lat' dir='ltr'>propalentur</span> <span class='ocrx_word' id='word_1_38' title='bbox 1123 518 1313 567; x_wconf 86' lang='lat' dir='ltr'>egoque</span> <span class='ocrx_word' id='word_1_39' title='bbox 1362 504 1427 552; x_wconf 91' lang='lat' dir='ltr'>ab</span> <span class='ocrx_word' id='word_1_40' title='bbox 1479 504 1597 567; x_wconf 87' lang='lat' dir='ltr'>ipsis</span> <span class='ocrx_word' id='word_1_41' title='bbox 1635 504 1909 564; x_wconf 83' lang='lat' dir='ltr'>infortunii,</span> <span class='ocrx_word' id='word_1_42' title='bbox 1965 501 2132 566; x_wconf 91' lang='lat' dir='ltr'>quod</span> <span class='ocrx_word' id='word_1_43' title='bbox 2149 501 2241 566; x_wconf 89' lang='lat' dir='ltr'>ipsi</span> <span class='ocrx_word' id='word_1_44' title='bbox 2291 502 2386 550; x_wconf 87' lang='lat' dir='ltr'>sibi</span> <span class='ocrx_word' id='word_1_45' title='bbox 2427 542 2429 544; x_wconf 90' lang='lat'><strong>.</strong></span> 
     </span>
     <span class='ocr_line' id='line_1_6' title="bbox 121 577 1377 637; baseline 0.001 -15"><span class='ocrx_word' id='word_1_46' title='bbox 121 589 208 637; x_wconf 90' lang='lat' dir='ltr'>per</span> <span class='ocrx_word' id='word_1_47' title='bbox 247 591 330 624; x_wconf 89' lang='lat' dir='ltr'>eas</span> <span class='ocrx_word' id='word_1_48' title='bbox 368 583 483 625; x_wconf 89' lang='lat' dir='ltr'>sunt</span> <span class='ocrx_word' id='word_1_49' title='bbox 519 578 787 637; x_wconf 86' lang='lat' dir='ltr'>attracturi,</span> <span class='ocrx_word' id='word_1_50' title='bbox 828 578 1073 627; x_wconf 83' lang='lat' dir='ltr'>conciliati</span> <span class='ocrx_word' id='word_1_51' title='bbox 1110 577 1377 626; x_wconf 86' lang='lat' dir='ltr'>insimuler.</span> 
     </span>
    </p>

    <p class='ocr_par' dir='ltr' id='par_1_3' title="bbox 121 647 2429 1151">
     <span class='ocr_line' id='line_1_7' title="bbox 270 647 2386 713; baseline -0.001 -17"><span class='ocrx_word' id='word_1_52' title='bbox 270 648 342 696; x_wconf 89' lang='grc' dir='ltr'>Ιιι</span> <span class='ocrx_word' id='word_1_53' title='bbox 376 649 613 699; x_wconf 84' lang='lat' dir='ltr'>tradendo</span> <span class='ocrx_word' id='word_1_54' title='bbox 659 650 985 699; x_wconf 87' lang='lat' dir='ltr'>bibliothecae</span> <span class='ocrx_word' id='word_1_55' title='bbox 1031 656 1226 699; x_wconf 86' lang='lat' dir='ltr'>vestrae</span> <span class='ocrx_word' id='word_1_56' title='bbox 1271 647 1536 713; x_wconf 90' lang='lat' dir='ltr'>exemplari</span> <span class='ocrx_word' id='word_1_57' title='bbox 1574 648 1850 708; x_wconf 89' lang='lat' dir='ltr'>considera,</span> <span class='ocrx_word' id='word_1_58' title='bbox 1905 662 2020 696; x_wconf 89' lang='lat' dir='ltr'>num</span> <span class='ocrx_word' id='word_1_59' title='bbox 2068 661 2216 711; x_wconf 85' lang='lat' dir='ltr'>opera</span> <span class='ocrx_word' id='word_1_60' title='bbox 2254 647 2386 696; x_wconf 87' lang='lat' dir='ltr'>D.D</span> 
     </span>
     <span class='ocr_line' id='line_1_8' title="bbox 122 718 2388 786; baseline -0 -17"><span class='ocrx_word' id='word_1_61' title='bbox 122 718 358 769; x_wconf 90' lang='lat' dir='ltr'>Schmidii</span> <span class='ocrx_word' id='word_1_62' title='bbox 393 724 466 771; x_wconf 87' lang='lat' dir='ltr'>uti</span> <span class='ocrx_word' id='word_1_63' title='bbox 503 723 655 783; x_wconf 77' lang='lat' dir='ltr'>velie,</span> <span class='ocrx_word' id='word_1_64' title='bbox 709 738 854 786; x_wconf 90' lang='lat' dir='ltr'>quem</span> <span class='ocrx_word' id='word_1_65' title='bbox 891 723 1197 773; x_wconf 81' lang='lat' dir='ltr'>Francofurti</span> <span class='ocrx_word' id='word_1_66' title='bbox 1243 738 1350 772; x_wconf 90' lang='lat' dir='ltr'>sum</span> <span class='ocrx_word' id='word_1_67' title='bbox 1403 722 1645 771; x_wconf 91' lang='lat' dir='ltr'>allocutus</span> <span class='ocrx_word' id='word_1_68' title='bbox 1695 720 2056 783; x_wconf 84' lang='lat' dir='ltr'>admodumque</span> <span class='ocrx_word' id='word_1_69' title='bbox 2094 719 2388 769; x_wconf 89' lang='lat' dir='ltr'>benevolum</span> 
     </span>
     <span class='ocr_line' id='line_1_9' title="bbox 121 792 2388 864; baseline 0 -25"><span class='ocrx_word' id='word_1_70' title='bbox 121 807 229 841; x_wconf 88' lang='lat' dir='ltr'>sum</span> <span class='ocrx_word' id='word_1_71' title='bbox 268 801 510 858; x_wconf 78' lang='lat' dir='ltr'>expertus,</span> <span class='ocrx_word' id='word_1_72' title='bbox 588 798 753 844; x_wconf 85' lang='lat' dir='ltr'><strong>Ausus</strong></span> <span class='ocrx_word' id='word_1_73' title='bbox 803 798 921 858; x_wconf 88' lang='lat' dir='ltr'>quin</span> <span class='ocrx_word' id='word_1_74' title='bbox 961 798 1107 846; x_wconf 88' lang='lat' dir='ltr'>etiam</span> <span class='ocrx_word' id='word_1_75' title='bbox 1146 802 1220 845; x_wconf 90' lang='lat' dir='ltr'>est</span> <span class='ocrx_word' id='word_1_76' title='bbox 1259 802 1391 845; x_wconf 89' lang='lat' dir='ltr'>certo</span> <span class='ocrx_word' id='word_1_77' title='bbox 1429 795 1548 843; x_wconf 90' lang='lat' dir='ltr'>mihi</span> <span class='ocrx_word' id='word_1_78' title='bbox 1587 796 1895 864; x_wconf 83' lang='lat' dir='ltr'>promittere,</span> <span class='ocrx_word' id='word_1_79' title='bbox 1949 796 2018 854; x_wconf 91' lang='lat' dir='ltr'>si,</span> <span class='ocrx_word' id='word_1_80' title='bbox 2073 792 2203 855; x_wconf 89' lang='lat' dir='ltr'>quod</span> <span class='ocrx_word' id='word_1_81' title='bbox 2242 793 2388 841; x_wconf 91' lang='lat' dir='ltr'>Nori-</span> 
     </span>
     <span class='ocr_line' id='line_1_10' title="bbox 124 866 2389 932; baseline 0 -20"><span class='ocrx_word' id='word_1_82' title='bbox 124 866 387 929; x_wconf 89' lang='lat' dir='ltr'>bergenses</span> <span class='ocrx_word' id='word_1_83' title='bbox 444 870 665 932; x_wconf 86' lang='lat' dir='ltr'>requisiti</span> <span class='ocrx_word' id='word_1_84' title='bbox 725 884 755 917; x_wconf 89' lang='lat' dir='ltr'>a</span> <span class='ocrx_word' id='word_1_85' title='bbox 804 870 1014 918; x_wconf 84' lang='lat' dir='ltr'>Caesare</span> <span class='ocrx_word' id='word_1_86' title='bbox 1067 874 1381 929; x_wconf 84' lang='lat' dir='ltr'>recusarunt,</span> <span class='ocrx_word' id='word_1_87' title='bbox 1443 867 1752 918; x_wconf 87' lang='lat' dir='ltr'>commodare</span> <span class='ocrx_word' id='word_1_88' title='bbox 1806 867 1876 914; x_wconf 86' lang='lat' dir='ltr'>illi</span> <span class='ocrx_word' id='word_1_89' title='bbox 1929 866 1991 915; x_wconf 91' lang='lat' dir='ltr'>ad</span> <span class='ocrx_word' id='word_1_90' title='bbox 2041 880 2177 914; x_wconf 88' lang='lat' dir='ltr'>meas</span> <span class='ocrx_word' id='word_1_91' title='bbox 2214 880 2389 914; x_wconf 86' lang='lat' dir='ltr'>manus</span> 
     </span>
     <span class='ocr_line' id='line_1_11' title="bbox 122 937 2429 1005; baseline 0.001 -21"><span class='ocrx_word' id='word_1_92' title='bbox 122 939 264 988; x_wconf 86' lang='grc'>4000</span> <span class='ocrx_word' id='word_1_93' title='bbox 302 941 430 1002; x_wconf 88' lang='lat' dir='ltr'>flor.,</span> <span class='ocrx_word' id='word_1_94' title='bbox 470 941 604 1004; x_wconf 89' lang='lat' dir='ltr'>quod</span> <span class='ocrx_word' id='word_1_95' title='bbox 642 942 702 991; x_wconf 90' lang='lat' dir='ltr'>de</span> <span class='ocrx_word' id='word_1_96' title='bbox 738 942 914 990; x_wconf 87' lang='lat' dir='ltr'>futuris</span> <span class='ocrx_word' id='word_1_97' title='bbox 955 943 1393 1001; x_wconf 80' lang='lat' dir='ltr'>contributionibus</span> <span class='ocrx_word' id='word_1_98' title='bbox 1430 943 1688 1005; x_wconf 86' lang='lat' dir='ltr'>recipiant,</span> <span class='ocrx_word' id='word_1_99' title='bbox 1737 940 1786 988; x_wconf 91' lang='lat' dir='ltr'>id</span> <span class='ocrx_word' id='word_1_100' title='bbox 1827 954 1919 1003; x_wconf 85' lang='lat' dir='ltr'>ego</span> <span class='ocrx_word' id='word_1_101' title='bbox 1965 940 2013 986; x_wconf 92' lang='lat' dir='ltr'>in</span> <span class='ocrx_word' id='word_1_102' title='bbox 2054 939 2217 1002; x_wconf 87' lang='lat' dir='ltr'>plures</span> <span class='ocrx_word' id='word_1_103' title='bbox 2257 937 2390 987; x_wconf 86' lang='lat' dir='ltr'>divi·</span> <span class='ocrx_word' id='word_1_104' title='bbox 2422 955 2429 964; x_wconf 93' lang='lat'>·</span> 
     </span>
     <span class='ocr_line' id='line_1_12' title="bbox 123 1009 2389 1078; baseline 0.001 -19"><span class='ocrx_word' id='word_1_105' title='bbox 123 1009 235 1061; x_wconf 90' lang='lat' dir='ltr'>dere</span> <span class='ocrx_word' id='word_1_106' title='bbox 277 1015 488 1077; x_wconf 91' lang='lat' dir='ltr'>possim,</span> <span class='ocrx_word' id='word_1_107' title='bbox 536 1020 900 1078; x_wconf 88' lang='lat' dir='ltr'>repraesentata</span> <span class='ocrx_word' id='word_1_108' title='bbox 940 1015 1379 1077; x_wconf 89' lang='lat' dir='ltr'>Argentinensibus</span> <span class='ocrx_word' id='word_1_109' title='bbox 1425 1017 1668 1078; x_wconf 86' lang='lat' dir='ltr'>quitantia</span> <span class='ocrx_word' id='word_1_110' title='bbox 1716 1014 1949 1078; x_wconf 83' lang='lat' dir='ltr'>praefecti</span> <span class='ocrx_word' id='word_1_111' title='bbox 1996 1013 2169 1062; x_wconf 87' lang='lat' dir='ltr'>aerarii</span> <span class='ocrx_word' id='word_1_112' title='bbox 2209 1011 2389 1076; x_wconf 73' lang='lat' dir='ltr'>Imper-</span> 
     </span>
     <span class='ocr_line' id='line_1_13' title="bbox 124 1087 1560 1151; baseline 0.004 -19"><span class='ocrx_word' id='word_1_113' title='bbox 124 1099 210 1148; x_wconf 91' lang='lat' dir='ltr'>pro</span> <span class='ocrx_word' id='word_1_114' title='bbox 252 1087 357 1135; x_wconf 82' lang='lat'>200</span> <span class='ocrx_word' id='word_1_115' title='bbox 397 1088 476 1136; x_wconf 86' lang='lat' dir='ltr'>vel</span> <span class='ocrx_word' id='word_1_116' title='bbox 516 1089 623 1137; x_wconf 91' lang='grc'>300</span> <span class='ocrx_word' id='word_1_117' title='bbox 663 1088 877 1148; x_wconf 90' lang='lat' dir='ltr'>thaleris,</span> <span class='ocrx_word' id='word_1_118' title='bbox 916 1090 1050 1151; x_wconf 90' lang='lat' dir='ltr'>ipsos</span> <span class='ocrx_word' id='word_1_119' title='bbox 1087 1089 1207 1136; x_wconf 88' lang='lat' dir='ltr'>mihi</span> <span class='ocrx_word' id='word_1_120' title='bbox 1245 1103 1340 1136; x_wconf 92' lang='lat' dir='ltr'>non</span> <span class='ocrx_word' id='word_1_121' title='bbox 1382 1087 1560 1138; x_wconf 88' lang='lat' dir='ltr'>defore.</span> 
     </span>
    </p>

    <p class='ocr_par' dir='ltr' id='par_1_4' title="bbox 126 1159 2391 1355">
     <span class='ocr_line' id='line_1_14' title="bbox 268 1159 2389 1224; baseline -0.001 -17"><span class='ocrx_word' id='word_1_122' title='bbox 268 1159 477 1221; x_wconf 87' lang='lat' dir='ltr'>Ignosce</span> <span class='ocrx_word' id='word_1_123' title='bbox 515 1175 700 1224; x_wconf 87' lang='lat' dir='ltr'>quaeso</span> <span class='ocrx_word' id='word_1_124' title='bbox 740 1160 970 1209; x_wconf 86' lang='lat' dir='ltr'>brevitati</span> <span class='ocrx_word' id='word_1_125' title='bbox 1008 1176 1178 1222; x_wconf 82' lang='lat' dir='ltr'>meae3</span> <span class='ocrx_word' id='word_1_126' title='bbox 1228 1176 1396 1210; x_wconf 89' lang='lat' dir='ltr'>omnes</span> <span class='ocrx_word' id='word_1_127' title='bbox 1437 1175 1559 1223; x_wconf 90' lang='lat' dir='ltr'>quos</span> <span class='ocrx_word' id='word_1_128' title='bbox 1598 1160 1716 1208; x_wconf 89' lang='lat' dir='ltr'>mihi</span> <span class='ocrx_word' id='word_1_129' title='bbox 1755 1160 2018 1208; x_wconf 84' lang='lat' dir='ltr'>nominasti</span> <span class='ocrx_word' id='word_1_130' title='bbox 2057 1173 2087 1206; x_wconf 90' lang='lat' dir='ltr'>a</span> <span class='ocrx_word' id='word_1_131' title='bbox 2125 1171 2202 1206; x_wconf 91' lang='lat' dir='ltr'>me</span> <span class='ocrx_word' id='word_1_132' title='bbox 2241 1172 2389 1221; x_wconf 91' lang='lat' dir='ltr'>quam</span> 
     </span>
     <span class='ocr_line' id='line_1_15' title="bbox 126 1230 2391 1298; baseline 0.001 -20"><span class='ocrx_word' id='word_1_133' title='bbox 126 1230 478 1282; x_wconf 87' lang='lat' dir='ltr'>officiosissime</span> <span class='ocrx_word' id='word_1_134' title='bbox 517 1234 679 1283; x_wconf 89' lang='lat' dir='ltr'>saluta</span> <span class='ocrx_word' id='word_1_135' title='bbox 716 1239 765 1282; x_wconf 91' lang='lat' dir='ltr'>et</span> <span class='ocrx_word' id='word_1_136' title='bbox 801 1233 928 1282; x_wconf 86' lang='lat' dir='ltr'>vale.</span> <span class='ocrx_word' id='word_1_137' title='bbox 1006 1233 1187 1298; x_wconf 88' lang='lat' dir='ltr'>Scripsi</span> <span class='ocrx_word' id='word_1_138' title='bbox 1227 1233 1400 1283; x_wconf 90' lang='lat' dir='ltr'>Ulmae</span> <span class='ocrx_word' id='word_1_139' title='bbox 1442 1235 1577 1290; x_wconf 83' lang='lat' dir='ltr'><strong>9s19.</strong></span> <span class='ocrx_word' id='word_1_140' title='bbox 1618 1233 1745 1283; x_wconf 85' lang='lat' dir='ltr'><strong>Nov.</strong></span> <span class='ocrx_word' id='word_1_141' title='bbox 1792 1235 1944 1282; x_wconf 81' lang='lat'><strong>1627.</strong></span> <span class='ocrx_word' id='word_1_142' title='bbox 1985 1232 2207 1295; x_wconf 87' lang='lat' dir='ltr'>proxima</span> <span class='ocrx_word' id='word_1_143' title='bbox 2245 1245 2391 1280; x_wconf 90' lang='lat' dir='ltr'>occa-</span> 
     </span>
     <span class='ocr_line' id='line_1_16' title="bbox 127 1305 979 1355; baseline 0.004 -3"><span class='ocrx_word' id='word_1_144' title='bbox 127 1305 265 1354; x_wconf 88' lang='lat' dir='ltr'>sione</span> <span class='ocrx_word' id='word_1_145' title='bbox 305 1306 604 1355; x_wconf 86' lang='lat' dir='ltr'>discessurus</span> <span class='ocrx_word' id='word_1_146' title='bbox 642 1307 979 1355; x_wconf 88' lang='lat' dir='ltr'>Ratisbonam.</span> 
     </span>
    </p>

    <p class='ocr_par' dir='ltr' id='par_1_5' title="bbox 115 1372 2393 1961">
     <span class='ocr_line' id='line_1_17' title="bbox 292 1372 2392 1434; baseline -0.001 -15"><span class='ocrx_word' id='word_1_147' title='bbox 292 1375 699 1432; x_wconf 87' lang='lat' dir='ltr'>Berneggerus</span> <span class='ocrx_word' id='word_1_148' title='bbox 741 1376 999 1432; x_wconf 89' lang='lat' dir='ltr'>Keplero</span> <span class='ocrx_word' id='word_1_149' title='bbox 1043 1376 1085 1420; x_wconf 90' lang='lat' dir='ltr'>S</span> <span class='ocrx_word' id='word_1_150' title='bbox 1123 1377 1170 1420; x_wconf 90' lang='lat' dir='ltr'>P.</span> <span class='ocrx_word' id='word_1_151' title='bbox 1213 1377 1271 1434; x_wconf 90' lang='lat' dir='ltr'>D.</span> <span class='ocrx_word' id='word_1_152' title='bbox 1334 1376 1514 1421; x_wconf 89' lang='lat' dir='ltr'>Summe</span> <span class='ocrx_word' id='word_1_153' title='bbox 1555 1375 1640 1429; x_wconf 87' lang='lat' dir='ltr'>vir,</span> <span class='ocrx_word' id='word_1_154' title='bbox 1688 1374 1827 1419; x_wconf 92' lang='lat' dir='ltr'>nolim</span> <span class='ocrx_word' id='word_1_155' title='bbox 1868 1379 2003 1430; x_wconf 88' lang='lat' dir='ltr'>putes</span> <span class='ocrx_word' id='word_1_156' title='bbox 2042 1373 2214 1418; x_wconf 90' lang='lat' dir='ltr'>factum</span> <span class='ocrx_word' id='word_1_157' title='bbox 2251 1372 2392 1430; x_wconf 86' lang='lat' dir='ltr'>negli-</span> 
     </span>
     <span class='ocr_line' id='line_1_18' title="bbox 122 1433 2391 1517; baseline 0 -35"><span class='ocrx_word' id='word_1_158' title='bbox 122 1433 276 1496; x_wconf 84' lang='lat' dir='ltr'>gentia</span> <span class='ocrx_word' id='word_1_159' title='bbox 305 1453 428 1503; x_wconf 82' lang='lat' dir='ltr'>mea,</span> <span class='ocrx_word' id='word_1_160' title='bbox 471 1449 523 1486; x_wconf 90' lang='lat' dir='ltr'>ut</span> <span class='ocrx_word' id='word_1_161' title='bbox 559 1440 733 1486; x_wconf 88' lang='lat' dir='ltr'>tardius</span> <span class='ocrx_word' id='word_1_162' title='bbox 774 1441 831 1485; x_wconf 91' lang='lat' dir='ltr'>ad</span> <span class='ocrx_word' id='word_1_163' title='bbox 870 1447 974 1486; x_wconf 86' lang='lat' dir='ltr'>tuas</span> <span class='ocrx_word' id='word_1_164' title='bbox 1012 1454 1283 1517; x_wconf 82' lang='lat' dir='ltr'>responsum</span> <span class='ocrx_word' id='word_1_165' title='bbox 1316 1440 1529 1497; x_wconf 87' lang='lat' dir='ltr'>accipias</span> <span class='ocrx_word' id='word_1_166' title='bbox 1563 1441 1741 1485; x_wconf 85' lang='lat' dir='ltr'>Causa</span> <span class='ocrx_word' id='word_1_167' title='bbox 1777 1440 1967 1484; x_wconf 88' lang='lat' dir='ltr'>morbus</span> <span class='ocrx_word' id='word_1_168' title='bbox 2000 1438 2086 1484; x_wconf 87' lang='lat' dir='ltr'>fuit</span> <span class='ocrx_word' id='word_1_169' title='bbox 2116 1453 2225 1485; x_wconf 89' lang='lat' dir='ltr'>sane</span> <span class='ocrx_word' id='word_1_170' title='bbox 2256 1453 2391 1497; x_wconf 89' lang='lat' dir='ltr'>quam</span> 
     </span>
     <span class='ocr_line' id='line_1_19' title="bbox 120 1505 2390 1564; baseline 0.001 -16"><span class='ocrx_word' id='word_1_171' title='bbox 120 1505 405 1559; x_wconf 89' lang='lat' dir='ltr'>periculosus</span> <span class='ocrx_word' id='word_1_172' title='bbox 446 1520 499 1551; x_wconf 90' lang='lat' dir='ltr'>ac</span> <span class='ocrx_word' id='word_1_173' title='bbox 539 1508 649 1551; x_wconf 90' lang='lat' dir='ltr'>mihi</span> <span class='ocrx_word' id='word_1_174' title='bbox 679 1522 822 1564; x_wconf 85' lang='lat' dir='ltr'>prope</span> <span class='ocrx_word' id='word_1_175' title='bbox 852 1508 1029 1562; x_wconf 86' lang='lat' dir='ltr'>fatalis,</span> <span class='ocrx_word' id='word_1_176' title='bbox 1072 1506 1149 1564; x_wconf 90' lang='lat' dir='ltr'>qui</span> <span class='ocrx_word' id='word_1_177' title='bbox 1178 1521 1250 1552; x_wconf 90' lang='lat' dir='ltr'>me</span> <span class='ocrx_word' id='word_1_178' title='bbox 1282 1507 1388 1552; x_wconf 92' lang='lat' dir='ltr'>dum</span> <span class='ocrx_word' id='word_1_179' title='bbox 1420 1508 1478 1552; x_wconf 90' lang='lat' dir='ltr'>ad</span> <span class='ocrx_word' id='word_1_180' title='bbox 1507 1511 1610 1552; x_wconf 90' lang='lat' dir='ltr'>tuas</span> <span class='ocrx_word' id='word_1_181' title='bbox 1642 1519 1864 1563; x_wconf 88' lang='lat' dir='ltr'>responsa</span> <span class='ocrx_word' id='word_1_182' title='bbox 1902 1506 2117 1560; x_wconf 91' lang='lat' dir='ltr'>meditor,</span> <span class='ocrx_word' id='word_1_183' title='bbox 2160 1506 2390 1563; x_wconf 89' lang='lat' dir='ltr'>corripuit.</span> 
     </span>
     <span class='ocr_line' id='line_1_20' title="bbox 117 1571 2391 1632; baseline 0 -17"><span class='ocrx_word' id='word_1_184' title='bbox 117 1571 250 1616; x_wconf 86' lang='lat' dir='ltr'>Nunc</span> <span class='ocrx_word' id='word_1_185' title='bbox 287 1571 394 1616; x_wconf 92' lang='lat' dir='ltr'>dum</span> <span class='ocrx_word' id='word_1_186' title='bbox 433 1580 616 1630; x_wconf 86' lang='lat' dir='ltr'>praeter</span> <span class='ocrx_word' id='word_1_187' title='bbox 656 1588 782 1631; x_wconf 91' lang='lat' dir='ltr'>spem</span> <span class='ocrx_word' id='word_1_188' title='bbox 824 1589 878 1620; x_wconf 90' lang='lat' dir='ltr'>ac</span> <span class='ocrx_word' id='word_1_189' title='bbox 917 1576 1011 1620; x_wconf 89' lang='lat' dir='ltr'>fere</span> <span class='ocrx_word' id='word_1_190' title='bbox 1040 1581 1224 1632; x_wconf 88' lang='lat' dir='ltr'>praeter</span> <span class='ocrx_word' id='word_1_191' title='bbox 1253 1580 1407 1619; x_wconf 89' lang='lat' dir='ltr'>votum</span> <span class='ocrx_word' id='word_1_192' title='bbox 1449 1575 1574 1632; x_wconf 87' lang='lat' dir='ltr'>(quis</span> <span class='ocrx_word' id='word_1_193' title='bbox 1606 1573 1721 1618; x_wconf 90' lang='lat' dir='ltr'>enim</span> <span class='ocrx_word' id='word_1_194' title='bbox 1754 1574 1802 1618; x_wconf 90' lang='lat' dir='ltr'>in</span> <span class='ocrx_word' id='word_1_195' title='bbox 1830 1574 1919 1616; x_wconf 92' lang='lat' dir='ltr'>hoc</span> <span class='ocrx_word' id='word_1_196' title='bbox 1949 1572 2035 1616; x_wconf 89' lang='lat' dir='ltr'>tali</span> <span class='ocrx_word' id='word_1_197' title='bbox 2064 1585 2175 1617; x_wconf 85' lang='lat' dir='ltr'>aevo</span> <span class='ocrx_word' id='word_1_198' title='bbox 2207 1585 2391 1629; x_wconf 87' lang='lat' dir='ltr'>magno-</span> 
     </span>
     <span class='ocr_line' id='line_1_21' title="bbox 118 1638 2390 1698; baseline 0.001 -17"><span class='ocrx_word' id='word_1_199' title='bbox 118 1650 228 1693; x_wconf 89' lang='lat' dir='ltr'>pere</span> <span class='ocrx_word' id='word_1_200' title='bbox 269 1639 408 1684; x_wconf 85' lang='lat' dir='ltr'>vitam</span> <span class='ocrx_word' id='word_1_201' title='bbox 449 1642 681 1698; x_wconf 65' lang='lat' dir='ltr'>expetat‘R)</span> <span class='ocrx_word' id='word_1_202' title='bbox 725 1655 749 1686; x_wconf 93' lang='lat' dir='ltr'>e</span> <span class='ocrx_word' id='word_1_203' title='bbox 787 1643 943 1687; x_wconf 93' lang='lat' dir='ltr'>morbo</span> <span class='ocrx_word' id='word_1_204' title='bbox 985 1647 1142 1698; x_wconf 88' lang='lat' dir='ltr'>erepto</span> <span class='ocrx_word' id='word_1_205' title='bbox 1173 1642 1319 1698; x_wconf 89' lang='lat' dir='ltr'>prima</span> <span class='ocrx_word' id='word_1_206' title='bbox 1349 1642 1459 1686; x_wconf 91' lang='lat' dir='ltr'>mihi</span> <span class='ocrx_word' id='word_1_207' title='bbox 1490 1655 1598 1686; x_wconf 89' lang='lat' dir='ltr'>cura</span> <span class='ocrx_word' id='word_1_208' title='bbox 1629 1641 1717 1685; x_wconf 88' lang='lat' dir='ltr'>fuit</span> <span class='ocrx_word' id='word_1_209' title='bbox 1747 1640 1887 1688; x_wconf 85' lang='lat' dir='ltr'>scire,</span> <span class='ocrx_word' id='word_1_210' title='bbox 1927 1640 2037 1695; x_wconf 91' lang='lat' dir='ltr'>quid</span> <span class='ocrx_word' id='word_1_211' title='bbox 2079 1640 2170 1683; x_wconf 89' lang='lat' dir='ltr'>tuis</span> <span class='ocrx_word' id='word_1_212' title='bbox 2203 1638 2390 1684; x_wconf 83' lang='lat' dir='ltr'>Tabulis</span> 
     </span>
     <span class='ocr_line' id='line_1_22' title="bbox 120 1701 2391 1763; baseline 0.002 -18"><span class='ocrx_word' id='word_1_213' title='bbox 120 1701 424 1759; x_wconf 88' lang='lat' dir='ltr'>Rudolphinis</span> <span class='ocrx_word' id='word_1_214' title='bbox 465 1711 638 1760; x_wconf 80' lang='lat' dir='ltr'>agatur,</span> <span class='ocrx_word' id='word_1_215' title='bbox 710 1707 828 1763; x_wconf 89' lang='lat' dir='ltr'>Ipsis</span> <span class='ocrx_word' id='word_1_216' title='bbox 869 1707 1076 1751; x_wconf 85' lang='lat' dir='ltr'>Januarii</span> <span class='ocrx_word' id='word_1_217' title='bbox 1119 1708 1328 1752; x_wconf 88' lang='lat' dir='ltr'>Calendis</span> <span class='ocrx_word' id='word_1_218' title='bbox 1366 1713 1592 1752; x_wconf 88' lang='lat' dir='ltr'>mercator</span> <span class='ocrx_word' id='word_1_219' title='bbox 1630 1706 1813 1762; x_wconf 87' lang='lat' dir='ltr'>quidam</span> <span class='ocrx_word' id='word_1_220' title='bbox 1854 1706 2119 1762; x_wconf 86' lang='lat' dir='ltr'>(Ulmensis,</span> <span class='ocrx_word' id='word_1_221' title='bbox 2163 1711 2215 1750; x_wconf 89' lang='lat' dir='ltr'>ut</span> <span class='ocrx_word' id='word_1_222' title='bbox 2255 1709 2391 1762; x_wconf 79' lang='lat' dir='ltr'>puto)</span> 
     </span>
     <span class='ocr_line' id='line_1_23' title="bbox 118 1767 2390 1830; baseline 0.004 -21"><span class='ocrx_word' id='word_1_223' title='bbox 118 1767 226 1811; x_wconf 89' lang='lat' dir='ltr'>mihi</span> <span class='ocrx_word' id='word_1_224' title='bbox 255 1772 507 1821; x_wconf 72' lang='lat' dir='ltr'>transmisit</span> <span class='ocrx_word' id='word_1_225' title='bbox 552 1772 821 1818; x_wconf 89' lang='lat' dir='ltr'>fasciculum</span> <span class='ocrx_word' id='word_1_226' title='bbox 863 1775 915 1819; x_wconf 91' lang='lat'>10</span> <span class='ocrx_word' id='word_1_227' title='bbox 946 1773 1270 1830; x_wconf 80' lang='lat' dir='ltr'>exemplarium</span> <span class='ocrx_word' id='word_1_228' title='bbox 1301 1772 1525 1829; x_wconf 90' lang='lat' dir='ltr'>petiitque</span> <span class='ocrx_word' id='word_1_229' title='bbox 1555 1786 1638 1829; x_wconf 88' lang='lat' dir='ltr'>pro</span> <span class='ocrx_word' id='word_1_230' title='bbox 1673 1777 1858 1816; x_wconf 88' lang='lat' dir='ltr'>vectura</span> <span class='ocrx_word' id='word_1_231' title='bbox 1888 1773 1945 1816; x_wconf 83' lang='lat'>12</span> <span class='ocrx_word' id='word_1_232' title='bbox 1978 1773 2138 1829; x_wconf 90' lang='lat' dir='ltr'>bacos,</span> <span class='ocrx_word' id='word_1_233' title='bbox 2182 1770 2288 1815; x_wconf 92' lang='lat' dir='ltr'>tulit</span> <span class='ocrx_word' id='word_1_234' title='bbox 2321 1774 2390 1817; x_wconf 85' lang='lat'>10.</span> 
     </span>
     <span class='ocr_line' id='line_1_24' title="bbox 115 1834 2385 1896; baseline 0.003 -21"><span class='ocrx_word' id='word_1_235' title='bbox 115 1836 214 1879; x_wconf 78' lang='lat' dir='ltr'>Non</span> <span class='ocrx_word' id='word_1_236' title='bbox 244 1834 441 1890; x_wconf 84' lang='lat' dir='ltr'>fuerunt,</span> <span class='ocrx_word' id='word_1_237' title='bbox 473 1842 525 1880; x_wconf 91' lang='lat' dir='ltr'>ut</span> <span class='ocrx_word' id='word_1_238' title='bbox 557 1837 754 1882; x_wconf 88' lang='lat' dir='ltr'>scribere</span> <span class='ocrx_word' id='word_1_239' title='bbox 785 1846 831 1884; x_wconf 88' lang='lat' dir='ltr'>te</span> <span class='ocrx_word' id='word_1_240' title='bbox 852 1839 1048 1895; x_wconf 90' lang='lat' dir='ltr'>memini,</span> <span class='ocrx_word' id='word_1_241' title='bbox 1080 1839 1256 1895; x_wconf 85' lang='lat' dir='ltr'>diversi,</span> <span class='ocrx_word' id='word_1_242' title='bbox 1290 1839 1371 1884; x_wconf 92' lang='lat' dir='ltr'>sed</span> <span class='ocrx_word' id='word_1_243' title='bbox 1401 1838 1606 1894; x_wconf 87' lang='lat' dir='ltr'>ejusdem</span> <span class='ocrx_word' id='word_1_244' title='bbox 1639 1838 1830 1896; x_wconf 87' lang='lat' dir='ltr'>generis,</span> <span class='ocrx_word' id='word_1_245' title='bbox 1863 1838 2013 1883; x_wconf 89' lang='lat' dir='ltr'>omnia</span> <span class='ocrx_word' id='word_1_246' title='bbox 2043 1851 2107 1882; x_wconf 91' lang='lat' dir='ltr'>sc.</span> <span class='ocrx_word' id='word_1_247' title='bbox 2141 1850 2198 1881; x_wconf 88' lang='lat' dir='ltr'>ex</span> <span class='ocrx_word' id='word_1_248' title='bbox 2227 1837 2385 1882; x_wconf 88' lang='lat' dir='ltr'>viliore</span> 
     </span>
     <span class='ocr_line' id='line_1_25' title="bbox 122 1899 2393 1963; baseline 0.002 -21"><span class='ocrx_word' id='word_1_249' title='bbox 122 1899 303 1944; x_wconf 84' lang='lat' dir='ltr'>charta:</span> <span class='ocrx_word' id='word_1_250' title='bbox 337 1901 459 1956; x_wconf 93' lang='lat' dir='ltr'>quod</span> <span class='ocrx_word' id='word_1_251' title='bbox 493 1903 718 1958; x_wconf 89' lang='lat' dir='ltr'>quomodo</span> <span class='ocrx_word' id='word_1_252' title='bbox 748 1909 999 1960; x_wconf 88' lang='lat' dir='ltr'>peccatum,</span> <span class='ocrx_word' id='word_1_253' title='bbox 1030 1905 1197 1963; x_wconf 88' lang='lat' dir='ltr'>nescio,</span> <span class='ocrx_word' id='word_1_254' title='bbox 1229 1905 1316 1949; x_wconf 90' lang='lat' dir='ltr'>nisi</span> <span class='ocrx_word' id='word_1_255' title='bbox 1350 1904 1472 1960; x_wconf 91' lang='lat' dir='ltr'>quod</span> <span class='ocrx_word' id='word_1_256' title='bbox 1502 1904 1722 1961; x_wconf 89' lang='lat' dir='ltr'>suspicor,</span> <span class='ocrx_word' id='word_1_257' title='bbox 1754 1901 2129 1958; x_wconf 87' lang='lat' dir='ltr'>Noribergenses,</span> <span class='ocrx_word' id='word_1_258' title='bbox 2162 1902 2238 1958; x_wconf 82' lang='lat' dir='ltr'>qui</span> <span class='ocrx_word' id='word_1_259' title='bbox 2260 1908 2393 1959; x_wconf 84' lang='lat' dir='ltr'>typos</span> 
     </span>
    </p>

    <p class='ocr_par' dir='ltr' id='par_1_6' title="bbox 2 1967 2394 2226">
     <span class='ocr_line' id='line_1_26' title="bbox 2 1967 2394 2030; baseline 0.003 -24"><span class='ocrx_word' id='word_1_260' title='bbox 2 1982 23 2018; x_wconf 59' lang='grc' dir='ltr'>,ι</span> <span class='ocrx_word' id='word_1_261' title='bbox 121 1976 179 2007; x_wconf 86' lang='lat' dir='ltr'>ex</span> <span class='ocrx_word' id='word_1_262' title='bbox 218 1976 322 2009; x_wconf 86' lang='lat' dir='ltr'>aere</span> <span class='ocrx_word' id='word_1_263' title='bbox 360 1972 483 2011; x_wconf 89' lang='lat' dir='ltr'>recte</span> <span class='ocrx_word' id='word_1_264' title='bbox 523 1967 819 2024; x_wconf 83' lang='lat' dir='ltr'>addiderunt,</span> <span class='ocrx_word' id='word_1_265' title='bbox 868 1970 1079 2030; x_wconf 79' lang='lat' dir='ltr'>exempla</span> <span class='ocrx_word' id='word_1_266' title='bbox 1107 1969 1346 2014; x_wconf 88' lang='lat' dir='ltr'>mundiora</span> <span class='ocrx_word' id='word_1_267' title='bbox 1376 1970 1462 2015; x_wconf 89' lang='lat' dir='ltr'>sibi</span> <span class='ocrx_word' id='word_1_268' title='bbox 1495 1982 1721 2025; x_wconf 87' lang='lat' dir='ltr'>servasse,</span> <span class='ocrx_word' id='word_1_269' title='bbox 1762 1968 1852 2012; x_wconf 88' lang='lat' dir='ltr'>alia</span> <span class='ocrx_word' id='word_1_270' title='bbox 1880 1982 1963 2026; x_wconf 85' lang='lat' dir='ltr'>per</span> <span class='ocrx_word' id='word_1_271' title='bbox 1993 1967 2199 2012; x_wconf 83' lang='lat' dir='ltr'>fraudem</span> <span class='ocrx_word' id='word_1_272' title='bbox 2229 1968 2394 2014; x_wconf 88' lang='lat' dir='ltr'>substi-</span> 
     </span>
     <span class='ocr_line' id='line_1_27' title="bbox 120 2029 2394 2092; baseline 0.003 -19"><span class='ocrx_word' id='word_1_273' title='bbox 120 2029 280 2075; x_wconf 88' lang='lat' dir='ltr'>tuisse</span> <span class='ocrx_word' id='word_1_274' title='bbox 341 2031 555 2088; x_wconf 88' lang='lat' dir='ltr'>Alioquin</span> <span class='ocrx_word' id='word_1_275' title='bbox 601 2047 710 2079; x_wconf 90' lang='lat' dir='ltr'>sane</span> <span class='ocrx_word' id='word_1_276' title='bbox 752 2035 1033 2089; x_wconf 86' lang='lat' dir='ltr'>maluissem,</span> <span class='ocrx_word' id='word_1_277' title='bbox 1079 2036 1168 2080; x_wconf 91' lang='lat' dir='ltr'>ista</span> <span class='ocrx_word' id='word_1_278' title='bbox 1197 2035 1286 2079; x_wconf 93' lang='lat' dir='ltr'>duo</span> <span class='ocrx_word' id='word_1_279' title='bbox 1319 2035 1618 2092; x_wconf 85' lang='lat' dir='ltr'>exemplaria,</span> <span class='ocrx_word' id='word_1_280' title='bbox 1659 2049 1851 2092; x_wconf 88' lang='lat' dir='ltr'>quorum</span> <span class='ocrx_word' id='word_1_281' title='bbox 1883 2034 2077 2078; x_wconf 88' lang='lat' dir='ltr'>alterum</span> <span class='ocrx_word' id='word_1_282' title='bbox 2108 2033 2394 2079; x_wconf 83' lang='lat' dir='ltr'>academicae</span> 
     </span>
     <span class='ocr_line' id='line_1_28' title="bbox 115 2095 2391 2158; baseline 0.002 -18"><span class='ocrx_word' id='word_1_283' title='bbox 115 2095 421 2142; x_wconf 84' lang='lat' dir='ltr'>bibliothecae</span> <span class='ocrx_word' id='word_1_284' title='bbox 450 2112 535 2155; x_wconf 89' lang='lat' dir='ltr'>per</span> <span class='ocrx_word' id='word_1_285' title='bbox 570 2100 754 2156; x_wconf 86' lang='lat' dir='ltr'>magnif.</span> <span class='ocrx_word' id='word_1_286' title='bbox 796 2108 1032 2154; x_wconf 89' lang='lat' dir='ltr'>rectorem</span> <span class='ocrx_word' id='word_1_287' title='bbox 1065 2101 1259 2146; x_wconf 90' lang='lat' dir='ltr'>alterum</span> <span class='ocrx_word' id='word_1_288' title='bbox 1291 2102 1410 2146; x_wconf 91' lang='lat' dir='ltr'>Duci</span> <span class='ocrx_word' id='word_1_289' title='bbox 1441 2100 1791 2158; x_wconf 87' lang='lat' dir='ltr'>Luneburgensi</span> <span class='ocrx_word' id='word_1_290' title='bbox 1822 2114 1905 2157; x_wconf 90' lang='lat' dir='ltr'>per</span> <span class='ocrx_word' id='word_1_291' title='bbox 1935 2101 1991 2145; x_wconf 96' lang='lat' dir='ltr'><strong>D</strong></span> <span class='ocrx_word' id='word_1_292' title='bbox 2016 2099 2282 2145; x_wconf 84' lang='lat' dir='ltr'>Clutenium</span> <span class='ocrx_word' id='word_1_293' title='bbox 2314 2099 2391 2144; x_wconf 92' lang='lat' dir='ltr'>ob-</span> 
     </span>
     <span class='ocr_line' id='line_1_29' title="bbox 103 2162 2061 2226; baseline 0.002 -20.039"><span class='ocrx_word' id='word_1_294' title='bbox 103 2162 220 2218; x_wconf 89' lang='lat' dir='ltr'>tuli,</span> <span class='ocrx_word' id='word_1_295' title='bbox 253 2163 427 2207; x_wconf 87' lang='lat' dir='ltr'>meliori</span> <span class='ocrx_word' id='word_1_296' title='bbox 457 2165 618 2210; x_wconf 86' lang='lat' dir='ltr'>charta</span> <span class='ocrx_word' id='word_1_297' title='bbox 650 2171 881 2223; x_wconf 74' lang='lat' dir='ltr'>constare,</span> <span class='ocrx_word' id='word_1_298' title='bbox 918 2181 1189 2224; x_wconf 88' lang='lat' dir='ltr'>quamquam</span> <span class='ocrx_word' id='word_1_299' title='bbox 1220 2169 1292 2212; x_wconf 90' lang='lat' dir='ltr'>vel</span> <span class='ocrx_word' id='word_1_300' title='bbox 1324 2168 1388 2212; x_wconf 88' lang='lat' dir='ltr'>sic</span> <span class='ocrx_word' id='word_1_301' title='bbox 1420 2174 1550 2226; x_wconf 87' lang='lat' dir='ltr'>grata</span> <span class='ocrx_word' id='word_1_302' title='bbox 1581 2168 1734 2213; x_wconf 84' lang='lat' dir='ltr'>futura</span> <span class='ocrx_word' id='word_1_303' title='bbox 1765 2181 1856 2211; x_wconf 92' lang='lat' dir='ltr'>non</span> <span class='ocrx_word' id='word_1_304' title='bbox 1889 2167 2061 2212; x_wconf 79' lang='lat' dir='ltr'>dubito,</span> 
     </span>
    </p>

    <p class='ocr_par' dir='ltr' id='par_1_7' title="bbox 28 2229 2445 2831">
     <span class='ocr_line' id='line_1_30' title="bbox 290 2229 2394 2291; baseline 0 -18"><span class='ocrx_word' id='word_1_305' title='bbox 290 2229 450 2286; x_wconf 87' lang='lat' dir='ltr'>Nuper</span> <span class='ocrx_word' id='word_1_306' title='bbox 479 2231 630 2276; x_wconf 87' lang='lat' dir='ltr'>audivi</span> <span class='ocrx_word' id='word_1_307' title='bbox 660 2246 687 2276; x_wconf 90' lang='lat' dir='ltr'>a</span> <span class='ocrx_word' id='word_1_308' title='bbox 716 2237 893 2276; x_wconf 86' lang='lat' dir='ltr'>rectore</span> <span class='ocrx_word' id='word_1_309' title='bbox 925 2239 970 2278; x_wconf 90' lang='lat' dir='ltr'>et</span> <span class='ocrx_word' id='word_1_310' title='bbox 1001 2233 1198 2291; x_wconf 85' lang='lat' dir='ltr'>decanis,</span> <span class='ocrx_word' id='word_1_311' title='bbox 1229 2233 1308 2290; x_wconf 91' lang='lat' dir='ltr'>qui</span> <span class='ocrx_word' id='word_1_312' title='bbox 1332 2234 1460 2289; x_wconf 89' lang='lat' dir='ltr'>quasi</span> <span class='ocrx_word' id='word_1_313' title='bbox 1491 2233 1716 2290; x_wconf 86' lang='lat' dir='ltr'>privatum</span> <span class='ocrx_word' id='word_1_314' title='bbox 1739 2232 1997 2278; x_wconf 86' lang='lat' dir='ltr'>academiae</span> <span class='ocrx_word' id='word_1_315' title='bbox 2029 2230 2267 2277; x_wconf 88' lang='lat' dir='ltr'>consilium</span> <span class='ocrx_word' id='word_1_316' title='bbox 2289 2244 2394 2275; x_wconf 90' lang='lat' dir='ltr'>con-</span> 
     </span>
     <span class='ocr_line' id='line_1_31' title="bbox 27 2285 2445 2364; baseline 0.001 -26.001"><span class='ocrx_word' id='word_1_317' title='bbox 27 2285 35 2347; x_wconf 47' lang='grc' dir='ltr'>ᾖ</span> <span class='ocrx_word' id='word_1_318' title='bbox 119 2293 325 2351; x_wconf 89' lang='lat' dir='ltr'>stituunt,</span> <span class='ocrx_word' id='word_1_319' title='bbox 363 2297 591 2343; x_wconf 88' lang='lat' dir='ltr'>decretum</span> <span class='ocrx_word' id='word_1_320' title='bbox 622 2297 705 2343; x_wconf 91' lang='lat' dir='ltr'>tibi</span> <span class='ocrx_word' id='word_1_321' title='bbox 747 2296 1007 2356; x_wconf 72' lang='grc' dir='ltr'><strong>ἀντιδωρον,</strong></span> <span class='ocrx_word' id='word_1_322' title='bbox 1049 2299 1307 2356; x_wconf 88' lang='lat' dir='ltr'>imperiales</span> <span class='ocrx_word' id='word_1_323' title='bbox 1332 2300 1540 2364; x_wconf 64' lang='lat' dir='ltr'>‘thaleros</span> <span class='ocrx_word' id='word_1_324' title='bbox 1575 2314 1672 2346; x_wconf 86' lang='lat' dir='ltr'>sex.</span> <span class='ocrx_word' id='word_1_325' title='bbox 1733 2301 1790 2345; x_wconf 92' lang='lat' dir='ltr'>D.</span> <span class='ocrx_word' id='word_1_326' title='bbox 1826 2300 2061 2345; x_wconf 91' lang='lat' dir='ltr'>Clutenius</span> <span class='ocrx_word' id='word_1_327' title='bbox 2092 2312 2151 2343; x_wconf 91' lang='lat' dir='ltr'>an</span> <span class='ocrx_word' id='word_1_328' title='bbox 2180 2297 2397 2355; x_wconf 87' lang='lat' dir='ltr'>principis</span> <span class='ocrx_word' id='word_1_329' title='bbox 2438 2309 2445 2317; x_wconf 69' lang='lat'><strong><em>¹</em></strong></span> 
     </span>
     <span class='ocr_line' id='line_1_32' title="bbox 8 2356 2395 2423; baseline 0.003 -20.054"><span class='ocrx_word' id='word_1_330' title='bbox 8 2356 42 2414; x_wconf 60' lang='lat' dir='ltr'>i</span> <span class='ocrx_word' id='word_1_331' title='bbox 118 2359 189 2404; x_wconf 91' lang='lat' dir='ltr'>sui</span> <span class='ocrx_word' id='word_1_332' title='bbox 217 2359 495 2407; x_wconf 84' lang='lat' dir='ltr'>voluntatem</span> <span class='ocrx_word' id='word_1_333' title='bbox 526 2371 573 2409; x_wconf 91' lang='lat' dir='ltr'>et</span> <span class='ocrx_word' id='word_1_334' title='bbox 597 2364 820 2421; x_wconf 84' lang='lat' dir='ltr'>judicium</span> <span class='ocrx_word' id='word_1_335' title='bbox 853 2372 1200 2422; x_wconf 87' lang='lat' dir='ltr'>exspectaturus</span> <span class='ocrx_word' id='word_1_336' title='bbox 1242 2366 1313 2422; x_wconf 89' lang='lat' dir='ltr'>sit,</span> <span class='ocrx_word' id='word_1_337' title='bbox 1354 2372 1407 2411; x_wconf 91' lang='lat' dir='ltr'>ut</span> <span class='ocrx_word' id='word_1_338' title='bbox 1445 2366 1640 2423; x_wconf 87' lang='lat' dir='ltr'>primum</span> <span class='ocrx_word' id='word_1_339' title='bbox 1672 2380 1773 2411; x_wconf 91' lang='lat' dir='ltr'>eum</span> <span class='ocrx_word' id='word_1_340' title='bbox 1806 2365 2069 2411; x_wconf 90' lang='lat' dir='ltr'>conveniam</span> <span class='ocrx_word' id='word_1_341' title='bbox 2110 2376 2395 2420; x_wconf 83' lang='lat' dir='ltr'>cognoscam.</span> 
     </span>
     <span class='ocr_line' id='line_1_33' title="bbox 10 2417 2391 2532; baseline 0.003 -62.054"><span class='ocrx_word' id='word_1_342' title='bbox 10 2417 44 2532; x_wconf 59' lang='grc' dir='ltr'><em>Ξ</em></span> <span class='ocrx_word' id='word_1_343' title='bbox 121 2426 330 2471; x_wconf 88' lang='lat' dir='ltr'>Ceterum</span> <span class='ocrx_word' id='word_1_344' title='bbox 362 2430 638 2486; x_wconf 85' lang='lat' dir='ltr'>exemplaria</span> <span class='ocrx_word' id='word_1_345' title='bbox 667 2431 784 2475; x_wconf 89' lang='lat' dir='ltr'>binis</span> <span class='ocrx_word' id='word_1_346' title='bbox 815 2431 1121 2488; x_wconf 89' lang='lat' dir='ltr'>imperialibus</span> <span class='ocrx_word' id='word_1_347' title='bbox 1153 2433 1442 2479; x_wconf 90' lang='lat' dir='ltr'>redemerunt</span> <span class='ocrx_word' id='word_1_348' title='bbox 1472 2435 1526 2478; x_wconf 94' lang='lat' dir='ltr'><strong>D</strong></span> <span class='ocrx_word' id='word_1_349' title='bbox 1559 2433 1873 2491; x_wconf 89' lang='lat' dir='ltr'>Habrechtus,</span> <span class='ocrx_word' id='word_1_350' title='bbox 1905 2434 1969 2478; x_wconf 92' lang='lat' dir='ltr'>M.</span> <span class='ocrx_word' id='word_1_351' title='bbox 2001 2431 2257 2488; x_wconf 89' lang='lat' dir='ltr'>Malleolus,</span> <span class='ocrx_word' id='word_1_352' title='bbox 2291 2444 2391 2478; x_wconf 86' lang='lat' dir='ltr'>aca-</span> 
     </span>
     <span class='ocr_line' id='line_1_34' title="bbox 16 2689 50 2801; baseline 0 0"><span class='ocrx_word' id='word_1_353' title='bbox 16 2689 50 2801; x_wconf 69' lang='grc' dir='ltr'><strong>ξ</strong></span> 
     </span>
     <span class='ocr_line' id='line_1_35' title="bbox 28 2809 53 2844; baseline 0 -24"><span class='ocrx_word' id='word_1_354' title='bbox 28 2809 53 2844; x_wconf 98' lang='grc'>,</span> 
     </span>
    </p>
   </div>
   <div class='ocr_carea' id='block_1_3' title="bbox 16 2055 40 2115">
    <p class='ocr_par' dir='ltr' id='par_1_8' title="bbox 16 2055 40 2115">
     <span class='ocr_line' id='line_1_36' title="bbox 16 2055 30 2084; baseline 0 -6"><span class='ocrx_word' id='word_1_355' title='bbox 16 2055 30 2084; x_wconf 65' lang='grc' dir='ltr'>ι</span> 
     </span>
     <span class='ocr_line' id='line_1_37' title="bbox 16 2086 40 2115; baseline 0 -8"><span class='ocrx_word' id='word_1_356' title='bbox 16 2086 40 2115; x_wconf 61' lang='grc' dir='ltr'><strong>ῃ</strong></span> 
     </span>
    </p>
   </div>
   <div class='ocr_carea' id='block_1_4' title="bbox 122 2490 2397 3211">
    <p class='ocr_par' dir='ltr' id='par_1_9' title="bbox 122 2490 2397 2881">
     <span class='ocr_line' id='line_1_38' title="bbox 122 2490 2394 2556; baseline 0.003 -22"><span class='ocrx_word' id='word_1_357' title='bbox 122 2490 269 2536; x_wconf 88' lang='lat' dir='ltr'>demia</span> <span class='ocrx_word' id='word_1_358' title='bbox 297 2493 588 2551; x_wconf 86' lang='lat' dir='ltr'>Basiliensis,</span> <span class='ocrx_word' id='word_1_359' title='bbox 628 2496 691 2541; x_wconf 92' lang='lat' dir='ltr'><strong>M</strong></span> <span class='ocrx_word' id='word_1_360' title='bbox 726 2496 992 2554; x_wconf 89' lang='lat' dir='ltr'>Welperus,</span> <span class='ocrx_word' id='word_1_361' title='bbox 1027 2498 1082 2542; x_wconf 88' lang='lat' dir='ltr'>D.</span> <span class='ocrx_word' id='word_1_362' title='bbox 1114 2498 1309 2554; x_wconf 85' lang='lat' dir='ltr'>Agerius</span> <span class='ocrx_word' id='word_1_363' title='bbox 1340 2511 1493 2554; x_wconf 88' lang='lat' dir='ltr'>unum,</span> <span class='ocrx_word' id='word_1_364' title='bbox 1528 2498 1659 2554; x_wconf 85' lang='lat' dir='ltr'>cujus</span> <span class='ocrx_word' id='word_1_365' title='bbox 1690 2499 1885 2556; x_wconf 86' lang='lat' dir='ltr'>pretium</span> <span class='ocrx_word' id='word_1_366' title='bbox 1918 2499 1982 2544; x_wconf 90' lang='lat' dir='ltr'>ait</span> <span class='ocrx_word' id='word_1_367' title='bbox 2011 2504 2184 2555; x_wconf 90' lang='lat' dir='ltr'>patrem</span> <span class='ocrx_word' id='word_1_368' title='bbox 2218 2497 2394 2542; x_wconf 87' lang='lat' dir='ltr'>convic-</span> 
     </span>
     <span class='ocr_line' id='line_1_39' title="bbox 126 2533 2396 2618; baseline 0.001 -16"><span class='ocrx_word' id='word_1_369' title='bbox 126 2558 239 2603; x_wconf 91' lang='lat' dir='ltr'>toris</span> <span class='ocrx_word' id='word_1_370' title='bbox 270 2557 342 2602; x_wconf 89' lang='lat' dir='ltr'>sui</span> <span class='ocrx_word' id='word_1_371' title='bbox 363 2557 424 2602; x_wconf 92' lang='lat' dir='ltr'>M.</span> <span class='ocrx_word' id='word_1_372' title='bbox 456 2559 581 2604; x_wconf 84' lang='lat' dir='ltr'>Petri</span> <span class='ocrx_word' id='word_1_373' title='bbox 610 2561 784 2605; x_wconf 88' lang='lat' dir='ltr'>Huberi</span> <span class='ocrx_word' id='word_1_374' title='bbox 813 2560 972 2607; x_wconf 86' lang='lat' dir='ltr'>Ulmae</span> <span class='ocrx_word' id='word_1_375' title='bbox 1005 2562 1257 2607; x_wconf 88' lang='lat' dir='ltr'>soluturum</span> <span class='ocrx_word' id='word_1_376' title='bbox 1290 2575 1405 2607; x_wconf 89' lang='lat' dir='ltr'>esse.</span> <span class='ocrx_word' id='word_1_377' title='bbox 1465 2533 1523 2608; x_wconf 79' lang='lat' dir='ltr'>D.</span> <span class='ocrx_word' id='word_1_378' title='bbox 1556 2564 1750 2618; x_wconf 88' lang='lat' dir='ltr'>Remus,</span> <span class='ocrx_word' id='word_1_379' title='bbox 1792 2563 2139 2608; x_wconf 87' lang='lat' dir='ltr'>mathematicus</span> <span class='ocrx_word' id='word_1_380' title='bbox 2170 2561 2396 2605; x_wconf 91' lang='lat' dir='ltr'>Archidu-</span> 
     </span>
     <span class='ocr_line' id='line_1_40' title="bbox 124 2623 2397 2685; baseline 0.001 -17"><span class='ocrx_word' id='word_1_381' title='bbox 124 2623 249 2679; x_wconf 79' lang='lat' dir='ltr'>caliS,</span> <span class='ocrx_word' id='word_1_382' title='bbox 283 2623 419 2667; x_wconf 90' lang='lat' dir='ltr'>etiam</span> <span class='ocrx_word' id='word_1_383' title='bbox 450 2624 635 2681; x_wconf 86' lang='lat' dir='ltr'>aliquod</span> <span class='ocrx_word' id='word_1_384' title='bbox 666 2632 880 2683; x_wconf 87' lang='lat' dir='ltr'>expetere</span> <span class='ocrx_word' id='word_1_385' title='bbox 913 2627 1103 2685; x_wconf 89' lang='lat' dir='ltr'>dicitur,</span> <span class='ocrx_word' id='word_1_386' title='bbox 1146 2632 1420 2684; x_wconf 86' lang='lat' dir='ltr'>quamquam</span> <span class='ocrx_word' id='word_1_387' title='bbox 1451 2628 1496 2673; x_wconf 89' lang='lat' dir='ltr'>id</span> <span class='ocrx_word' id='word_1_388' title='bbox 1527 2629 1730 2673; x_wconf 89' lang='lat' dir='ltr'>nondum</span> <span class='ocrx_word' id='word_1_389' title='bbox 1761 2642 1788 2673; x_wconf 91' lang='lat' dir='ltr'>a</span> <span class='ocrx_word' id='word_1_390' title='bbox 1818 2642 1889 2673; x_wconf 93' lang='lat' dir='ltr'>me</span> <span class='ocrx_word' id='word_1_391' title='bbox 1918 2628 2142 2685; x_wconf 88' lang='lat' dir='ltr'>poposcit.</span> <span class='ocrx_word' id='word_1_392' title='bbox 2201 2627 2397 2671; x_wconf 84' lang='lat' dir='ltr'>Restant</span> 
     </span>
     <span class='ocr_line' id='line_1_41' title="bbox 128 2690 2397 2751; baseline 0 -17"><span class='ocrx_word' id='word_1_393' title='bbox 128 2690 278 2734; x_wconf 89' lang='lat' dir='ltr'>adhuc</span> <span class='ocrx_word' id='word_1_394' title='bbox 309 2691 587 2747; x_wconf 86' lang='lat' dir='ltr'>exemplaria</span> <span class='ocrx_word' id='word_1_395' title='bbox 618 2692 732 2741; x_wconf 92' lang='lat' dir='ltr'>duo,</span> <span class='ocrx_word' id='word_1_396' title='bbox 779 2693 943 2748; x_wconf 90' lang='lat' dir='ltr'>quibus</span> <span class='ocrx_word' id='word_1_397' title='bbox 977 2699 1170 2738; x_wconf 89' lang='lat' dir='ltr'>emtores</span> <span class='ocrx_word' id='word_1_398' title='bbox 1201 2693 1334 2738; x_wconf 84' lang='lat' dir='ltr'>facile</span> <span class='ocrx_word' id='word_1_399' title='bbox 1364 2694 1602 2751; x_wconf 85' lang='lat' dir='ltr'>reperiam.</span> <span class='ocrx_word' id='word_1_400' title='bbox 1665 2693 1782 2750; x_wconf 76' lang='lat' dir='ltr'>Quid</span> <span class='ocrx_word' id='word_1_401' title='bbox 1814 2707 1952 2750; x_wconf 89' lang='lat' dir='ltr'>porro</span> <span class='ocrx_word' id='word_1_402' title='bbox 1985 2692 2040 2737; x_wconf 91' lang='lat' dir='ltr'>de</span> <span class='ocrx_word' id='word_1_403' title='bbox 2071 2690 2265 2748; x_wconf 87' lang='lat' dir='ltr'>pecunia</span> <span class='ocrx_word' id='word_1_404' title='bbox 2296 2703 2397 2735; x_wconf 91' lang='lat' dir='ltr'>cum</span> 
     </span>
     <span class='ocr_line' id='line_1_42' title="bbox 123 2757 2391 2815; baseline 0.001 -16"><span class='ocrx_word' id='word_1_405' title='bbox 123 2761 323 2811; x_wconf 86' lang='lat' dir='ltr'>accepta,</span> <span class='ocrx_word' id='word_1_406' title='bbox 352 2761 450 2801; x_wconf 91' lang='lat' dir='ltr'>tum</span> <span class='ocrx_word' id='word_1_407' title='bbox 480 2758 750 2815; x_wconf 89' lang='lat' dir='ltr'>academica,</span> <span class='ocrx_word' id='word_1_408' title='bbox 782 2773 919 2815; x_wconf 89' lang='lat' dir='ltr'>quam</span> <span class='ocrx_word' id='word_1_409' title='bbox 949 2759 1135 2815; x_wconf 87' lang='lat' dir='ltr'>singulis</span> <span class='ocrx_word' id='word_1_410' title='bbox 1167 2760 1403 2805; x_wconf 87' lang='lat' dir='ltr'>momentis</span> <span class='ocrx_word' id='word_1_411' title='bbox 1435 2760 1604 2804; x_wconf 87' lang='lat' dir='ltr'>habere</span> <span class='ocrx_word' id='word_1_412' title='bbox 1633 2763 1808 2815; x_wconf 88' lang='lat' dir='ltr'>potero,</span> <span class='ocrx_word' id='word_1_413' title='bbox 1841 2757 2133 2804; x_wconf 85' lang='lat' dir='ltr'>statuendum</span> <span class='ocrx_word' id='word_1_414' title='bbox 2165 2757 2235 2811; x_wconf 89' lang='lat' dir='ltr'>sit,</span> <span class='ocrx_word' id='word_1_415' title='bbox 2266 2761 2391 2802; x_wconf 87' lang='lat' dir='ltr'>tuam</span> 
     </span>
     <span class='ocr_line' id='line_1_43' title="bbox 125 2820 1769 2881; baseline 0.002 -17"><span class='ocrx_word' id='word_1_416' title='bbox 125 2820 395 2867; x_wconf 87' lang='lat' dir='ltr'>sententiam</span> <span class='ocrx_word' id='word_1_417' title='bbox 428 2830 670 2881; x_wconf 85' lang='lat' dir='ltr'>exspecto.</span> <span class='ocrx_word' id='word_1_418' title='bbox 696 2857 739 2869; x_wconf 81' lang='lat'>..</span> <span class='ocrx_word' id='word_1_419' title='bbox 762 2857 775 2869; x_wconf 89' lang='lat'>.</span> <span class='ocrx_word' id='word_1_420' title='bbox 795 2859 806 2870; x_wconf 92' lang='lat'>.</span> <span class='ocrx_word' id='word_1_421' title='bbox 839 2858 849 2867; x_wconf 88' lang='lat'>.</span> <span class='ocrx_word' id='word_1_422' title='bbox 894 2823 1020 2869; x_wconf 83' lang='lat' dir='ltr'>Vale.</span> <span class='ocrx_word' id='word_1_423' title='bbox 1052 2824 1288 2879; x_wconf 87' lang='lat' dir='ltr'>Argentor.</span> <span class='ocrx_word' id='word_1_424' title='bbox 1323 2824 1439 2879; x_wconf 66' lang='lat'><strong>3113.</strong></span> <span class='ocrx_word' id='word_1_425' title='bbox 1472 2825 1606 2869; x_wconf 87' lang='lat' dir='ltr'>Febr.</span> <span class='ocrx_word' id='word_1_426' title='bbox 1646 2824 1769 2869; x_wconf 73' lang='lat'><strong>1628.</strong></span> 
     </span>
    </p>

    <p class='ocr_par' dir='ltr' id='par_1_10' title="bbox 125 2885 2397 3207">
     <span class='ocr_line' id='line_1_44' title="bbox 298 2885 2397 2947; baseline -0.001 -12"><span class='ocrx_word' id='word_1_427' title='bbox 298 2890 394 2935; x_wconf 89' lang='lat' dir='ltr'>Has</span> <span class='ocrx_word' id='word_1_428' title='bbox 424 2890 580 2936; x_wconf 85' lang='lat' dir='ltr'>literas</span> <span class='ocrx_word' id='word_1_429' title='bbox 613 2891 770 2936; x_wconf 90' lang='lat' dir='ltr'>eodem</span> <span class='ocrx_word' id='word_1_430' title='bbox 801 2890 1008 2947; x_wconf 86' lang='lat' dir='ltr'>exemplo</span> <span class='ocrx_word' id='word_1_431' title='bbox 1040 2890 1142 2934; x_wconf 91' lang='lat' dir='ltr'>misi</span> <span class='ocrx_word' id='word_1_432' title='bbox 1172 2891 1378 2947; x_wconf 84' lang='lat' dir='ltr'>Pragam,</span> <span class='ocrx_word' id='word_1_433' title='bbox 1412 2890 1491 2934; x_wconf 89' lang='lat' dir='ltr'>ubi</span> <span class='ocrx_word' id='word_1_434' title='bbox 1521 2903 1640 2933; x_wconf 90' lang='lat' dir='ltr'>nunc</span> <span class='ocrx_word' id='word_1_435' title='bbox 1672 2903 1805 2945; x_wconf 88' lang='lat' dir='ltr'>agere</span> <span class='ocrx_word' id='word_1_436' title='bbox 1837 2894 1881 2933; x_wconf 90' lang='lat' dir='ltr'>tc</span> <span class='ocrx_word' id='word_1_437' title='bbox 1905 2888 2125 2944; x_wconf 86' lang='lat' dir='ltr'>suspicor,</span> <span class='ocrx_word' id='word_1_438' title='bbox 2158 2893 2209 2931; x_wconf 93' lang='lat' dir='ltr'>ut</span> <span class='ocrx_word' id='word_1_439' title='bbox 2225 2885 2397 2932; x_wconf 84' lang='lat' dir='ltr'>alterae</span> 
     </span>
     <span class='ocr_line' id='line_1_45' title="bbox 125 2949 2395 3011; baseline -0.001 -13"><span class='ocrx_word' id='word_1_440' title='bbox 125 2952 283 2999; x_wconf 86' lang='lat' dir='ltr'>saltem</span> <span class='ocrx_word' id='word_1_441' title='bbox 321 2956 379 3000; x_wconf 88' lang='lat' dir='ltr'>ad</span> <span class='ocrx_word' id='word_1_442' title='bbox 415 2964 462 3001; x_wconf 90' lang='lat' dir='ltr'>te</span> <span class='ocrx_word' id='word_1_443' title='bbox 504 2957 702 3002; x_wconf 84' lang='lat' dir='ltr'>veniant.</span> <span class='ocrx_word' id='word_1_444' title='bbox 762 2957 837 3001; x_wconf 83' lang='lat' dir='ltr'>Ex</span> <span class='ocrx_word' id='word_1_445' title='bbox 877 2956 931 3000; x_wconf 91' lang='lat' dir='ltr'><strong>D.</strong></span> <span class='ocrx_word' id='word_1_446' title='bbox 976 2955 1019 3001; x_wconf 85' lang='lat' dir='ltr'>J.</span> <span class='ocrx_word' id='word_1_447' title='bbox 1063 2955 1291 3001; x_wconf 86' lang='lat' dir='ltr'>Schmidio</span> <span class='ocrx_word' id='word_1_448' title='bbox 1333 2956 1374 3000; x_wconf 86' lang='lat' dir='ltr'>J.</span> <span class='ocrx_word' id='word_1_449' title='bbox 1411 2956 1477 3011; x_wconf 90' lang='lat' dir='ltr'>C.,</span> <span class='ocrx_word' id='word_1_450' title='bbox 1519 2954 1844 2999; x_wconf 88' lang='lat' dir='ltr'>mathematum</span> <span class='ocrx_word' id='word_1_451' title='bbox 1885 2952 2194 2998; x_wconf 89' lang='lat' dir='ltr'>amantissimo</span> <span class='ocrx_word' id='word_1_452' title='bbox 2240 2953 2286 2995; x_wconf 86' lang='lat' dir='ltr'>et</span> <span class='ocrx_word' id='word_1_453' title='bbox 2315 2949 2395 2995; x_wconf 85' lang='lat' dir='ltr'>ali-</span> 
     </span>
     <span class='ocr_line' id='line_1_46' title="bbox 126 3015 2395 3078; baseline -0.001 -15"><span class='ocrx_word' id='word_1_454' title='bbox 126 3027 343 3075; x_wconf 88' lang='lat' dir='ltr'>quantum</span> <span class='ocrx_word' id='word_1_455' title='bbox 372 3022 547 3078; x_wconf 86' lang='lat' dir='ltr'>perito,</span> <span class='ocrx_word' id='word_1_456' title='bbox 588 3036 678 3067; x_wconf 90' lang='lat' dir='ltr'>non</span> <span class='ocrx_word' id='word_1_457' title='bbox 709 3022 900 3067; x_wconf 88' lang='lat' dir='ltr'>obscure</span> <span class='ocrx_word' id='word_1_458' title='bbox 933 3020 1250 3074; x_wconf 87' lang='lat' dir='ltr'>animadverti,</span> <span class='ocrx_word' id='word_1_459' title='bbox 1292 3033 1501 3077; x_wconf 87' lang='lat' dir='ltr'>magnam</span> <span class='ocrx_word' id='word_1_460' title='bbox 1534 3025 1578 3064; x_wconf 90' lang='lat' dir='ltr'>te</span> <span class='ocrx_word' id='word_1_461' title='bbox 1610 3020 1799 3075; x_wconf 80' lang='lat' dir='ltr'>gratiam</span> <span class='ocrx_word' id='word_1_462' title='bbox 1845 3019 1968 3075; x_wconf 86' lang='lat' dir='ltr'>apud</span> <span class='ocrx_word' id='word_1_463' title='bbox 1997 3017 2148 3074; x_wconf 90' lang='lat' dir='ltr'>ipsum</span> <span class='ocrx_word' id='word_1_464' title='bbox 2177 3015 2395 3062; x_wconf 87' lang='lat' dir='ltr'>initurum</span> 
     </span>
     <span class='ocr_line' id='line_1_47' title="bbox 125 3081 2394 3143; baseline -0.001 -15"><span class='ocrx_word' id='word_1_465' title='bbox 125 3083 288 3135; x_wconf 83' lang='lat' dir='ltr'>fuisse,</span> <span class='ocrx_word' id='word_1_466' title='bbox 326 3088 575 3143; x_wconf 86' lang='lat' dir='ltr'>praemium</span> <span class='ocrx_word' id='word_1_467' title='bbox 617 3087 752 3132; x_wconf 90' lang='lat' dir='ltr'>etiam</span> <span class='ocrx_word' id='word_1_468' title='bbox 782 3087 906 3133; x_wconf 91' lang='lat' dir='ltr'>haud</span> <span class='ocrx_word' id='word_1_469' title='bbox 937 3087 1274 3143; x_wconf 88' lang='lat' dir='ltr'>aspernandum</span> <span class='ocrx_word' id='word_1_470' title='bbox 1304 3086 1580 3143; x_wconf 88' lang='lat' dir='ltr'>habiturum,</span> <span class='ocrx_word' id='word_1_471' title='bbox 1625 3086 1664 3130; x_wconf 90' lang='lat' dir='ltr'>si</span> <span class='ocrx_word' id='word_1_472' title='bbox 1695 3084 1952 3130; x_wconf 87' lang='lat' dir='ltr'>tabularum</span> <span class='ocrx_word' id='word_1_473' title='bbox 1986 3081 2216 3139; x_wconf 85' lang='lat' dir='ltr'>exemplar</span> <span class='ocrx_word' id='word_1_474' title='bbox 2246 3081 2288 3127; x_wconf 90' lang='lat' dir='ltr'>ei</span> <span class='ocrx_word' id='word_1_475' title='bbox 2318 3081 2394 3127; x_wconf 92' lang='lat' dir='ltr'>ob—</span> 
     </span>
     <span class='ocr_line' id='line_1_48' title="bbox 127 3145 2396 3211; baseline -0.001 -16"><span class='ocrx_word' id='word_1_476' title='bbox 127 3151 332 3211; x_wconf 87' lang='lat' dir='ltr'>tulisses,</span> <span class='ocrx_word' id='word_1_477' title='bbox 380 3169 480 3200; x_wconf 90' lang='lat' dir='ltr'>cum</span> <span class='ocrx_word' id='word_1_478' title='bbox 511 3153 798 3198; x_wconf 85' lang='lat' dir='ltr'>Francofurti</span> <span class='ocrx_word' id='word_1_479' title='bbox 840 3167 930 3198; x_wconf 89' lang='lat' dir='ltr'>una</span> <span class='ocrx_word' id='word_1_480' title='bbox 970 3154 1144 3198; x_wconf 87' lang='lat' dir='ltr'>essetis.</span> <span class='ocrx_word' id='word_1_481' title='bbox 1209 3151 1388 3207; x_wconf 81' lang='lat' dir='ltr'>Quaeso</span> <span class='ocrx_word' id='word_1_482' title='bbox 1431 3150 1573 3195; x_wconf 86' lang='lat' dir='ltr'>facias</span> <span class='ocrx_word' id='word_1_483' title='bbox 1617 3150 1766 3195; x_wconf 89' lang='lat' dir='ltr'>adhuc</span> <span class='ocrx_word' id='word_1_484' title='bbox 1798 3155 1843 3194; x_wconf 91' lang='lat' dir='ltr'>et</span> <span class='ocrx_word' id='word_1_485' title='bbox 1873 3155 2029 3206; x_wconf 87' lang='lat' dir='ltr'>typum</span> <span class='ocrx_word' id='word_1_486' title='bbox 2060 3147 2187 3194; x_wconf 91' lang='lat' dir='ltr'>illum</span> <span class='ocrx_word' id='word_1_487' title='bbox 2218 3145 2396 3192; x_wconf 87' lang='lat' dir='ltr'>chalco-</span> 
     </span>
    </p>
   </div>
   <div class='ocr_carea' id='block_1_5' title="bbox 0 2287 35 4140">
    <p class='ocr_par' dir='ltr' id='par_1_11' title="bbox 0 2287 35 4140">
     <span class='ocr_line' id='line_1_49' title="bbox 0 2287 35 4140; baseline 0 0"><span class='ocrx_word' id='word_1_488' title='bbox 0 2287 35 4140; x_wconf 95' lang='lat' dir='ltr'>   </span> 
     </span>
    </p>
   </div>
   <div class='ocr_carea' id='block_1_6' title="bbox 18 2890 62 3069">
    <p class='ocr_par' dir='ltr' id='par_1_12' title="bbox 18 2890 62 3069">
     <span class='ocr_line' id='line_1_50' title="bbox 18 2890 62 3069; baseline 0 0"><span class='ocrx_word' id='word_1_489' title='bbox 18 2890 62 3069; x_wconf 68' lang='grc' dir='ltr'>Ξ</span> 
     </span>
    </p>
   </div>
   <div class='ocr_carea' id='block_1_7' title="bbox 43 2857 62 3107">
    <p class='ocr_par' dir='ltr' id='par_1_13' title="bbox 43 2857 62 3107">
     <span class='ocr_line' id='line_1_51' title="bbox 43 2857 62 3107; textangle 90"><span class='ocrx_word' id='word_1_490' title='bbox 43 2857 62 3107; x_wconf 47' lang='grc' dir='ltr'>,ΠΗη-ΨᾹΟ</span> 
     </span>
    </p>
   </div>
   <div class='ocr_carea' id='block_1_8' title="bbox 0 3213 2394 3542">
    <p class='ocr_par' dir='ltr' id='par_1_14' title="bbox 127 3213 2393 3345">
     <span class='ocr_line' id='line_1_52' title="bbox 129 3213 2393 3277; baseline -0.003 -14"><span class='ocrx_word' id='word_1_491' title='bbox 129 3220 394 3277; x_wconf 82' lang='lat' dir='ltr'>graphicum</span> <span class='ocrx_word' id='word_1_492' title='bbox 425 3229 505 3267; x_wconf 86' lang='lat' dir='ltr'>tua</span> <span class='ocrx_word' id='word_1_493' title='bbox 535 3236 670 3266; x_wconf 90' lang='lat' dir='ltr'>manu</span> <span class='ocrx_word' id='word_1_494' title='bbox 703 3221 743 3265; x_wconf 88' lang='lat' dir='ltr'>ei</span> <span class='ocrx_word' id='word_1_495' title='bbox 773 3220 1041 3276; x_wconf 87' lang='lat' dir='ltr'>inscriptum</span> <span class='ocrx_word' id='word_1_496' title='bbox 1072 3222 1161 3264; x_wconf 91' lang='lat' dir='ltr'>huc</span> <span class='ocrx_word' id='word_1_497' title='bbox 1191 3219 1361 3264; x_wconf 77' lang='lat' dir='ltr'>mittas,</span> <span class='ocrx_word' id='word_1_498' title='bbox 1426 3218 1707 3274; x_wconf 75' lang='lat' dir='ltr'>ConJungam</span> <span class='ocrx_word' id='word_1_499' title='bbox 1739 3229 1822 3272; x_wconf 83' lang='lat' dir='ltr'>ego</span> <span class='ocrx_word' id='word_1_500' title='bbox 1855 3229 1956 3260; x_wconf 91' lang='lat' dir='ltr'>cum</span> <span class='ocrx_word' id='word_1_501' title='bbox 1987 3214 2102 3259; x_wconf 87' lang='lat' dir='ltr'>libro</span> <span class='ocrx_word' id='word_1_502' title='bbox 2136 3214 2283 3271; x_wconf 84' lang='lat' dir='ltr'>(cujus</span> <span class='ocrx_word' id='word_1_503' title='bbox 2316 3213 2393 3258; x_wconf 88' lang='lat' dir='ltr'>ad-</span> 
     </span>
     <span class='ocr_line' id='line_1_53' title="bbox 127 3283 1462 3345; baseline -0.002 -17"><span class='ocrx_word' id='word_1_504' title='bbox 127 3283 219 3331; x_wconf 87' lang='lat' dir='ltr'>huc</span> <span class='ocrx_word' id='word_1_505' title='bbox 247 3288 276 3332; x_wconf 82' lang='lat'><strong>2</strong></span> <span class='ocrx_word' id='word_1_506' title='bbox 308 3289 498 3345; x_wconf 86' lang='lat' dir='ltr'>exempl</span> <span class='ocrx_word' id='word_1_507' title='bbox 531 3291 787 3345; x_wconf 86' lang='lat' dir='ltr'>supersunt,</span> <span class='ocrx_word' id='word_1_508' title='bbox 818 3291 869 3330; x_wconf 90' lang='lat' dir='ltr'>ut</span> <span class='ocrx_word' id='word_1_509' title='bbox 900 3285 1009 3340; x_wconf 87' lang='lat' dir='ltr'>dixi)</span> <span class='ocrx_word' id='word_1_510' title='bbox 1043 3284 1231 3342; x_wconf 87' lang='lat' dir='ltr'>ipseque</span> <span class='ocrx_word' id='word_1_511' title='bbox 1264 3283 1462 3327; x_wconf 85' lang='lat' dir='ltr'>offeram.</span> 
     </span>
    </p>

    <p class='ocr_par' dir='ltr' id='par_1_15' title="bbox 0 3344 2394 3542">
     <span class='ocr_line' id='line_1_54' title="bbox 39 3344 2394 3420; baseline -0.005 -20"><span class='ocrx_word' id='word_1_512' title='bbox 39 3353 86 3416; x_wconf 64' lang='grc' dir='ltr'>,δ</span> <span class='ocrx_word' id='word_1_513' title='bbox 305 3353 442 3410; x_wconf 88' lang='lat' dir='ltr'>Operi</span> <span class='ocrx_word' id='word_1_514' title='bbox 473 3361 564 3399; x_wconf 87' lang='lat' dir='ltr'>tam</span> <span class='ocrx_word' id='word_1_515' title='bbox 596 3353 735 3398; x_wconf 90' lang='lat' dir='ltr'>nobili</span> <span class='ocrx_word' id='word_1_516' title='bbox 757 3358 803 3397; x_wconf 89' lang='lat' dir='ltr'>et</span> <span class='ocrx_word' id='word_1_517' title='bbox 835 3350 1016 3408; x_wconf 84' lang='lat' dir='ltr'>genium</span> <span class='ocrx_word' id='word_1_518' title='bbox 1037 3349 1318 3395; x_wconf 83' lang='lat' dir='ltr'>aeternitatis</span> <span class='ocrx_word' id='word_1_519' title='bbox 1340 3348 1526 3392; x_wconf 84' lang='lat' dir='ltr'>habenti</span> <span class='ocrx_word' id='word_1_520' title='bbox 1550 3346 1804 3420; x_wconf 86' lang='lat' dir='ltr'>debuisses,</span> <span class='ocrx_word' id='word_1_521' title='bbox 1829 3345 1978 3400; x_wconf 89' lang='lat' dir='ltr'>credo,</span> <span class='ocrx_word' id='word_1_522' title='bbox 2009 3351 2133 3391; x_wconf 88' lang='lat' dir='ltr'>tuam</span> <span class='ocrx_word' id='word_1_523' title='bbox 2153 3344 2394 3403; x_wconf 86' lang='lat' dir='ltr'>imaginem</span> 
     </span>
     <span class='ocr_line' id='line_1_55' title="bbox 0 3399 2394 3493; baseline -0.002 -31"><span class='ocrx_word' id='word_1_524' title='bbox 0 3427 1 3430; x_wconf 74' lang='grc'>’</span> <span class='ocrx_word' id='word_1_525' title='bbox 46 3399 76 3483; x_wconf 60' lang='grc' dir='ltr'>ξ</span> <span class='ocrx_word' id='word_1_526' title='bbox 131 3430 234 3462; x_wconf 86' lang='lat' dir='ltr'>aere</span> <span class='ocrx_word' id='word_1_527' title='bbox 266 3431 529 3476; x_wconf 84' lang='lat' dir='ltr'>expressam</span> <span class='ocrx_word' id='word_1_528' title='bbox 563 3418 835 3493; x_wconf 85' lang='lat' dir='ltr'>praefigere,</span> <span class='ocrx_word' id='word_1_529' title='bbox 877 3424 928 3462; x_wconf 89' lang='lat' dir='ltr'>ut</span> <span class='ocrx_word' id='word_1_530' title='bbox 957 3424 1003 3461; x_wconf 83' lang='lat' dir='ltr'>te</span> <span class='ocrx_word' id='word_1_531' title='bbox 1032 3430 1123 3462; x_wconf 89' lang='lat' dir='ltr'>non</span> <span class='ocrx_word' id='word_1_532' title='bbox 1155 3415 1300 3461; x_wconf 90' lang='lat' dir='ltr'>solum</span> <span class='ocrx_word' id='word_1_533' title='bbox 1332 3414 1474 3470; x_wconf 89' lang='lat' dir='ltr'>intus,</span> <span class='ocrx_word' id='word_1_534' title='bbox 1516 3413 1596 3458; x_wconf 90' lang='lat' dir='ltr'>sed</span> <span class='ocrx_word' id='word_1_535' title='bbox 1628 3413 1762 3457; x_wconf 85' lang='lat' dir='ltr'>etiam</span> <span class='ocrx_word' id='word_1_536' title='bbox 1792 3411 1839 3456; x_wconf 90' lang='lat' dir='ltr'>in</span> <span class='ocrx_word' id='word_1_537' title='bbox 1871 3417 1974 3457; x_wconf 89' lang='lat' dir='ltr'>cute</span> <span class='ocrx_word' id='word_1_538' title='bbox 2005 3419 2215 3457; x_wconf 89' lang='lat' dir='ltr'>nosceret</span> <span class='ocrx_word' id='word_1_539' title='bbox 2244 3417 2394 3469; x_wconf 85' lang='lat' dir='ltr'>poste-</span> 
     </span>
     <span class='ocr_line' id='line_1_56' title="bbox 48 3479 1370 3542; baseline -0.008 -9"><span class='ocrx_word' id='word_1_540' title='bbox 48 3500 73 3533; x_wconf 71' lang='grc' dir='ltr'>’,ς</span> <span class='ocrx_word' id='word_1_541' title='bbox 130 3484 256 3530; x_wconf 82' lang='lat' dir='ltr'>ritas.</span> <span class='ocrx_word' id='word_1_542' title='bbox 319 3486 514 3542; x_wconf 81' lang='lat' dir='ltr'>Quaeso,</span> <span class='ocrx_word' id='word_1_543' title='bbox 548 3485 587 3529; x_wconf 91' lang='lat' dir='ltr'>si</span> <span class='ocrx_word' id='word_1_544' title='bbox 617 3484 725 3541; x_wconf 89' lang='lat' dir='ltr'>quid</span> <span class='ocrx_word' id='word_1_545' title='bbox 757 3483 878 3540; x_wconf 86' lang='lat' dir='ltr'>apud</span> <span class='ocrx_word' id='word_1_546' title='bbox 909 3489 954 3526; x_wconf 87' lang='lat' dir='ltr'>te</span> <span class='ocrx_word' id='word_1_547' title='bbox 985 3495 1185 3538; x_wconf 85' lang='lat' dir='ltr'>possum,</span> <span class='ocrx_word' id='word_1_548' title='bbox 1219 3479 1370 3525; x_wconf 78' lang='lat' dir='ltr'>facito,</span> 
     </span>
    </p>
   </div>
   <div class='ocr_carea' id='block_1_9' title="bbox 56 3545 2399 3910">
    <p class='ocr_par' dir='ltr' id='par_1_16' title="bbox 84 3545 2394 3621">
     <span class='ocr_line' id='line_1_57' title="bbox 84 3545 2394 3621; baseline -0.004 -16"><span class='ocrx_word' id='word_1_549' title='bbox 84 3615 90 3621; x_wconf 87' lang='grc'>,</span> <span class='ocrx_word' id='word_1_550' title='bbox 274 3556 599 3619; x_wconf 77' lang='lat' dir='ltr'>Keplerus</span> <span class='ocrx_word' id='word_1_551' title='bbox 651 3555 1062 3614; x_wconf 85' lang='lat' dir='ltr'>Berneggero</span> <span class='ocrx_word' id='word_1_552' title='bbox 1103 3550 1152 3598; x_wconf 82' lang='lat' dir='ltr'>S.</span> <span class='ocrx_word' id='word_1_553' title='bbox 1194 3548 1250 3598; x_wconf 90' lang='lat' dir='ltr'>P.</span> <span class='ocrx_word' id='word_1_554' title='bbox 1290 3550 1351 3597; x_wconf 92' lang='lat' dir='ltr'>D.</span> <span class='ocrx_word' id='word_1_555' title='bbox 1429 3547 1706 3597; x_wconf 88' lang='lat' dir='ltr'>Clarissime</span> <span class='ocrx_word' id='word_1_556' title='bbox 1745 3547 1848 3599; x_wconf 86' lang='lat' dir='ltr'>Vir.</span> <span class='ocrx_word' id='word_1_557' title='bbox 1926 3546 2047 3596; x_wconf 90' lang='lat' dir='ltr'>Cum</span> <span class='ocrx_word' id='word_1_558' title='bbox 2086 3545 2150 3596; x_wconf 87' lang='lat' dir='ltr'>ad</span> <span class='ocrx_word' id='word_1_559' title='bbox 2189 3560 2277 3596; x_wconf 87' lang='lat' dir='ltr'>vos</span> <span class='ocrx_word' id='word_1_560' title='bbox 2314 3560 2394 3595; x_wconf 88' lang='lat' dir='ltr'>re-</span> 
     </span>
    </p>

    <p class='ocr_par' dir='ltr' id='par_1_17' title="bbox 56 3619 2392 3691">
     <span class='ocr_line' id='line_1_58' title="bbox 56 3619 2392 3691; baseline -0.004 -16"><span class='ocrx_word' id='word_1_561' title='bbox 56 3630 58 3633; x_wconf 75' lang='grc'><strong>”</strong></span> <span class='ocrx_word' id='word_1_562' title='bbox 136 3634 351 3690; x_wconf 79' lang='lat' dir='ltr'>vertatur</span> <span class='ocrx_word' id='word_1_563' title='bbox 387 3630 584 3691; x_wconf 86' lang='lat' dir='ltr'>legatus</span> <span class='ocrx_word' id='word_1_564' title='bbox 622 3635 785 3678; x_wconf 83' lang='lat' dir='ltr'>vester</span> <span class='ocrx_word' id='word_1_565' title='bbox 822 3626 1039 3683; x_wconf 83' lang='lat' dir='ltr'>Fridius,</span> <span class='ocrx_word' id='word_1_566' title='bbox 1095 3636 1304 3685; x_wconf 87' lang='lat' dir='ltr'>quocum</span> <span class='ocrx_word' id='word_1_567' title='bbox 1343 3627 1568 3670; x_wconf 89' lang='lat' dir='ltr'>oretenus</span> <span class='ocrx_word' id='word_1_568' title='bbox 1607 3622 1695 3668; x_wconf 89' lang='lat' dir='ltr'>tibi</span> <span class='ocrx_word' id='word_1_569' title='bbox 1741 3621 1938 3670; x_wconf 86' lang='lat' dir='ltr'>vacabit</span> <span class='ocrx_word' id='word_1_570' title='bbox 1975 3621 2112 3683; x_wconf 92' lang='lat' dir='ltr'>loqui</span> <span class='ocrx_word' id='word_1_571' title='bbox 2152 3619 2210 3668; x_wconf 90' lang='lat' dir='ltr'>de</span> <span class='ocrx_word' id='word_1_572' title='bbox 2249 3620 2392 3668; x_wconf 86' lang='lat' dir='ltr'>rebus</span> 
     </span>
    </p>

    <p class='ocr_par' dir='ltr' id='par_1_18' title="bbox 77 3691 2399 3909">
     <span class='ocr_line' id='line_1_59' title="bbox 77 3691 2399 3763; baseline -0.003 -16"><span class='ocrx_word' id='word_1_573' title='bbox 77 3699 81 3704; x_wconf 87' lang='lat'>&#39;</span> <span class='ocrx_word' id='word_1_574' title='bbox 135 3704 328 3763; x_wconf 83' lang='lat' dir='ltr'>nostris,</span> <span class='ocrx_word' id='word_1_575' title='bbox 369 3704 531 3751; x_wconf 86' lang='lat' dir='ltr'>brevis</span> <span class='ocrx_word' id='word_1_576' title='bbox 570 3715 652 3750; x_wconf 87' lang='lat' dir='ltr'>ero</span> <span class='ocrx_word' id='word_1_577' title='bbox 692 3700 867 3748; x_wconf 84' lang='lat' dir='ltr'>verbis</span> <span class='ocrx_word' id='word_1_578' title='bbox 943 3695 1255 3759; x_wconf 86' lang='lat' dir='ltr'>Exemplaria</span> <span class='ocrx_word' id='word_1_579' title='bbox 1285 3695 1348 3743; x_wconf 92' lang='lat'>10</span> <span class='ocrx_word' id='word_1_580' title='bbox 1377 3700 1423 3743; x_wconf 85' lang='lat' dir='ltr'>te</span> <span class='ocrx_word' id='word_1_581' title='bbox 1462 3708 1547 3756; x_wconf 89' lang='lat' dir='ltr'>per</span> <span class='ocrx_word' id='word_1_582' title='bbox 1573 3693 1914 3743; x_wconf 86' lang='lat' dir='ltr'>Comerellium</span> <span class='ocrx_word' id='word_1_583' title='bbox 1941 3691 2220 3743; x_wconf 90' lang='lat' dir='ltr'>Ulmensem</span> <span class='ocrx_word' id='word_1_584' title='bbox 2248 3700 2399 3740; x_wconf 86' lang='lat' dir='ltr'>acce-</span> 
     </span>
     <span class='ocr_line' id='line_1_60' title="bbox 141 3766 2392 3838; baseline -0.003 -19"><span class='ocrx_word' id='word_1_585' title='bbox 141 3774 270 3835; x_wconf 87' lang='lat' dir='ltr'>pisse</span> <span class='ocrx_word' id='word_1_586' title='bbox 309 3788 469 3838; x_wconf 82' lang='lat' dir='ltr'>spero,</span> <span class='ocrx_word' id='word_1_587' title='bbox 530 3774 650 3822; x_wconf 92' lang='lat' dir='ltr'>Cum</span> <span class='ocrx_word' id='word_1_588' title='bbox 675 3772 943 3821; x_wconf 88' lang='lat' dir='ltr'>Brahcanis</span> <span class='ocrx_word' id='word_1_589' title='bbox 986 3769 1218 3830; x_wconf 82' lang='lat' dir='ltr'>conveni,</span> <span class='ocrx_word' id='word_1_590' title='bbox 1258 3766 1545 3816; x_wconf 86' lang='lat' dir='ltr'>recuderunt</span> <span class='ocrx_word' id='word_1_591' title='bbox 1583 3766 1662 3815; x_wconf 89' lang='lat' dir='ltr'>hic</span> <span class='ocrx_word' id='word_1_592' title='bbox 1695 3769 1902 3830; x_wconf 83' lang='lat' dir='ltr'>primum</span> <span class='ocrx_word' id='word_1_593' title='bbox 1929 3766 2242 3816; x_wconf 88' lang='lat' dir='ltr'>duernionem</span> <span class='ocrx_word' id='word_1_594' title='bbox 2284 3777 2392 3812; x_wconf 90' lang='lat' dir='ltr'>cum</span> 
     </span>
     <span class='ocr_line' id='line_1_61' title="bbox 134 3836 2352 3910; baseline -0.004 -17"><span class='ocrx_word' id='word_1_595' title='bbox 134 3847 433 3909; x_wconf 77' lang='lat' dir='ltr'>praefatione</span> <span class='ocrx_word' id='word_1_596' title='bbox 472 3861 586 3895; x_wconf 87' lang='lat' dir='ltr'>seu</span> <span class='ocrx_word' id='word_1_597' title='bbox 584 3846 901 3896; x_wconf 83' lang='lat' dir='ltr'>dedicatione</span> <span class='ocrx_word' id='word_1_598' title='bbox 940 3858 1045 3904; x_wconf 85' lang='lat' dir='ltr'>sua,</span> <span class='ocrx_word' id='word_1_599' title='bbox 1085 3858 1115 3891; x_wconf 88' lang='lat' dir='ltr'>a</span> <span class='ocrx_word' id='word_1_600' title='bbox 1152 3855 1228 3891; x_wconf 87' lang='lat' dir='ltr'>me</span> <span class='ocrx_word' id='word_1_601' title='bbox 1267 3846 1495 3902; x_wconf 86' lang='lat' dir='ltr'>correcta,</span> <span class='ocrx_word' id='word_1_602' title='bbox 1536 3840 1759 3910; x_wconf 79' lang='lat' dir='ltr'>exempla</span> <span class='ocrx_word' id='word_1_603' title='bbox 1783 3842 1971 3891; x_wconf 85' lang='lat' dir='ltr'>mittam</span> <span class='ocrx_word' id='word_1_604' title='bbox 2012 3855 2072 3890; x_wconf 89' lang='lat' dir='ltr'>ex</span> <span class='ocrx_word' id='word_1_605' title='bbox 2110 3836 2352 3887; x_wconf 87' lang='lat' dir='ltr'>nundinis.</span> 
     </span>
    </p>
   </div>
  </div>
 </body>
</html>
