<?xml version="1.0" encoding="UTF-8"?>
<!DOCTYPE html PUBLIC "-//W3C//DTD XHTML 1.0 Transitional//EN"
    "http://www.w3.org/TR/xhtml1/DTD/xhtml1-transitional.dtd">
<html xmlns="http://www.w3.org/1999/xhtml" xml:lang="en" lang="en">
 <head>
  <title>
</title>
<meta http-equiv="Content-Type" content="text/html;charset=utf-8" />
  <meta name='ocr-system' content='tesseract 3.04.00' />
  <meta name='ocr-capabilities' content='ocr_page ocr_carea ocr_par ocr_line ocrx_word'/>
</head>
<body>
  <div class='ocr_page' id='page_1' title='image "./operaomniaedidit06kepluoft_0419.png"; bbox 0 0 2554 4140; ppageno 0'>
   <div class='ocr_carea' id='block_1_1' title="bbox 829 143 2330 202">
    <p class='ocr_par' dir='ltr' id='par_1_1' title="bbox 829 143 2330 202">
     <span class='ocr_line' id='line_1_1' title="bbox 829 143 2330 202; baseline 0.009 -13"><span class='ocrx_word' id='word_1_1' title='bbox 829 143 968 191; x_wconf 83' lang='lat' dir='ltr'>Liber</span> <span class='ocrx_word' id='word_1_2' title='bbox 995 144 1205 201; x_wconf 72' lang='lat' dir='ltr'>Quintus.</span> <span class='ocrx_word' id='word_1_3' title='bbox 1268 146 1380 191; x_wconf 88' lang='lat' dir='ltr'>Pars</span> <span class='ocrx_word' id='word_1_4' title='bbox 1409 145 1571 193; x_wconf 84' lang='lat' dir='ltr'>Prima.</span> <span class='ocrx_word' id='word_1_5' title='bbox 2225 152 2330 202; x_wconf 87' lang='grc'>405</span> 
     </span>
    </p>
   </div>
   <div class='ocr_carea' id='block_1_2' title="bbox 61 291 2359 1818">
    <p class='ocr_par' dir='ltr' id='par_1_2' title="bbox 61 291 2359 1818">
     <span class='ocr_line' id='line_1_2' title="bbox 64 291 2330 355; baseline 0.001 -12"><span class='ocrx_word' id='word_1_6' title='bbox 64 293 180 344; x_wconf 88' lang='lat' dir='ltr'>Sole</span> <span class='ocrx_word' id='word_1_7' title='bbox 233 295 282 342; x_wconf 91' lang='lat' dir='ltr'>in</span> <span class='ocrx_word' id='word_1_8' title='bbox 326 293 473 342; x_wconf 87' lang='lat' dir='ltr'>fibras</span> <span class='ocrx_word' id='word_1_9' title='bbox 509 291 661 342; x_wconf 89' lang='lat' dir='ltr'>babet</span> <span class='ocrx_word' id='word_1_10' title='bbox 695 307 750 342; x_wconf 86' lang='lat' dir='ltr'>se</span> <span class='ocrx_word' id='word_1_11' title='bbox 787 293 939 342; x_wconf 86' lang='lat' dir='ltr'>instar</span> <span class='ocrx_word' id='word_1_12' title='bbox 975 294 1219 344; x_wconf 84' lang='lat' dir='ltr'>manubrii</span> <span class='ocrx_word' id='word_1_13' title='bbox 1254 292 1304 342; x_wconf 87' lang='lat' dir='ltr'>in</span> <span class='ocrx_word' id='word_1_14' title='bbox 1342 293 1490 355; x_wconf 87' lang='lat' dir='ltr'>libra,</span> <span class='ocrx_word' id='word_1_15' title='bbox 1545 295 1695 344; x_wconf 85' lang='lat' dir='ltr'>fibrae</span> <span class='ocrx_word' id='word_1_16' title='bbox 1735 297 1888 345; x_wconf 88' lang='lat' dir='ltr'>instar</span> <span class='ocrx_word' id='word_1_17' title='bbox 1927 297 2117 346; x_wconf 86' lang='lat' dir='ltr'>brachii</span> <span class='ocrx_word' id='word_1_18' title='bbox 2155 296 2330 355; x_wconf 84' lang='lat' dir='ltr'><strong>librae,</strong></span> 
     </span>
     <span class='ocr_line' id='line_1_3' title="bbox 64 365 2332 433; baseline 0 -15"><span class='ocrx_word' id='word_1_19' title='bbox 64 369 242 433; x_wconf 78' lang='lat' dir='ltr'>plagae</span> <span class='ocrx_word' id='word_1_20' title='bbox 279 366 505 415; x_wconf 83' lang='lat' dir='ltr'>fibrarum</span> <span class='ocrx_word' id='word_1_21' title='bbox 549 367 703 414; x_wconf 88' lang='lat' dir='ltr'>instar</span> <span class='ocrx_word' id='word_1_22' title='bbox 737 365 977 429; x_wconf 80' lang='lat' dir='ltr'>lancium3</span> <span class='ocrx_word' id='word_1_23' title='bbox 1030 373 1080 417; x_wconf 92' lang='lat' dir='ltr'>et</span> <span class='ocrx_word' id='word_1_24' title='bbox 1116 366 1251 431; x_wconf 85' lang='lat' dir='ltr'>qnod</span> <span class='ocrx_word' id='word_1_25' title='bbox 1286 374 1401 416; x_wconf 92' lang='lat' dir='ltr'>suut</span> <span class='ocrx_word' id='word_1_26' title='bbox 1439 369 1489 415; x_wconf 91' lang='lat' dir='ltr'>in</span> <span class='ocrx_word' id='word_1_27' title='bbox 1525 367 1750 418; x_wconf 87' lang='lat' dir='ltr'>lancibus</span> <span class='ocrx_word' id='word_1_28' title='bbox 1788 369 2045 432; x_wconf 87' lang='lat' dir='ltr'>pondera,</span> <span class='ocrx_word' id='word_1_29' title='bbox 2084 370 2180 420; x_wconf 89' lang='lat' dir='ltr'>hoc</span> <span class='ocrx_word' id='word_1_30' title='bbox 2218 377 2332 419; x_wconf 91' lang='lat' dir='ltr'>sunt</span> 
     </span>
     <span class='ocr_line' id='line_1_4' title="bbox 64 437 2359 506; baseline 0.001 -18"><span class='ocrx_word' id='word_1_31' title='bbox 64 444 113 489; x_wconf 86' lang='lat' dir='ltr'>in</span> <span class='ocrx_word' id='word_1_32' title='bbox 150 440 349 505; x_wconf 88' lang='lat' dir='ltr'>planeta</span> <span class='ocrx_word' id='word_1_33' title='bbox 383 443 620 487; x_wconf 87' lang='lat' dir='ltr'>attractus</span> <span class='ocrx_word' id='word_1_34' title='bbox 659 437 724 487; x_wconf 89' lang='lat' dir='ltr'>ad</span> <span class='ocrx_word' id='word_1_35' title='bbox 749 438 912 488; x_wconf 90' lang='lat' dir='ltr'>Solem</span> <span class='ocrx_word' id='word_1_36' title='bbox 953 439 1033 490; x_wconf 87' lang='lat' dir='ltr'>vel</span> <span class='ocrx_word' id='word_1_37' title='bbox 1069 439 1282 505; x_wconf 81' lang='lat' dir='ltr'><strong>repulsio</strong></span> <span class='ocrx_word' id='word_1_38' title='bbox 1321 440 1386 488; x_wconf 91' lang='lat' dir='ltr'>ab</span> <span class='ocrx_word' id='word_1_39' title='bbox 1427 438 1616 502; x_wconf 90' lang='lat' dir='ltr'>eodem,</span> <span class='ocrx_word' id='word_1_40' title='bbox 1657 447 1706 490; x_wconf 93' lang='lat' dir='ltr'>et</span> <span class='ocrx_word' id='word_1_41' title='bbox 1743 447 2002 505; x_wconf 87' lang='lat' dir='ltr'>utrumque</span> <span class='ocrx_word' id='word_1_42' title='bbox 2041 442 2242 506; x_wconf 86' lang='lat' dir='ltr'>quidem</span> <span class='ocrx_word' id='word_1_43' title='bbox 2270 458 2359 493; x_wconf 89' lang='lat' dir='ltr'>ex·</span> 
     </span>
     <span class='ocr_line' id='line_1_5' title="bbox 65 512 2324 581; baseline 0.002 -19"><span class='ocrx_word' id='word_1_44' title='bbox 65 513 236 562; x_wconf 85' lang='lat' dir='ltr'>eodem</span> <span class='ocrx_word' id='word_1_45' title='bbox 272 526 429 560; x_wconf 88' lang='lat' dir='ltr'>rerum</span> <span class='ocrx_word' id='word_1_46' title='bbox 464 525 657 574; x_wconf 83' lang='lat' dir='ltr'>genere.</span> <span class='ocrx_word' id='word_1_47' title='bbox 733 512 858 561; x_wconf 89' lang='lat' dir='ltr'>Nam</span> <span class='ocrx_word' id='word_1_48' title='bbox 897 519 951 561; x_wconf 91' lang='lat' dir='ltr'>ut</span> <span class='ocrx_word' id='word_1_49' title='bbox 988 512 1073 563; x_wconf 91' lang='lat' dir='ltr'>Sol</span> <span class='ocrx_word' id='word_1_50' title='bbox 1112 512 1260 562; x_wconf 86' lang='lat' dir='ltr'>trahit</span> <span class='ocrx_word' id='word_1_51' title='bbox 1283 512 1573 578; x_wconf 79' lang='lat' dir='ltr'>planetam,</span> <span class='ocrx_word' id='word_1_52' title='bbox 1611 515 1684 562; x_wconf 88' lang='lat' dir='ltr'>sic</span> <span class='ocrx_word' id='word_1_53' title='bbox 1722 514 1874 564; x_wconf 83' lang='lat' dir='ltr'>Terra</span> <span class='ocrx_word' id='word_1_54' title='bbox 1911 515 2061 564; x_wconf 81' lang='lat' dir='ltr'>trahit</span> <span class='ocrx_word' id='word_1_55' title='bbox 2099 530 2324 581; x_wconf 86' lang='lat' dir='ltr'>corpora,</span> 
     </span>
     <span class='ocr_line' id='line_1_6' title="bbox 64 585 2329 650; baseline 0.001 -15"><span class='ocrx_word' id='word_1_56' title='bbox 64 587 128 635; x_wconf 94' lang='lat' dir='ltr'>ob</span> <span class='ocrx_word' id='word_1_57' title='bbox 179 599 324 649; x_wconf 86' lang='lat' dir='ltr'>quem</span> <span class='ocrx_word' id='word_1_58' title='bbox 369 590 575 633; x_wconf 89' lang='lat' dir='ltr'>tractum</span> <span class='ocrx_word' id='word_1_59' title='bbox 626 599 829 649; x_wconf 88' lang='lat' dir='ltr'>corpora</span> <span class='ocrx_word' id='word_1_60' title='bbox 877 585 1101 636; x_wconf 89' lang='lat' dir='ltr'>dicuutur</span> <span class='ocrx_word' id='word_1_61' title='bbox 1147 587 1335 650; x_wconf 86' lang='lat' dir='ltr'>gravia.</span> <span class='ocrx_word' id='word_1_62' title='bbox 1411 585 1498 635; x_wconf 91' lang='lat' dir='ltr'>Sol</span> <span class='ocrx_word' id='word_1_63' title='bbox 1549 585 1747 649; x_wconf 88' lang='lat' dir='ltr'>quidem</span> <span class='ocrx_word' id='word_1_64' title='bbox 1786 586 2034 650; x_wconf 80' lang='lat' dir='ltr'>planetam</span> <span class='ocrx_word' id='word_1_65' title='bbox 2074 589 2225 638; x_wconf 90' lang='lat' dir='ltr'>trahit</span> <span class='ocrx_word' id='word_1_66' title='bbox 2267 604 2329 638; x_wconf 90' lang='lat' dir='ltr'>ex</span> 
     </span>
     <span class='ocr_line' id='line_1_7' title="bbox 63 656 2319 723; baseline 0 -14"><span class='ocrx_word' id='word_1_67' title='bbox 63 674 162 709; x_wconf 90' lang='lat' dir='ltr'>una</span> <span class='ocrx_word' id='word_1_68' title='bbox 197 657 360 723; x_wconf 87' lang='lat' dir='ltr'>plaga,</span> <span class='ocrx_word' id='word_1_69' title='bbox 400 656 538 720; x_wconf 90' lang='lat' dir='ltr'>pellit</span> <span class='ocrx_word' id='word_1_70' title='bbox 575 671 635 706; x_wconf 87' lang='lat' dir='ltr'>ex</span> <span class='ocrx_word' id='word_1_71' title='bbox 672 659 841 719; x_wconf 87' lang='lat' dir='ltr'>altera,</span> <span class='ocrx_word' id='word_1_72' title='bbox 882 665 931 708; x_wconf 94' lang='lat' dir='ltr'>et</span> <span class='ocrx_word' id='word_1_73' title='bbox 967 658 1061 709; x_wconf 86' lang='lat' dir='ltr'>hoc</span> <span class='ocrx_word' id='word_1_74' title='bbox 1097 658 1364 708; x_wconf 90' lang='lat' dir='ltr'>secundum</span> <span class='ocrx_word' id='word_1_75' title='bbox 1401 659 1559 722; x_wconf 90' lang='lat' dir='ltr'>magis</span> <span class='ocrx_word' id='word_1_76' title='bbox 1597 664 1647 708; x_wconf 90' lang='lat' dir='ltr'>et</span> <span class='ocrx_word' id='word_1_77' title='bbox 1676 660 1851 720; x_wconf 86' lang='lat' dir='ltr'>minus,</span> <span class='ocrx_word' id='word_1_78' title='bbox 1892 659 2044 710; x_wconf 87' lang='lat' dir='ltr'>Terra</span> <span class='ocrx_word' id='word_1_79' title='bbox 2069 676 2186 710; x_wconf 90' lang='lat' dir='ltr'>vero</span> <span class='ocrx_word' id='word_1_80' title='bbox 2214 663 2319 710; x_wconf 87' lang='lat' dir='ltr'>sine</span> 
     </span>
     <span class='ocr_line' id='line_1_8' title="bbox 63 729 2328 797; baseline 0 -15"><span class='ocrx_word' id='word_1_81' title='bbox 63 731 337 782; x_wconf 80' lang='lat' dir='ltr'>discrimine</span> <span class='ocrx_word' id='word_1_82' title='bbox 374 731 497 779; x_wconf 88' lang='lat' dir='ltr'>situs</span> <span class='ocrx_word' id='word_1_83' title='bbox 535 729 684 779; x_wconf 89' lang='lat' dir='ltr'>trahit</span> <span class='ocrx_word' id='word_1_84' title='bbox 721 731 953 795; x_wconf 82' lang='lat' dir='ltr'>pondera.</span> <span class='ocrx_word' id='word_1_85' title='bbox 1031 731 1176 795; x_wconf 84' lang='lat' dir='ltr'>Quod</span> <span class='ocrx_word' id='word_1_86' title='bbox 1226 733 1374 796; x_wconf 88' lang='lat' dir='ltr'>igitur</span> <span class='ocrx_word' id='word_1_87' title='bbox 1411 739 1485 782; x_wconf 89' lang='lat' dir='ltr'>est</span> <span class='ocrx_word' id='word_1_88' title='bbox 1522 733 1572 779; x_wconf 88' lang='lat' dir='ltr'>in</span> <span class='ocrx_word' id='word_1_89' title='bbox 1610 731 1737 780; x_wconf 87' lang='lat' dir='ltr'>libra</span> <span class='ocrx_word' id='word_1_90' title='bbox 1774 731 2042 795; x_wconf 86' lang='lat' dir='ltr'>ponderum</span> <span class='ocrx_word' id='word_1_91' title='bbox 2081 735 2328 797; x_wconf 90' lang='lat' dir='ltr'>inaequa-</span> 
     </span>
     <span class='ocr_line' id='line_1_9' title="bbox 63 802 2325 869; baseline 0.001 -15"><span class='ocrx_word' id='word_1_92' title='bbox 63 807 198 864; x_wconf 89' lang='lat' dir='ltr'>litas,</span> <span class='ocrx_word' id='word_1_93' title='bbox 238 802 289 852; x_wconf 92' lang='lat' dir='ltr'>id</span> <span class='ocrx_word' id='word_1_94' title='bbox 327 808 402 852; x_wconf 91' lang='lat' dir='ltr'>est</span> <span class='ocrx_word' id='word_1_95' title='bbox 438 804 488 850; x_wconf 92' lang='lat' dir='ltr'>in</span> <span class='ocrx_word' id='word_1_96' title='bbox 525 802 724 866; x_wconf 90' lang='lat' dir='ltr'>planeta</span> <span class='ocrx_word' id='word_1_97' title='bbox 762 807 884 853; x_wconf 87' lang='lat' dir='ltr'>situs</span> <span class='ocrx_word' id='word_1_98' title='bbox 922 805 1151 854; x_wconf 87' lang='lat' dir='ltr'>fibrarum</span> <span class='ocrx_word' id='word_1_99' title='bbox 1190 804 1253 853; x_wconf 90' lang='lat' dir='ltr'>ad</span> <span class='ocrx_word' id='word_1_100' title='bbox 1290 803 1456 863; x_wconf 88' lang='lat' dir='ltr'>Solem</span> <span class='ocrx_word' id='word_1_101' title='bbox 1494 804 1779 864; x_wconf 85' lang='lat' dir='ltr'>diversitas,</span> <span class='ocrx_word' id='word_1_102' title='bbox 1830 805 1916 853; x_wconf 89' lang='lat' dir='ltr'>ubi</span> <span class='ocrx_word' id='word_1_103' title='bbox 1954 804 2154 869; x_wconf 88' lang='lat' dir='ltr'>planeta</span> <span class='ocrx_word' id='word_1_104' title='bbox 2194 807 2325 857; x_wconf 89' lang='lat' dir='ltr'>idem</span> 
     </span>
     <span class='ocr_line' id='line_1_10' title="bbox 63 876 2330 943; baseline 0 -17"><span class='ocrx_word' id='word_1_105' title='bbox 63 882 393 943; x_wconf 87' lang='lat' dir='ltr'>repraesentat</span> <span class='ocrx_word' id='word_1_106' title='bbox 444 881 701 940; x_wconf 87' lang='lat' dir='ltr'>utrumque</span> <span class='ocrx_word' id='word_1_107' title='bbox 758 877 911 926; x_wconf 83' lang='lat' dir='ltr'>librae</span> <span class='ocrx_word' id='word_1_108' title='bbox 957 877 1166 942; x_wconf 91' lang='lat' dir='ltr'>pondus.</span> <span class='ocrx_word' id='word_1_109' title='bbox 1272 878 1332 926; x_wconf 85' lang='lat' dir='ltr'>Et</span> <span class='ocrx_word' id='word_1_110' title='bbox 1391 876 1804 940; x_wconf 84' lang='lat' dir='ltr'>quemadmodum</span> <span class='ocrx_word' id='word_1_111' title='bbox 1855 879 1904 924; x_wconf 90' lang='lat' dir='ltr'>in</span> <span class='ocrx_word' id='word_1_112' title='bbox 1954 877 2081 927; x_wconf 89' lang='lat' dir='ltr'>libra</span> <span class='ocrx_word' id='word_1_113' title='bbox 2137 880 2330 942; x_wconf 88' lang='lat' dir='ltr'>pondus</span> 
     </span>
     <span class='ocr_line' id='line_1_11' title="bbox 63 948 2326 1015; baseline 0 -16"><span class='ocrx_word' id='word_1_114' title='bbox 63 951 263 1015; x_wconf 86' lang='lat' dir='ltr'>gravius</span> <span class='ocrx_word' id='word_1_115' title='bbox 301 948 551 998; x_wconf 89' lang='lat' dir='ltr'>descendit</span> <span class='ocrx_word' id='word_1_116' title='bbox 587 949 653 998; x_wconf 92' lang='lat' dir='ltr'>ad</span> <span class='ocrx_word' id='word_1_117' title='bbox 692 949 906 1011; x_wconf 85' lang='lat' dir='ltr'>Terram,</span> <span class='ocrx_word' id='word_1_118' title='bbox 946 950 1103 1000; x_wconf 88' lang='lat' dir='ltr'>levius</span> <span class='ocrx_word' id='word_1_119' title='bbox 1143 950 1207 999; x_wconf 89' lang='lat' dir='ltr'>ab</span> <span class='ocrx_word' id='word_1_120' title='bbox 1246 965 1306 1000; x_wconf 91' lang='lat' dir='ltr'>ea</span> <span class='ocrx_word' id='word_1_121' title='bbox 1345 949 1551 1000; x_wconf 84' lang='lat' dir='ltr'>discedit</span> <span class='ocrx_word' id='word_1_122' title='bbox 1588 949 1875 1010; x_wconf 80' lang='lat' dir='ltr'>ascendens,</span> <span class='ocrx_word' id='word_1_123' title='bbox 1904 951 1986 999; x_wconf 83' lang='lat' dir='ltr'>-sic</span> <span class='ocrx_word' id='word_1_124' title='bbox 2026 952 2076 997; x_wconf 92' lang='lat' dir='ltr'>in</span> <span class='ocrx_word' id='word_1_125' title='bbox 2114 951 2209 1000; x_wconf 91' lang='lat' dir='ltr'>hoc</span> <span class='ocrx_word' id='word_1_126' title='bbox 2236 967 2326 1001; x_wconf 91' lang='lat' dir='ltr'>ne-</span> 
     </span>
     <span class='ocr_line' id='line_1_12' title="bbox 62 1021 2331 1088; baseline -0.001 -14"><span class='ocrx_word' id='word_1_127' title='bbox 62 1025 196 1088; x_wconf 89' lang='lat' dir='ltr'>gotio</span> <span class='ocrx_word' id='word_1_128' title='bbox 246 1027 377 1072; x_wconf 91' lang='lat' dir='ltr'>totus</span> <span class='ocrx_word' id='word_1_129' title='bbox 425 1021 652 1085; x_wconf 89' lang='lat' dir='ltr'>planetae</span> <span class='ocrx_word' id='word_1_130' title='bbox 698 1022 876 1086; x_wconf 86' lang='lat' dir='ltr'>globus</span> <span class='ocrx_word' id='word_1_131' title='bbox 916 1025 1136 1086; x_wconf 87' lang='lat' dir='ltr'>sequitur</span> <span class='ocrx_word' id='word_1_132' title='bbox 1174 1023 1480 1073; x_wconf 85' lang='lat' dir='ltr'>affectionem</span> <span class='ocrx_word' id='word_1_133' title='bbox 1518 1021 1695 1087; x_wconf 87' lang='lat' dir='ltr'>plagae</span> <span class='ocrx_word' id='word_1_134' title='bbox 1735 1022 2102 1088; x_wconf 88' lang='lat' dir='ltr'>praepollentis.</span> <span class='ocrx_word' id='word_1_135' title='bbox 2180 1023 2246 1073; x_wconf 87' lang='lat' dir='ltr'>Ut</span> <span class='ocrx_word' id='word_1_136' title='bbox 2288 1027 2331 1072; x_wconf 88' lang='lat' dir='ltr'>si</span> 
     </span>
     <span class='ocr_line' id='line_1_13' title="bbox 63 1094 2327 1162; baseline 0 -17"><span class='ocrx_word' id='word_1_137' title='bbox 63 1095 210 1162; x_wconf 86' lang='lat' dir='ltr'>plaga</span> <span class='ocrx_word' id='word_1_138' title='bbox 245 1095 499 1145; x_wconf 81' lang='lat' dir='ltr'>familiaris</span> <span class='ocrx_word' id='word_1_139' title='bbox 536 1094 648 1158; x_wconf 91' lang='lat' dir='ltr'>plus</span> <span class='ocrx_word' id='word_1_140' title='bbox 684 1095 892 1144; x_wconf 89' lang='lat' dir='ltr'>trabitur</span> <span class='ocrx_word' id='word_1_141' title='bbox 927 1111 958 1145; x_wconf 93' lang='lat' dir='ltr'>a</span> <span class='ocrx_word' id='word_1_142' title='bbox 983 1095 1115 1157; x_wconf 89' lang='lat' dir='ltr'>Sole,</span> <span class='ocrx_word' id='word_1_143' title='bbox 1156 1096 1355 1160; x_wconf 90' lang='lat' dir='ltr'>planeta</span> <span class='ocrx_word' id='word_1_144' title='bbox 1391 1103 1523 1145; x_wconf 89' lang='lat' dir='ltr'>totus</span> <span class='ocrx_word' id='word_1_145' title='bbox 1562 1095 1751 1146; x_wconf 88' lang='lat' dir='ltr'>accedit</span> <span class='ocrx_word' id='word_1_146' title='bbox 1784 1111 1816 1144; x_wconf 90' lang='lat' dir='ltr'>a</span> <span class='ocrx_word' id='word_1_147' title='bbox 1840 1095 2032 1158; x_wconf 85' lang='lat' dir='ltr'>Solem3</span> <span class='ocrx_word' id='word_1_148' title='bbox 2073 1099 2149 1145; x_wconf 89' lang='lat' dir='ltr'>sin</span> <span class='ocrx_word' id='word_1_149' title='bbox 2175 1098 2327 1161; x_wconf 83' lang='lat' dir='ltr'>plaga</span> 
     </span>
     <span class='ocr_line' id='line_1_14' title="bbox 61 1167 2327 1238; baseline 0 -20"><span class='ocrx_word' id='word_1_150' title='bbox 61 1169 257 1219; x_wconf 89' lang='lat' dir='ltr'>inimica</span> <span class='ocrx_word' id='word_1_151' title='bbox 302 1167 412 1233; x_wconf 92' lang='lat' dir='ltr'>plus</span> <span class='ocrx_word' id='word_1_152' title='bbox 461 1167 678 1233; x_wconf 87' lang='lat' dir='ltr'>pellitur,</span> <span class='ocrx_word' id='word_1_153' title='bbox 733 1174 865 1216; x_wconf 91' lang='lat' dir='ltr'>totus</span> <span class='ocrx_word' id='word_1_154' title='bbox 913 1169 1141 1233; x_wconf 87' lang='lat' dir='ltr'>planetae</span> <span class='ocrx_word' id='word_1_155' title='bbox 1187 1169 1365 1232; x_wconf 90' lang='lat' dir='ltr'>globus</span> <span class='ocrx_word' id='word_1_156' title='bbox 1404 1186 1434 1219; x_wconf 90' lang='lat' dir='ltr'>a</span> <span class='ocrx_word' id='word_1_157' title='bbox 1471 1168 1588 1218; x_wconf 87' lang='lat' dir='ltr'>Sole</span> <span class='ocrx_word' id='word_1_158' title='bbox 1627 1168 1902 1238; x_wconf 81' lang='lat' dir='ltr'>expellitur.</span> <span class='ocrx_word' id='word_1_159' title='bbox 1980 1169 2137 1233; x_wconf 86' lang='lat' dir='ltr'>Igitur</span> <span class='ocrx_word' id='word_1_160' title='bbox 2176 1172 2327 1219; x_wconf 88' lang='lat' dir='ltr'>etiam</span> 
     </span>
     <span class='ocr_line' id='line_1_15' title="bbox 62 1241 2328 1308; baseline -0.001 -16"><span class='ocrx_word' id='word_1_161' title='bbox 62 1257 301 1300; x_wconf 88' lang='lat' dir='ltr'>mensura,</span> <span class='ocrx_word' id='word_1_162' title='bbox 340 1255 440 1304; x_wconf 86' lang='lat' dir='ltr'>qua</span> <span class='ocrx_word' id='word_1_163' title='bbox 476 1246 707 1306; x_wconf 19' lang='lat' dir='ltr'>pugnant*</span> <span class='ocrx_word' id='word_1_164' title='bbox 731 1242 857 1290; x_wconf 89' lang='lat' dir='ltr'>inter</span> <span class='ocrx_word' id='word_1_165' title='bbox 893 1257 945 1292; x_wconf 90' lang='lat' dir='ltr'>se</span> <span class='ocrx_word' id='word_1_166' title='bbox 982 1241 1198 1308; x_wconf 90' lang='lat' dir='ltr'>pondera</span> <span class='ocrx_word' id='word_1_167' title='bbox 1233 1242 1401 1301; x_wconf 90' lang='lat' dir='ltr'>librae,</span> <span class='ocrx_word' id='word_1_168' title='bbox 1443 1241 1772 1307; x_wconf 86' lang='lat' dir='ltr'>dominabitur</span> <span class='ocrx_word' id='word_1_169' title='bbox 1806 1243 1858 1289; x_wconf 92' lang='lat' dir='ltr'>in</span> <span class='ocrx_word' id='word_1_170' title='bbox 1894 1241 2042 1304; x_wconf 85' lang='lat' dir='ltr'>hujus</span> <span class='ocrx_word' id='word_1_171' title='bbox 2071 1245 2328 1292; x_wconf 87' lang='lat' dir='ltr'>attractio-</span> 
     </span>
     <span class='ocr_line' id='line_1_16' title="bbox 62 1313 2328 1379; baseline -0 -14"><span class='ocrx_word' id='word_1_172' title='bbox 62 1319 136 1365; x_wconf 86' lang='lat' dir='ltr'>nis</span> <span class='ocrx_word' id='word_1_173' title='bbox 173 1321 221 1365; x_wconf 91' lang='lat' dir='ltr'>et</span> <span class='ocrx_word' id='word_1_174' title='bbox 257 1313 560 1378; x_wconf 86' lang='lat' dir='ltr'>expulsionis</span> <span class='ocrx_word' id='word_1_175' title='bbox 597 1313 973 1379; x_wconf 85' lang='lat' dir='ltr'>dispensatione.</span> <span class='ocrx_word' id='word_1_176' title='bbox 1050 1313 1166 1364; x_wconf 84' lang='lat' dir='ltr'>Jam</span> <span class='ocrx_word' id='word_1_177' title='bbox 1207 1330 1323 1365; x_wconf 87' lang='lat' dir='ltr'>vero</span> <span class='ocrx_word' id='word_1_178' title='bbox 1370 1316 1420 1363; x_wconf 91' lang='lat' dir='ltr'>in</span> <span class='ocrx_word' id='word_1_179' title='bbox 1458 1315 1584 1364; x_wconf 88' lang='lat' dir='ltr'>libra</span> <span class='ocrx_word' id='word_1_180' title='bbox 1620 1314 1891 1379; x_wconf 87' lang='lat' dir='ltr'>ponderum</span> <span class='ocrx_word' id='word_1_181' title='bbox 1924 1317 2135 1364; x_wconf 88' lang='lat' dir='ltr'>victoria</span> <span class='ocrx_word' id='word_1_182' title='bbox 2173 1318 2328 1366; x_wconf 89' lang='lat' dir='ltr'>aesti-</span> 
     </span>
     <span class='ocr_line' id='line_1_17' title="bbox 63 1386 2320 1454; baseline -0.002 -14"><span class='ocrx_word' id='word_1_183' title='bbox 63 1394 222 1439; x_wconf 88' lang='lat' dir='ltr'>matur</span> <span class='ocrx_word' id='word_1_184' title='bbox 266 1388 377 1436; x_wconf 88' lang='lat' dir='ltr'>sinu</span> <span class='ocrx_word' id='word_1_185' title='bbox 428 1386 770 1451; x_wconf 72' lang='lat' dir='ltr'>complementi</span> <span class='ocrx_word' id='word_1_186' title='bbox 822 1387 1016 1451; x_wconf 84' lang='lat' dir='ltr'>anguli,</span> <span class='ocrx_word' id='word_1_187' title='bbox 1069 1390 1154 1452; x_wconf 87' lang='lat' dir='ltr'>qui</span> <span class='ocrx_word' id='word_1_188' title='bbox 1195 1394 1268 1437; x_wconf 91' lang='lat' dir='ltr'>est</span> <span class='ocrx_word' id='word_1_189' title='bbox 1306 1390 1430 1449; x_wconf 85' lang='lat' dir='ltr'>inter</span> <span class='ocrx_word' id='word_1_190' title='bbox 1468 1388 1775 1437; x_wconf 88' lang='lat' dir='ltr'>manubrium</span> <span class='ocrx_word' id='word_1_191' title='bbox 1813 1394 1861 1437; x_wconf 90' lang='lat' dir='ltr'>et</span> <span class='ocrx_word' id='word_1_192' title='bbox 1900 1388 2154 1437; x_wconf 82' lang='lat' dir='ltr'>brachium</span> <span class='ocrx_word' id='word_1_193' title='bbox 2193 1403 2320 1454; x_wconf 88' lang='lat' dir='ltr'>pon-</span> 
     </span>
     <span class='ocr_line' id='line_1_18' title="bbox 64 1460 2328 1527; baseline -0.001 -15"><span class='ocrx_word' id='word_1_194' title='bbox 64 1462 190 1513; x_wconf 84' lang='lat' dir='ltr'>deris</span> <span class='ocrx_word' id='word_1_195' title='bbox 226 1461 440 1521; x_wconf 89' lang='lat' dir='ltr'>levioris,</span> <span class='ocrx_word' id='word_1_196' title='bbox 480 1467 534 1508; x_wconf 91' lang='lat' dir='ltr'>ut</span> <span class='ocrx_word' id='word_1_197' title='bbox 572 1460 882 1524; x_wconf 87' lang='lat' dir='ltr'>probabitur:</span> <span class='ocrx_word' id='word_1_198' title='bbox 924 1476 1074 1525; x_wconf 89' lang='lat' dir='ltr'>quare</span> <span class='ocrx_word' id='word_1_199' title='bbox 1114 1463 1260 1510; x_wconf 88' lang='lat' dir='ltr'>etiam</span> <span class='ocrx_word' id='word_1_200' title='bbox 1298 1463 1346 1509; x_wconf 89' lang='lat' dir='ltr'>in</span> <span class='ocrx_word' id='word_1_201' title='bbox 1371 1461 1633 1511; x_wconf 89' lang='lat' dir='ltr'>libratione</span> <span class='ocrx_word' id='word_1_202' title='bbox 1660 1461 1873 1527; x_wconf 90' lang='lat' dir='ltr'>corporis</span> <span class='ocrx_word' id='word_1_203' title='bbox 1902 1460 2129 1525; x_wconf 87' lang='lat' dir='ltr'>planetae</span> <span class='ocrx_word' id='word_1_204' title='bbox 2155 1477 2328 1511; x_wconf 86' lang='lat' dir='ltr'>versus</span> 
     </span>
     <span class='ocr_line' id='line_1_19' title="bbox 63 1531 2329 1599; baseline -0 -13"><span class='ocrx_word' id='word_1_205' title='bbox 63 1535 228 1587; x_wconf 86' lang='lat' dir='ltr'>Solem</span> <span class='ocrx_word' id='word_1_206' title='bbox 265 1535 429 1599; x_wconf 84' lang='lat' dir='ltr'>passio</span> <span class='ocrx_word' id='word_1_207' title='bbox 465 1533 643 1598; x_wconf 87' lang='lat' dir='ltr'>plagae</span> <span class='ocrx_word' id='word_1_208' title='bbox 683 1531 742 1583; x_wconf 92' lang='lat' dir='ltr'>de</span> <span class='ocrx_word' id='word_1_209' title='bbox 767 1533 902 1595; x_wconf 88' lang='lat' dir='ltr'>fibra,</span> <span class='ocrx_word' id='word_1_210' title='bbox 942 1534 1046 1584; x_wconf 88' lang='lat' dir='ltr'>Soli</span> <span class='ocrx_word' id='word_1_211' title='bbox 1086 1535 1339 1599; x_wconf 83' lang='lat' dir='ltr'>propioris,</span> <span class='ocrx_word' id='word_1_212' title='bbox 1382 1536 1543 1584; x_wconf 84' lang='lat' dir='ltr'>vincet</span> <span class='ocrx_word' id='word_1_213' title='bbox 1576 1535 1856 1599; x_wconf 88' lang='lat' dir='ltr'>passionem</span> <span class='ocrx_word' id='word_1_214' title='bbox 1883 1534 2060 1598; x_wconf 89' lang='lat' dir='ltr'>plagae</span> <span class='ocrx_word' id='word_1_215' title='bbox 2088 1535 2329 1585; x_wconf 82' lang='lat' dir='ltr'>adversae</span> 
     </span>
     <span class='ocr_line' id='line_1_20' title="bbox 62 1606 2324 1675; baseline 0 -17"><span class='ocrx_word' id='word_1_216' title='bbox 62 1611 110 1658; x_wconf 89' lang='lat' dir='ltr'>in</span> <span class='ocrx_word' id='word_1_217' title='bbox 147 1608 460 1675; x_wconf 78' lang='lat' dir='ltr'>proportione</span> <span class='ocrx_word' id='word_1_218' title='bbox 495 1608 631 1655; x_wconf 90' lang='lat' dir='ltr'>sinus</span> <span class='ocrx_word' id='word_1_219' title='bbox 671 1606 1011 1671; x_wconf 88' lang='lat' dir='ltr'>complementi</span> <span class='ocrx_word' id='word_1_220' title='bbox 1049 1607 1231 1670; x_wconf 85' lang='lat' dir='ltr'>anguli,</span> <span class='ocrx_word' id='word_1_221' title='bbox 1273 1610 1358 1672; x_wconf 88' lang='lat' dir='ltr'>qui</span> <span class='ocrx_word' id='word_1_222' title='bbox 1396 1614 1472 1657; x_wconf 89' lang='lat' dir='ltr'>est</span> <span class='ocrx_word' id='word_1_223' title='bbox 1508 1609 1636 1658; x_wconf 88' lang='lat' dir='ltr'>inter</span> <span class='ocrx_word' id='word_1_224' title='bbox 1672 1607 1863 1657; x_wconf 86' lang='lat' dir='ltr'>radium</span> <span class='ocrx_word' id='word_1_225' title='bbox 1889 1606 2020 1657; x_wconf 88' lang='lat' dir='ltr'>Solis</span> <span class='ocrx_word' id='word_1_226' title='bbox 2060 1614 2109 1656; x_wconf 90' lang='lat' dir='ltr'>et</span> <span class='ocrx_word' id='word_1_227' title='bbox 2133 1608 2324 1658; x_wconf 87' lang='lat' dir='ltr'>fibram.</span> 
     </span>
     <span class='ocr_line' id='line_1_21' title="bbox 62 1679 2330 1744; baseline -0 -14"><span class='ocrx_word' id='word_1_228' title='bbox 62 1682 311 1731; x_wconf 87' lang='lat' dir='ltr'>Victoriae</span> <span class='ocrx_word' id='word_1_229' title='bbox 349 1693 466 1730; x_wconf 85' lang='lat' dir='ltr'>vero</span> <span class='ocrx_word' id='word_1_230' title='bbox 505 1679 731 1740; x_wconf 76' lang='lat' dir='ltr'>effectae,</span> <span class='ocrx_word' id='word_1_231' title='bbox 780 1682 829 1728; x_wconf 90' lang='lat' dir='ltr'>in</span> <span class='ocrx_word' id='word_1_232' title='bbox 869 1687 1005 1731; x_wconf 90' lang='lat' dir='ltr'>motu</span> <span class='ocrx_word' id='word_1_233' title='bbox 1043 1680 1241 1744; x_wconf 87' lang='lat' dir='ltr'>quidem</span> <span class='ocrx_word' id='word_1_234' title='bbox 1279 1681 1611 1744; x_wconf 87' lang='lat' dir='ltr'>planetarum,</span> <span class='ocrx_word' id='word_1_235' title='bbox 1666 1688 1742 1730; x_wconf 79' lang='lat' dir='ltr'>est</span> <span class='ocrx_word' id='word_1_236' title='bbox 1779 1680 2013 1731; x_wconf 85' lang='lat' dir='ltr'>fortitudo</span> <span class='ocrx_word' id='word_1_237' title='bbox 2050 1681 2330 1730; x_wconf 89' lang='lat' dir='ltr'>librationis</span> 
     </span>
     <span class='ocr_line' id='line_1_22' title="bbox 64 1753 2330 1818; baseline -0 -14"><span class='ocrx_word' id='word_1_238' title='bbox 64 1756 238 1818; x_wconf 88' lang='lat' dir='ltr'>cuique</span> <span class='ocrx_word' id='word_1_239' title='bbox 281 1753 395 1803; x_wconf 94' lang='lat' dir='ltr'>loco</span> <span class='ocrx_word' id='word_1_240' title='bbox 447 1758 743 1817; x_wconf 87' lang='lat' dir='ltr'>competens.</span> <span class='ocrx_word' id='word_1_241' title='bbox 820 1753 958 1804; x_wconf 89' lang='lat' dir='ltr'>Haec</span> <span class='ocrx_word' id='word_1_242' title='bbox 996 1755 1145 1816; x_wconf 89' lang='lat' dir='ltr'>igitur</span> <span class='ocrx_word' id='word_1_243' title='bbox 1181 1753 1441 1814; x_wconf 81' lang='lat' dir='ltr'>fortitudo,</span> <span class='ocrx_word' id='word_1_244' title='bbox 1497 1770 1584 1804; x_wconf 89' lang='lat' dir='ltr'>seu</span> <span class='ocrx_word' id='word_1_245' title='bbox 1624 1761 1793 1803; x_wconf 88' lang='lat' dir='ltr'>natum</span> <span class='ocrx_word' id='word_1_246' title='bbox 1831 1769 1891 1803; x_wconf 88' lang='lat' dir='ltr'>ex</span> <span class='ocrx_word' id='word_1_247' title='bbox 1928 1753 2016 1803; x_wconf 92' lang='lat' dir='ltr'>illa</span> <span class='ocrx_word' id='word_1_248' title='bbox 2052 1754 2330 1803; x_wconf 85' lang='lat' dir='ltr'>librationis</span> 
     </span>
    </p>
   </div>
   <div class='ocr_carea' id='block_1_3' title="bbox 0 1826 2105 1892">
    <p class='ocr_par' dir='ltr' id='par_1_3' title="bbox 0 1826 2105 1892">
     <span class='ocr_line' id='line_1_23' title="bbox 0 1826 2105 1892; baseline -0.001 -15"><span class='ocrx_word' id='word_1_249' title='bbox 0 1847 1 1861; x_wconf 65' lang='lat'><em>³</em></span> <span class='ocrx_word' id='word_1_250' title='bbox 63 1830 425 1887; x_wconf 88' lang='lat' dir='ltr'>incrementum,</span> <span class='ocrx_word' id='word_1_251' title='bbox 466 1827 806 1875; x_wconf 86' lang='lat' dir='ltr'>aestimabitur</span> <span class='ocrx_word' id='word_1_252' title='bbox 841 1827 1212 1881; x_wconf 56' lang='lat' dir='ltr'>similiter,sinu</span> <span class='ocrx_word' id='word_1_253' title='bbox 1252 1827 1594 1891; x_wconf 90' lang='lat' dir='ltr'>complementi</span> <span class='ocrx_word' id='word_1_254' title='bbox 1632 1829 1802 1892; x_wconf 88' lang='lat' dir='ltr'>anguli</span> <span class='ocrx_word' id='word_1_255' title='bbox 1840 1827 1903 1876; x_wconf 92' lang='lat' dir='ltr'>ad</span> <span class='ocrx_word' id='word_1_256' title='bbox 1942 1826 2105 1876; x_wconf 73' lang='lat' dir='ltr'>fibrae.</span> 
     </span>
    </p>
   </div>
   <div class='ocr_carea' id='block_1_4' title="bbox 5 2830 2171 3285">
    <p class='ocr_par' dir='ltr' id='par_1_4' title="bbox 5 2830 2171 3285">
     <span class='ocr_line' id='line_1_24' title="bbox 5 2830 1198 2891; baseline 0.001 -13"><span class='ocrx_word' id='word_1_257' title='bbox 5 2849 8 2868; x_wconf 78' lang='lat'>1</span> <span class='ocrx_word' id='word_1_258' title='bbox 67 2831 243 2891; x_wconf 79' lang='lat' dir='ltr'>pondus</span> <span class='ocrx_word' id='word_1_259' title='bbox 274 2832 554 2889; x_wconf 85' lang='lat' dir='ltr'>deprimitur,</span> <span class='ocrx_word' id='word_1_260' title='bbox 589 2830 764 2877; x_wconf 85' lang='lat' dir='ltr'>scilicet</span> <span class='ocrx_word' id='word_1_261' title='bbox 792 2845 875 2889; x_wconf 90' lang='lat' dir='ltr'>per</span> <span class='ocrx_word' id='word_1_262' title='bbox 894 2833 991 2878; x_wconf 86' lang='lat' dir='ltr'>AG.</span> <span class='ocrx_word' id='word_1_263' title='bbox 1035 2835 1097 2881; x_wconf 91' lang='lat' dir='ltr'>Ut</span> <span class='ocrx_word' id='word_1_264' title='bbox 1117 2834 1198 2891; x_wconf 87' lang='lat' dir='ltr'>igi-</span> 
     </span>
     <span class='ocr_line' id='line_1_25' title="bbox 6 2896 1198 2956; baseline 0.002 -12"><span class='ocrx_word' id='word_1_265' title='bbox 6 2915 9 2953; x_wconf 60' lang='grc' dir='ltr'><strong>ς</strong></span> <span class='ocrx_word' id='word_1_266' title='bbox 67 2904 140 2944; x_wconf 78' lang='lat' dir='ltr'>tur</span> <span class='ocrx_word' id='word_1_267' title='bbox 177 2903 250 2944; x_wconf 87' lang='lat' dir='ltr'>est</span> <span class='ocrx_word' id='word_1_268' title='bbox 278 2897 359 2942; x_wconf 84' lang='lat' dir='ltr'>DF</span> <span class='ocrx_word' id='word_1_269' title='bbox 398 2896 456 2942; x_wconf 86' lang='lat' dir='ltr'>ad</span> <span class='ocrx_word' id='word_1_270' title='bbox 495 2898 598 2954; x_wconf 83' lang='lat' dir='ltr'>FE,</span> <span class='ocrx_word' id='word_1_271' title='bbox 643 2897 709 2943; x_wconf 90' lang='lat' dir='ltr'>sic</span> <span class='ocrx_word' id='word_1_272' title='bbox 746 2903 818 2943; x_wconf 87' lang='lat' dir='ltr'>est</span> <span class='ocrx_word' id='word_1_273' title='bbox 853 2899 1034 2956; x_wconf 83' lang='lat' dir='ltr'>pondus</span> <span class='ocrx_word' id='word_1_274' title='bbox 1064 2900 1109 2945; x_wconf 87' lang='lat' dir='ltr'>H</span> <span class='ocrx_word' id='word_1_275' title='bbox 1139 2901 1198 2946; x_wconf 89' lang='lat' dir='ltr'>ad</span> 
     </span>
     <span class='ocr_line' id='line_1_26' title="bbox 6 2960 1197 3023; baseline 0.004 -16"><span class='ocrx_word' id='word_1_276' title='bbox 6 2960 12 3007; x_wconf 58' lang='grc' dir='ltr'><em>ἓ</em></span> <span class='ocrx_word' id='word_1_277' title='bbox 69 2963 244 3022; x_wconf 85' lang='lat' dir='ltr'>pondus</span> <span class='ocrx_word' id='word_1_278' title='bbox 273 2964 319 3021; x_wconf 87' lang='grc' dir='ltr'>Ι,</span> <span class='ocrx_word' id='word_1_279' title='bbox 359 2969 405 3007; x_wconf 89' lang='lat' dir='ltr'>et</span> <span class='ocrx_word' id='word_1_280' title='bbox 436 2968 487 3008; x_wconf 85' lang='lat' dir='ltr'>ut</span> <span class='ocrx_word' id='word_1_281' title='bbox 514 2962 595 3008; x_wconf 86' lang='lat' dir='ltr'>FE</span> <span class='ocrx_word' id='word_1_282' title='bbox 626 2962 685 3008; x_wconf 93' lang='lat' dir='ltr'>ad</span> <span class='ocrx_word' id='word_1_283' title='bbox 714 2963 818 3016; x_wconf 83' lang='lat' dir='ltr'>FG,</span> <span class='ocrx_word' id='word_1_284' title='bbox 858 2963 924 3010; x_wconf 88' lang='lat' dir='ltr'>sic</span> <span class='ocrx_word' id='word_1_285' title='bbox 963 2964 1143 3023; x_wconf 89' lang='lat' dir='ltr'>pondus</span> <span class='ocrx_word' id='word_1_286' title='bbox 1174 2968 1197 3012; x_wconf 95' lang='grc' dir='ltr'><strong>Ι</strong></span> 
     </span>
     <span class='ocr_line' id='line_1_27' title="bbox 8 3025 1195 3087; baseline 0.003 -13"><span class='ocrx_word' id='word_1_287' title='bbox 8 3025 10 3050; x_wconf 69' lang='lat'>³</span> <span class='ocrx_word' id='word_1_288' title='bbox 68 3027 125 3074; x_wconf 78' lang='lat' dir='ltr'>ad</span> <span class='ocrx_word' id='word_1_289' title='bbox 153 3042 389 3076; x_wconf 81' lang='lat' dir='ltr'>excessum</span> <span class='ocrx_word' id='word_1_290' title='bbox 419 3044 550 3076; x_wconf 87' lang='lat' dir='ltr'>suum</span> <span class='ocrx_word' id='word_1_291' title='bbox 593 3042 730 3087; x_wconf 88' lang='lat' dir='ltr'>super</span> <span class='ocrx_word' id='word_1_292' title='bbox 758 3029 823 3087; x_wconf 71' lang='lat'>115</span> <span class='ocrx_word' id='word_1_293' title='bbox 865 3036 911 3075; x_wconf 88' lang='lat' dir='ltr'>et</span> <span class='ocrx_word' id='word_1_294' title='bbox 941 3035 992 3075; x_wconf 90' lang='lat' dir='ltr'>ut</span> <span class='ocrx_word' id='word_1_295' title='bbox 1021 3031 1106 3077; x_wconf 86' lang='lat' dir='ltr'>DE</span> <span class='ocrx_word' id='word_1_296' title='bbox 1138 3032 1195 3079; x_wconf 89' lang='lat' dir='ltr'>ad</span> 
     </span>
     <span class='ocr_line' id='line_1_28' title="bbox 9 3091 1195 3154; baseline 0.003 -15"><span class='ocrx_word' id='word_1_297' title='bbox 9 3101 11 3153; x_wconf 73' lang='grc' dir='ltr'>ξ</span> <span class='ocrx_word' id='word_1_298' title='bbox 70 3091 145 3140; x_wconf 73' lang='lat' dir='ltr'>PG</span> <span class='ocrx_word' id='word_1_299' title='bbox 174 3094 247 3141; x_wconf 81' lang='lat' dir='ltr'>vel</span> <span class='ocrx_word' id='word_1_300' title='bbox 275 3096 360 3142; x_wconf 81' lang='lat' dir='ltr'>DA</span> <span class='ocrx_word' id='word_1_301' title='bbox 389 3095 447 3141; x_wconf 91' lang='lat' dir='ltr'>ad</span> <span class='ocrx_word' id='word_1_302' title='bbox 478 3096 582 3153; x_wconf 87' lang='lat' dir='ltr'>FA,</span> <span class='ocrx_word' id='word_1_303' title='bbox 624 3095 689 3141; x_wconf 90' lang='lat' dir='ltr'>sic</span> <span class='ocrx_word' id='word_1_304' title='bbox 728 3109 903 3141; x_wconf 87' lang='lat' dir='ltr'>summa</span> <span class='ocrx_word' id='word_1_305' title='bbox 943 3096 1195 3154; x_wconf 87' lang='lat' dir='ltr'>ponderum</span> 
     </span>
     <span class='ocr_line' id='line_1_29' title="bbox 10 3158 1194 3208; baseline 0.001 -2"><span class='ocrx_word' id='word_1_306' title='bbox 10 3158 13 3173; x_wconf 81' lang='grc'>’</span> <span class='ocrx_word' id='word_1_307' title='bbox 68 3158 125 3206; x_wconf 69' lang='lat' dir='ltr'>nd</span> <span class='ocrx_word' id='word_1_308' title='bbox 152 3173 399 3207; x_wconf 82' lang='lat' dir='ltr'>excessum.</span> <span class='ocrx_word' id='word_1_309' title='bbox 451 3162 512 3206; x_wconf 89' lang='lat' dir='ltr'>At</span> <span class='ocrx_word' id='word_1_310' title='bbox 541 3160 578 3205; x_wconf 90' lang='lat' dir='ltr'>si</span> <span class='ocrx_word' id='word_1_311' title='bbox 600 3161 677 3205; x_wconf 99' lang='lat' dir='ltr'>BA</span> <span class='ocrx_word' id='word_1_312' title='bbox 695 3161 911 3207; x_wconf 85' lang='lat' dir='ltr'>statuitur</span> <span class='ocrx_word' id='word_1_313' title='bbox 932 3172 1034 3207; x_wconf 87' lang='lat' dir='ltr'>esse</span> <span class='ocrx_word' id='word_1_314' title='bbox 1065 3161 1194 3208; x_wconf 78' lang='lat' dir='ltr'>sinus</span> 
     </span>
     <span class='ocr_line' id='line_1_30' title="bbox 11 3225 2171 3285; baseline 0.002 -14"><span class='ocrx_word' id='word_1_315' title='bbox 11 3252 14 3261; x_wconf 89' lang='lat'><strong>·</strong></span> <span class='ocrx_word' id='word_1_316' title='bbox 69 3229 212 3281; x_wconf 74' lang='lat' dir='ltr'>totus,</span> <span class='ocrx_word' id='word_1_317' title='bbox 252 3226 333 3271; x_wconf 85' lang='lat' dir='ltr'>FA</span> <span class='ocrx_word' id='word_1_318' title='bbox 363 3226 449 3271; x_wconf 87' lang='lat' dir='ltr'>erit</span> <span class='ocrx_word' id='word_1_319' title='bbox 479 3227 605 3273; x_wconf 88' lang='lat' dir='ltr'>sinus</span> <span class='ocrx_word' id='word_1_320' title='bbox 645 3225 798 3284; x_wconf 81' lang='lat' dir='ltr'>anguli</span> <span class='ocrx_word' id='word_1_321' title='bbox 829 3225 971 3283; x_wconf 83' lang='lat' dir='ltr'>FBA,</span> <span class='ocrx_word' id='word_1_322' title='bbox 1016 3227 1093 3285; x_wconf 89' lang='lat' dir='ltr'>qui</span> <span class='ocrx_word' id='word_1_323' title='bbox 1125 3234 1195 3274; x_wconf 85' lang='lat' dir='ltr'>est</span> <span class='ocrx_word' id='word_1_324' title='bbox 2158 3226 2171 3256; x_wconf 88' lang='lat'>¹</span> 
     </span>
    </p>
   </div>
   <div class='ocr_carea' id='block_1_5' title="bbox 60 1909 2332 2824">
    <p class='ocr_par' dir='ltr' id='par_1_5' title="bbox 60 1909 2332 2824">
     <span class='ocr_line' id='line_1_31' title="bbox 235 1909 2332 1968; baseline 0.002 -14"><span class='ocrx_word' id='word_1_325' title='bbox 235 1910 305 1955; x_wconf 86' lang='lat' dir='ltr'>Sit</span> <span class='ocrx_word' id='word_1_326' title='bbox 334 1910 419 1955; x_wconf 93' lang='lat' dir='ltr'>AD</span> <span class='ocrx_word' id='word_1_327' title='bbox 449 1909 736 1955; x_wconf 85' lang='lat' dir='ltr'>manubrium</span> <span class='ocrx_word' id='word_1_328' title='bbox 769 1923 850 1956; x_wconf 89' lang='lat' dir='ltr'>seu</span> <span class='ocrx_word' id='word_1_329' title='bbox 874 1911 1050 1968; x_wconf 87' lang='lat' dir='ltr'>jugum,</span> <span class='ocrx_word' id='word_1_330' title='bbox 1083 1910 1216 1968; x_wconf 90' lang='lat' dir='ltr'>eique</span> <span class='ocrx_word' id='word_1_331' title='bbox 1247 1910 1456 1967; x_wconf 87' lang='lat' dir='ltr'>aequalia</span> <span class='ocrx_word' id='word_1_332' title='bbox 1486 1911 1587 1963; x_wconf 89' lang='lat' dir='ltr'>AB,</span> <span class='ocrx_word' id='word_1_333' title='bbox 1618 1910 1697 1956; x_wconf 81' lang='lat' dir='ltr'>Ac</span> <span class='ocrx_word' id='word_1_334' title='bbox 1726 1909 1914 1956; x_wconf 86' lang='lat' dir='ltr'>brachia</span> <span class='ocrx_word' id='word_1_335' title='bbox 1944 1910 1990 1956; x_wconf 89' lang='lat' dir='ltr'>in</span> <span class='ocrx_word' id='word_1_336' title='bbox 2022 1910 2179 1956; x_wconf 90' lang='lat' dir='ltr'>eadem</span> <span class='ocrx_word' id='word_1_337' title='bbox 2209 1918 2332 1959; x_wconf 86' lang='lat' dir='ltr'>recta</span> 
     </span>
     <span class='ocr_line' id='line_1_32' title="bbox 63 1974 2332 2035; baseline 0 -13"><span class='ocrx_word' id='word_1_338' title='bbox 63 1975 152 2033; x_wconf 86' lang='lat' dir='ltr'>BC,</span> <span class='ocrx_word' id='word_1_339' title='bbox 181 1975 225 2021; x_wconf 88' lang='lat' dir='ltr'><strong>H</strong></span> <span class='ocrx_word' id='word_1_340' title='bbox 256 1975 316 2021; x_wconf 89' lang='lat' dir='ltr'>sit</span> <span class='ocrx_word' id='word_1_341' title='bbox 344 1975 527 2032; x_wconf 90' lang='lat' dir='ltr'>pondus</span> <span class='ocrx_word' id='word_1_342' title='bbox 557 1974 715 2029; x_wconf 84' lang='lat' dir='ltr'>levius,</span> <span class='ocrx_word' id='word_1_343' title='bbox 748 1974 1011 2032; x_wconf 90' lang='lat' dir='ltr'>dependens</span> <span class='ocrx_word' id='word_1_344' title='bbox 1043 1989 1071 2021; x_wconf 90' lang='lat' dir='ltr'>a</span> <span class='ocrx_word' id='word_1_345' title='bbox 1099 1976 1152 2032; x_wconf 90' lang='lat' dir='ltr'>B,</span> <span class='ocrx_word' id='word_1_346' title='bbox 1183 1975 1206 2019; x_wconf 96' lang='lat' dir='ltr'>I</span> <span class='ocrx_word' id='word_1_347' title='bbox 1236 1975 1417 2033; x_wconf 89' lang='lat' dir='ltr'>pondus</span> <span class='ocrx_word' id='word_1_348' title='bbox 1448 1975 1656 2032; x_wconf 86' lang='lat' dir='ltr'>gravius,</span> <span class='ocrx_word' id='word_1_349' title='bbox 1688 1989 1715 2020; x_wconf 89' lang='lat' dir='ltr'>a</span> <span class='ocrx_word' id='word_1_350' title='bbox 1748 1977 1781 2022; x_wconf 85' lang='lat' dir='ltr'>C</span> <span class='ocrx_word' id='word_1_351' title='bbox 1813 1976 2091 2035; x_wconf 58' lang='lat' dir='ltr'>dependens</span> <span class='ocrx_word' id='word_1_352' title='bbox 2151 1977 2332 2035; x_wconf 82' lang='lat' dir='ltr'>Quanta</span> 
     </span>
     <span class='ocr_line' id='line_1_33' title="bbox 61 2040 1830 2114; baseline -0.001 -26"><span class='ocrx_word' id='word_1_353' title='bbox 61 2042 198 2102; x_wconf 80' lang='lat' dir='ltr'>igitur</span> <span class='ocrx_word' id='word_1_354' title='bbox 225 2047 299 2087; x_wconf 87' lang='lat' dir='ltr'>est</span> <span class='ocrx_word' id='word_1_355' title='bbox 321 2040 560 2095; x_wconf 80' lang='lat' dir='ltr'>longitudo</span> <span class='ocrx_word' id='word_1_356' title='bbox 590 2041 881 2087; x_wconf 83' lang='lat' dir='ltr'>brachiorum</span> <span class='ocrx_word' id='word_1_357' title='bbox 897 2044 988 2101; x_wconf 83' lang='lat' dir='ltr'>BC,</span> <span class='ocrx_word' id='word_1_358' title='bbox 1020 2048 1195 2088; x_wconf 86' lang='lat' dir='ltr'>tantam</span> <span class='ocrx_word' id='word_1_359' title='bbox 1663 2071 1748 2114; x_wconf 69' lang='lat' dir='ltr'>mg.</span> <span class='ocrx_word' id='word_1_360' title='bbox 1773 2071 1830 2108; x_wconf 78' lang='lat'>75.</span> 
     </span>
     <span class='ocr_line' id='line_1_34' title="bbox 60 2105 1198 2166; baseline -0.001 -11"><span class='ocrx_word' id='word_1_361' title='bbox 60 2108 232 2155; x_wconf 78' lang='lat' dir='ltr'>babent</span> <span class='ocrx_word' id='word_1_362' title='bbox 260 2105 543 2152; x_wconf 85' lang='lat' dir='ltr'>altitudinem</span> <span class='ocrx_word' id='word_1_363' title='bbox 564 2108 769 2163; x_wconf 88' lang='lat' dir='ltr'>pondera</span> <span class='ocrx_word' id='word_1_364' title='bbox 799 2113 938 2165; x_wconf 90' lang='lat' dir='ltr'>(quae</span> <span class='ocrx_word' id='word_1_365' title='bbox 966 2113 1198 2166; x_wconf 86' lang='lat' dir='ltr'>potestate</span> 
     </span>
     <span class='ocr_line' id='line_1_35' title="bbox 63 2171 1199 2231; baseline 0.001 -12"><span class='ocrx_word' id='word_1_366' title='bbox 63 2181 169 2222; x_wconf 84' lang='lat' dir='ltr'>sunt</span> <span class='ocrx_word' id='word_1_367' title='bbox 194 2174 242 2219; x_wconf 89' lang='lat' dir='ltr'>in</span> <span class='ocrx_word' id='word_1_368' title='bbox 271 2174 324 2228; x_wconf 88' lang='lat' dir='ltr'>B,</span> <span class='ocrx_word' id='word_1_369' title='bbox 356 2172 392 2217; x_wconf 88' lang='lat' dir='ltr'>C</span> <span class='ocrx_word' id='word_1_370' title='bbox 419 2171 633 2229; x_wconf 87' lang='lat' dir='ltr'>punctis),</span> <span class='ocrx_word' id='word_1_371' title='bbox 666 2173 723 2218; x_wconf 90' lang='lat' dir='ltr'>de</span> <span class='ocrx_word' id='word_1_372' title='bbox 751 2188 844 2231; x_wconf 88' lang='lat' dir='ltr'>qna</span> <span class='ocrx_word' id='word_1_373' title='bbox 872 2175 991 2219; x_wconf 87' lang='lat' dir='ltr'>inter</span> <span class='ocrx_word' id='word_1_374' title='bbox 1021 2187 1071 2220; x_wconf 87' lang='lat' dir='ltr'>se</span> <span class='ocrx_word' id='word_1_375' title='bbox 1094 2187 1199 2220; x_wconf 87' lang='lat' dir='ltr'>con-</span> 
     </span>
     <span class='ocr_line' id='line_1_36' title="bbox 64 2238 1199 2299; baseline -0.003 -10"><span class='ocrx_word' id='word_1_376' title='bbox 64 2241 270 2289; x_wconf 81' lang='lat' dir='ltr'>tendant:</span> <span class='ocrx_word' id='word_1_377' title='bbox 302 2238 363 2286; x_wconf 88' lang='lat' dir='ltr'>sit</span> <span class='ocrx_word' id='word_1_378' title='bbox 393 2251 448 2284; x_wconf 89' lang='lat' dir='ltr'>ea</span> <span class='ocrx_word' id='word_1_379' title='bbox 471 2239 578 2299; x_wconf 84' lang='lat' dir='ltr'>DE.</span> <span class='ocrx_word' id='word_1_380' title='bbox 622 2239 741 2285; x_wconf 83' lang='lat' dir='ltr'>Nam</span> <span class='ocrx_word' id='word_1_381' title='bbox 771 2238 810 2283; x_wconf 88' lang='lat' dir='ltr'>si</span> <span class='ocrx_word' id='word_1_382' title='bbox 839 2239 1020 2297; x_wconf 89' lang='lat' dir='ltr'>pondus</span> <span class='ocrx_word' id='word_1_383' title='bbox 1049 2240 1199 2297; x_wconf 84' lang='lat' dir='ltr'>majus</span> 
     </span>
     <span class='ocr_line' id='line_1_37' title="bbox 65 2305 1199 2364; baseline -0.002 -10"><span class='ocrx_word' id='word_1_384' title='bbox 65 2313 209 2354; x_wconf 76' lang='lat' dir='ltr'>totum</span> <span class='ocrx_word' id='word_1_385' title='bbox 238 2319 388 2352; x_wconf 86' lang='lat' dir='ltr'>assem</span> <span class='ocrx_word' id='word_1_386' title='bbox 417 2307 633 2359; x_wconf 83' lang='lat' dir='ltr'>vinceret,</span> <span class='ocrx_word' id='word_1_387' title='bbox 662 2305 899 2352; x_wconf 85' lang='lat' dir='ltr'>brachium</span> <span class='ocrx_word' id='word_1_388' title='bbox 929 2306 1011 2352; x_wconf 90' lang='lat' dir='ltr'>BA</span> <span class='ocrx_word' id='word_1_389' title='bbox 1035 2306 1199 2364; x_wconf 84' lang='lat' dir='ltr'>junge·</span> 
     </span>
     <span class='ocr_line' id='line_1_38' title="bbox 65 2371 1197 2429; baseline -0.004 -9"><span class='ocrx_word' id='word_1_390' title='bbox 65 2379 189 2420; x_wconf 72' lang='lat' dir='ltr'>teian·</span> <span class='ocrx_word' id='word_1_391' title='bbox 215 2371 452 2418; x_wconf 82' lang='lat' dir='ltr'>manubrio</span> <span class='ocrx_word' id='word_1_392' title='bbox 483 2371 579 2428; x_wconf 82' lang='lat' dir='ltr'>DA,</span> <span class='ocrx_word' id='word_1_393' title='bbox 612 2376 659 2416; x_wconf 85' lang='lat' dir='ltr'>et</span> <span class='ocrx_word' id='word_1_394' title='bbox 687 2372 838 2428; x_wconf 88' lang='lat' dir='ltr'>majus</span> <span class='ocrx_word' id='word_1_395' title='bbox 867 2371 1049 2429; x_wconf 89' lang='lat' dir='ltr'>pondus</span> <span class='ocrx_word' id='word_1_396' title='bbox 1072 2371 1106 2416; x_wconf 88' lang='lat' dir='ltr'>C</span> <span class='ocrx_word' id='word_1_397' title='bbox 1126 2384 1197 2417; x_wconf 88' lang='lat' dir='ltr'>es·</span> 
     </span>
     <span class='ocr_line' id='line_1_39' title="bbox 66 2436 1198 2495; baseline -0.003 -10"><span class='ocrx_word' id='word_1_398' title='bbox 66 2444 136 2485; x_wconf 83' lang='lat' dir='ltr'>set</span> <span class='ocrx_word' id='word_1_399' title='bbox 160 2438 208 2486; x_wconf 87' lang='lat' dir='ltr'>in</span> <span class='ocrx_word' id='word_1_400' title='bbox 235 2438 338 2485; x_wconf 88' lang='lat' dir='ltr'>loco</span> <span class='ocrx_word' id='word_1_401' title='bbox 369 2436 623 2484; x_wconf 85' lang='lat' dir='ltr'>altitudinis</span> <span class='ocrx_word' id='word_1_402' title='bbox 653 2437 694 2482; x_wconf 79' lang='grc' dir='ltr'>Ε</span> <span class='ocrx_word' id='word_1_403' title='bbox 727 2437 1017 2495; x_wconf 86' lang='lat' dir='ltr'>elevaretque</span> <span class='ocrx_word' id='word_1_404' title='bbox 1047 2436 1198 2482; x_wconf 91' lang='lat' dir='ltr'>minus</span> 
     </span>
     <span class='ocr_line' id='line_1_40' title="bbox 66 2501 1199 2564; baseline -0.005 -11"><span class='ocrx_word' id='word_1_405' title='bbox 66 2504 125 2552; x_wconf 74' lang='lat' dir='ltr'>ad</span> <span class='ocrx_word' id='word_1_406' title='bbox 163 2518 309 2564; x_wconf 90' lang='lat' dir='ltr'>usque</span> <span class='ocrx_word' id='word_1_407' title='bbox 347 2517 570 2550; x_wconf 88' lang='lat' dir='ltr'>summum</span> <span class='ocrx_word' id='word_1_408' title='bbox 600 2503 831 2560; x_wconf 82' lang='lat' dir='ltr'>fastigium</span> <span class='ocrx_word' id='word_1_409' title='bbox 862 2504 932 2561; x_wconf 90' lang='lat' dir='ltr'>D;</span> <span class='ocrx_word' id='word_1_410' title='bbox 979 2501 1060 2549; x_wconf 88' lang='lat' dir='ltr'>sed</span> <span class='ocrx_word' id='word_1_411' title='bbox 1091 2502 1199 2559; x_wconf 89' lang='lat' dir='ltr'>quia</span> 
     </span>
     <span class='ocr_line' id='line_1_41' title="bbox 67 2569 1197 2629; baseline 0 -12"><span class='ocrx_word' id='word_1_412' title='bbox 67 2583 156 2617; x_wconf 86' lang='lat' dir='ltr'>non</span> <span class='ocrx_word' id='word_1_413' title='bbox 182 2576 329 2618; x_wconf 84' lang='lat' dir='ltr'>totum</span> <span class='ocrx_word' id='word_1_414' title='bbox 359 2583 510 2616; x_wconf 88' lang='lat' dir='ltr'>assem</span> <span class='ocrx_word' id='word_1_415' title='bbox 539 2569 690 2624; x_wconf 83' lang='lat' dir='ltr'>vincit,</span> <span class='ocrx_word' id='word_1_416' title='bbox 721 2569 861 2615; x_wconf 87' lang='lat' dir='ltr'>ducta</span> <span class='ocrx_word' id='word_1_417' title='bbox 889 2570 1031 2629; x_wconf 83' lang='lat' dir='ltr'>igitur</span> <span class='ocrx_word' id='word_1_418' title='bbox 1060 2583 1086 2614; x_wconf 89' lang='lat' dir='ltr'>a</span> <span class='ocrx_word' id='word_1_419' title='bbox 1106 2570 1197 2617; x_wconf 89' lang='lat' dir='ltr'>fine</span> 
     </span>
     <span class='ocr_line' id='line_1_42' title="bbox 65 2634 1198 2698; baseline 0 -16"><span class='ocrx_word' id='word_1_420' title='bbox 65 2634 235 2683; x_wconf 79' lang='lat' dir='ltr'>brachii</span> <span class='ocrx_word' id='word_1_421' title='bbox 261 2638 300 2682; x_wconf 91' lang='lat' dir='ltr'>B</span> <span class='ocrx_word' id='word_1_422' title='bbox 330 2637 376 2698; x_wconf 84' lang='lat' dir='ltr'>in</span> <span class='ocrx_word' id='word_1_423' title='bbox 400 2635 791 2681; x_wconf 69' lang='lat' dir='ltr'>manubrium‘DA</span> <span class='ocrx_word' id='word_1_424' title='bbox 808 2634 1198 2694; x_wconf 86' lang='lat' dir='ltr'>perpendicularis</span> 
     </span>
     <span class='ocr_line' id='line_1_43' title="bbox 66 2699 1200 2760; baseline 0.001 -13"><span class='ocrx_word' id='word_1_425' title='bbox 66 2700 144 2748; x_wconf 74' lang='grc' dir='ltr'>ΒΓ</span> <span class='ocrx_word' id='word_1_426' title='bbox 179 2701 402 2759; x_wconf 85' lang='lat' dir='ltr'>ostendit,</span> <span class='ocrx_word' id='word_1_427' title='bbox 445 2699 567 2757; x_wconf 88' lang='lat' dir='ltr'>quod</span> <span class='ocrx_word' id='word_1_428' title='bbox 606 2700 785 2758; x_wconf 88' lang='lat' dir='ltr'>pondus</span> <span class='ocrx_word' id='word_1_429' title='bbox 816 2701 854 2745; x_wconf 93' lang='lat' dir='ltr'>B</span> <span class='ocrx_word' id='word_1_430' title='bbox 890 2700 1079 2747; x_wconf 88' lang='lat' dir='ltr'>tollatur</span> <span class='ocrx_word' id='word_1_431' title='bbox 1115 2715 1200 2760; x_wconf 88' lang='lat' dir='ltr'>per</span> 
     </span>
     <span class='ocr_line' id='line_1_44' title="bbox 66 2765 1198 2824; baseline 0.001 -11"><span class='ocrx_word' id='word_1_432' title='bbox 66 2772 237 2824; x_wconf 70' lang='lat' dir='ltr'>partem</span> <span class='ocrx_word' id='word_1_433' title='bbox 275 2765 531 2813; x_wconf 87' lang='lat' dir='ltr'>altitudinis</span> <span class='ocrx_word' id='word_1_434' title='bbox 570 2766 651 2811; x_wconf 86' lang='lat' dir='ltr'>FA</span> <span class='ocrx_word' id='word_1_435' title='bbox 689 2772 736 2812; x_wconf 87' lang='lat' dir='ltr'>et</span> <span class='ocrx_word' id='word_1_436' title='bbox 775 2771 953 2812; x_wconf 86' lang='lat' dir='ltr'>tantum</span> <span class='ocrx_word' id='word_1_437' title='bbox 996 2768 1131 2813; x_wconf 87' lang='lat' dir='ltr'>etiam</span> <span class='ocrx_word' id='word_1_438' title='bbox 1164 2770 1198 2814; x_wconf 89' lang='lat' dir='ltr'>C</span> 
     </span>
    </p>
   </div>
   <div class='ocr_carea' id='block_1_6' title="bbox 1326 2159 2195 3204">
    <p class='ocr_par' dir='ltr' id='par_1_6' title="bbox 1326 2159 2195 3204">
     <span class='ocr_line' id='line_1_45' title="bbox 1326 2159 2195 3204; baseline 0 0"><span class='ocrx_word' id='word_1_439' title='bbox 1326 2159 2195 3204; x_wconf 95' lang='lat' dir='ltr'> </span> 
     </span>
    </p>
   </div>
   <div class='ocr_carea' id='block_1_7' title="bbox 70 3290 1193 3429">
    <p class='ocr_par' dir='ltr' id='par_1_7' title="bbox 70 3290 1193 3429">
     <span class='ocr_line' id='line_1_46' title="bbox 70 3290 792 3350; baseline 0 -15"><span class='ocrx_word' id='word_1_440' title='bbox 70 3290 440 3348; x_wconf 80' lang='lat' dir='ltr'>complementum</span> <span class='ocrx_word' id='word_1_441' title='bbox 472 3291 626 3350; x_wconf 82' lang='lat' dir='ltr'>anguli</span> <span class='ocrx_word' id='word_1_442' title='bbox 657 3292 792 3336; x_wconf 84' lang='lat' dir='ltr'>FAB.</span> 
     </span>
     <span class='ocr_line' id='line_1_47' title="bbox 181 3369 1193 3429; baseline 0.002 -14"><span class='ocrx_word' id='word_1_443' title='bbox 181 3370 354 3417; x_wconf 82' lang='lat' dir='ltr'>Eodem</span> <span class='ocrx_word' id='word_1_444' title='bbox 391 3372 525 3418; x_wconf 92' lang='lat' dir='ltr'>modo</span> <span class='ocrx_word' id='word_1_445' title='bbox 565 3372 603 3417; x_wconf 86' lang='lat' dir='ltr'>si</span> <span class='ocrx_word' id='word_1_446' title='bbox 643 3372 723 3417; x_wconf 83' lang='lat' dir='ltr'>EA</span> <span class='ocrx_word' id='word_1_447' title='bbox 766 3371 826 3416; x_wconf 89' lang='lat' dir='ltr'>sit</span> <span class='ocrx_word' id='word_1_448' title='bbox 863 3369 1019 3416; x_wconf 88' lang='lat' dir='ltr'>radius</span> <span class='ocrx_word' id='word_1_449' title='bbox 1060 3369 1193 3429; x_wconf 86' lang='lat' dir='ltr'>Solis,</span> 
     </span>
    </p>
   </div>
   <div class='ocr_carea' id='block_1_8' title="bbox 14 3434 2322 3565">
    <p class='ocr_par' dir='ltr' id='par_1_8' title="bbox 14 3434 2322 3565">
     <span class='ocr_line' id='line_1_48' title="bbox 14 3434 2322 3503; baseline 0.005 -23"><span class='ocrx_word' id='word_1_450' title='bbox 14 3439 16 3450; x_wconf 74' lang='lat'>²</span> <span class='ocrx_word' id='word_1_451' title='bbox 70 3434 144 3481; x_wconf 85' lang='lat' dir='ltr'>BC</span> <span class='ocrx_word' id='word_1_452' title='bbox 171 3435 285 3482; x_wconf 75' lang='lat' dir='ltr'>fibra</span> <span class='ocrx_word' id='word_1_453' title='bbox 312 3438 565 3495; x_wconf 83' lang='lat' dir='ltr'>magnetica</span> <span class='ocrx_word' id='word_1_454' title='bbox 594 3438 796 3495; x_wconf 84' lang='lat' dir='ltr'>corporis</span> <span class='ocrx_word' id='word_1_455' title='bbox 829 3436 1080 3494; x_wconf 87' lang='lat' dir='ltr'>planetarii,</span> <span class='ocrx_word' id='word_1_456' title='bbox 1112 3438 1154 3483; x_wconf 85' lang='lat' dir='ltr'>H</span> <span class='ocrx_word' id='word_1_457' title='bbox 1186 3439 1255 3485; x_wconf 82' lang='lat' dir='ltr'>vel</span> <span class='ocrx_word' id='word_1_458' title='bbox 1286 3442 1323 3486; x_wconf 90' lang='lat' dir='ltr'>B</span> <span class='ocrx_word' id='word_1_459' title='bbox 1346 3441 1473 3500; x_wconf 81' lang='lat' dir='ltr'>vigor</span> <span class='ocrx_word' id='word_1_460' title='bbox 1503 3442 1783 3501; x_wconf 83' lang='lat' dir='ltr'>expulsionis</span> <span class='ocrx_word' id='word_1_461' title='bbox 1813 3444 1973 3502; x_wconf 87' lang='lat' dir='ltr'>minor,</span> <span class='ocrx_word' id='word_1_462' title='bbox 2005 3444 2117 3491; x_wconf 86' lang='lat' dir='ltr'>Ivel</span> <span class='ocrx_word' id='word_1_463' title='bbox 2141 3445 2175 3491; x_wconf 88' lang='lat' dir='ltr'>C</span> <span class='ocrx_word' id='word_1_464' title='bbox 2195 3446 2322 3503; x_wconf 82' lang='lat' dir='ltr'>vigor</span> 
     </span>
     <span class='ocr_line' id='line_1_49' title="bbox 16 3501 2319 3565; baseline 0.004 -19"><span class='ocrx_word' id='word_1_465' title='bbox 16 3520 17 3525; x_wconf 45' lang='lat'>¹</span> <span class='ocrx_word' id='word_1_466' title='bbox 71 3501 349 3548; x_wconf 61' lang='lat' dir='ltr'>attractionis</span> <span class='ocrx_word' id='word_1_467' title='bbox 378 3505 535 3562; x_wconf 89' lang='lat' dir='ltr'>maj0r,</span> <span class='ocrx_word' id='word_1_468' title='bbox 566 3504 736 3562; x_wconf 87' lang='lat' dir='ltr'>qnippe</span> <span class='ocrx_word' id='word_1_469' title='bbox 768 3505 802 3549; x_wconf 92' lang='lat' dir='ltr'>C</span> <span class='ocrx_word' id='word_1_470' title='bbox 824 3502 918 3550; x_wconf 86' lang='lat' dir='ltr'>Soli</span> <span class='ocrx_word' id='word_1_471' title='bbox 949 3503 1134 3561; x_wconf 87' lang='lat' dir='ltr'>propius</span> <span class='ocrx_word' id='word_1_472' title='bbox 1167 3506 1418 3563; x_wconf 87' lang='lat' dir='ltr'>accipiatur</span> <span class='ocrx_word' id='word_1_473' title='bbox 1449 3522 1582 3565; x_wconf 89' lang='lat' dir='ltr'>quam</span> <span class='ocrx_word' id='word_1_474' title='bbox 1604 3509 1655 3565; x_wconf 89' lang='lat' dir='ltr'>B,</span> <span class='ocrx_word' id='word_1_475' title='bbox 1688 3512 1797 3555; x_wconf 88' lang='lat' dir='ltr'>tunc</span> <span class='ocrx_word' id='word_1_476' title='bbox 1828 3509 1869 3555; x_wconf 86' lang='lat' dir='ltr'>si</span> <span class='ocrx_word' id='word_1_477' title='bbox 1887 3510 1967 3556; x_wconf 87' lang='lat' dir='ltr'>BA</span> <span class='ocrx_word' id='word_1_478' title='bbox 1988 3510 2126 3557; x_wconf 83' lang='lat' dir='ltr'>refert</span> <span class='ocrx_word' id='word_1_479' title='bbox 2156 3516 2319 3556; x_wconf 86' lang='lat' dir='ltr'>attrac-</span> 
     </span>
    </p>
   </div>
   <div class='ocr_carea' id='block_1_9' title="bbox 16 3566 2320 3681">
    <p class='ocr_par' dir='ltr' id='par_1_9' title="bbox 16 3566 2320 3681">
     <span class='ocr_line' id='line_1_50' title="bbox 16 3566 2320 3680; baseline 0.004 -68"><span class='ocrx_word' id='word_1_480' title='bbox 16 3573 19 3638; x_wconf 62' lang='grc' dir='ltr'>ξ</span> <span class='ocrx_word' id='word_1_481' title='bbox 71 3566 630 3680; x_wconf 52' lang='lat' dir='ltr'>titlnfflgalentziiigam</span> <span class='ocrx_word' id='word_1_482' title='bbox 662 3570 826 3628; x_wconf 82' lang='lat' dir='ltr'>angulo</span> <span class='ocrx_word' id='word_1_483' title='bbox 856 3570 979 3615; x_wconf 89' lang='lat' dir='ltr'>BAD</span> <span class='ocrx_word' id='word_1_484' title='bbox 1013 3570 1152 3628; x_wconf 88' lang='lat' dir='ltr'>nullo,</span> <span class='ocrx_word' id='word_1_485' title='bbox 1184 3572 1264 3617; x_wconf 81' lang='lat' dir='ltr'>AF</span> <span class='ocrx_word' id='word_1_486' title='bbox 1295 3574 1647 3631; x_wconf 74' lang='lat' dir='ltr'>repraesentabit</span> <span class='ocrx_word' id='word_1_487' title='bbox 1675 3575 1965 3632; x_wconf 85' lang='lat' dir='ltr'>tractionem,</span> <span class='ocrx_word' id='word_1_488' title='bbox 2005 3576 2172 3634; x_wconf 78' lang='lat' dir='ltr'>angulo</span> <span class='ocrx_word' id='word_1_489' title='bbox 2203 3577 2320 3622; x_wconf 69' lang='grc' dir='ltr'><strong>ΒΑΕ·</strong></span> 
     </span>
     <span class='ocr_line' id='line_1_51' title="bbox 73 3645 551 3681; baseline 0.013 -6"><span class='ocrx_word' id='word_1_490' title='bbox 73 3645 99 3675; x_wconf 78' lang='lat' dir='ltr'>V</span> <span class='ocrx_word' id='word_1_491' title='bbox 316 3646 413 3680; x_wconf 68' lang='lat'>0118</span> <span class='ocrx_word' id='word_1_492' title='bbox 460 3649 489 3681; x_wconf 79' lang='lat' dir='ltr'>n</span> <span class='ocrx_word' id='word_1_493' title='bbox 540 3669 551 3680; x_wconf 89' lang='lat'>.</span> 
     </span>
    </p>
   </div>
   <div class='ocr_carea' id='block_1_10' title="bbox 213 3711 2317 3778">
    <p class='ocr_par' dir='ltr' id='par_1_10' title="bbox 213 3711 2317 3778">
     <span class='ocr_line' id='line_1_52' title="bbox 213 3711 2317 3778; baseline 0.003 -18"><span class='ocrx_word' id='word_1_494' title='bbox 213 3711 424 3774; x_wconf 63' lang='lat' dir='ltr'>applica</span> <span class='ocrx_word' id='word_1_495' title='bbox 460 3712 581 3762; x_wconf 78' lang='lat' dir='ltr'>haec</span> <span class='ocrx_word' id='word_1_496' title='bbox 616 3715 768 3762; x_wconf 79' lang='lat' dir='ltr'>etiam</span> <span class='ocrx_word' id='word_1_497' title='bbox 805 3713 876 3762; x_wconf 83' lang='lat' dir='ltr'>ad</span> <span class='ocrx_word' id='word_1_498' title='bbox 909 3716 1131 3763; x_wconf 77' lang='lat' dir='ltr'>rationes</span> <span class='ocrx_word' id='word_1_499' title='bbox 1165 3721 1396 3765; x_wconf 77' lang='lat' dir='ltr'>staterae.</span> <span class='ocrx_word' id='word_1_500' title='bbox 1459 3716 1679 3769; x_wconf 85' lang='lat' dir='ltr'>Staterae</span> <span class='ocrx_word' id='word_1_501' title='bbox 1717 3721 1840 3769; x_wconf 88' lang='lat' dir='ltr'>ratio</span> <span class='ocrx_word' id='word_1_502' title='bbox 1880 3726 1955 3770; x_wconf 89' lang='lat' dir='ltr'>est</span> <span class='ocrx_word' id='word_1_503' title='bbox 1995 3718 2182 3778; x_wconf 87' lang='lat' dir='ltr'>eadem,</span> <span class='ocrx_word' id='word_1_504' title='bbox 2224 3717 2317 3767; x_wconf 88' lang='lat' dir='ltr'>hac</span> 
     </span>
    </p>
   </div>
   <div class='ocr_carea' id='block_1_11' title="bbox 20 3780 2317 3929">
    <p class='ocr_par' dir='ltr' id='par_1_11' title="bbox 20 3780 2317 3929">
     <span class='ocr_line' id='line_1_53' title="bbox 20 3780 2317 3854; baseline 0.004 -25"><span class='ocrx_word' id='word_1_505' title='bbox 20 3830 23 3849; x_wconf 56' lang='grc'><strong>,</strong></span> <span class='ocrx_word' id='word_1_506' title='bbox 74 3780 374 3832; x_wconf 82' lang='lat' dir='ltr'>solummodo</span> <span class='ocrx_word' id='word_1_507' title='bbox 411 3782 718 3847; x_wconf 82' lang='lat' dir='ltr'>diversitate,</span> <span class='ocrx_word' id='word_1_508' title='bbox 758 3785 890 3850; x_wconf 87' lang='lat' dir='ltr'>quod</span> <span class='ocrx_word' id='word_1_509' title='bbox 929 3787 977 3833; x_wconf 89' lang='lat' dir='ltr'>in</span> <span class='ocrx_word' id='word_1_510' title='bbox 1016 3786 1138 3835; x_wconf 89' lang='lat' dir='ltr'>libra</span> <span class='ocrx_word' id='word_1_511' title='bbox 1176 3786 1379 3850; x_wconf 82' lang='lat' dir='ltr'>quidem</span> <span class='ocrx_word' id='word_1_512' title='bbox 1404 3789 1578 3854; x_wconf 81' lang='lat' dir='ltr'>jugum</span> <span class='ocrx_word' id='word_1_513' title='bbox 1620 3792 1664 3840; x_wconf 89' lang='lat' dir='ltr'>A</span> <span class='ocrx_word' id='word_1_514' title='bbox 1704 3799 1779 3842; x_wconf 85' lang='lat' dir='ltr'>est</span> <span class='ocrx_word' id='word_1_515' title='bbox 1813 3792 2028 3844; x_wconf 90' lang='lat' dir='ltr'>medium</span> <span class='ocrx_word' id='word_1_516' title='bbox 2067 3794 2191 3840; x_wconf 83' lang='lat' dir='ltr'>inter</span> <span class='ocrx_word' id='word_1_517' title='bbox 2229 3805 2317 3839; x_wconf 87' lang='lat' dir='ltr'>ex-</span> 
     </span>
     <span class='ocr_line' id='line_1_54' title="bbox 20 3851 2317 3929; baseline 0.006 -30"><span class='ocrx_word' id='word_1_518' title='bbox 20 3851 25 3899; x_wconf 69' lang='grc' dir='ltr'>ἱ4</span> <span class='ocrx_word' id='word_1_519' title='bbox 74 3855 336 3906; x_wconf 80' lang='lat' dir='ltr'>tremitates</span> <span class='ocrx_word' id='word_1_520' title='bbox 371 3855 676 3908; x_wconf 81' lang='lat' dir='ltr'>brachiorum</span> <span class='ocrx_word' id='word_1_521' title='bbox 718 3859 774 3920; x_wconf 90' lang='lat' dir='ltr'>B,</span> <span class='ocrx_word' id='word_1_522' title='bbox 813 3859 868 3920; x_wconf 89' lang='lat' dir='ltr'>C,</span> <span class='ocrx_word' id='word_1_523' title='bbox 907 3872 967 3909; x_wconf 88' lang='lat' dir='ltr'>ac</span> <span class='ocrx_word' id='word_1_524' title='bbox 1003 3858 1204 3923; x_wconf 87' lang='lat' dir='ltr'>proinde</span> <span class='ocrx_word' id='word_1_525' title='bbox 1242 3859 1457 3927; x_wconf 83' lang='lat' dir='ltr'>pondera</span> <span class='ocrx_word' id='word_1_526' title='bbox 1493 3865 1774 3929; x_wconf 85' lang='lat' dir='ltr'>inaequalia</span> <span class='ocrx_word' id='word_1_527' title='bbox 1811 3866 2093 3926; x_wconf 81' lang='lat' dir='ltr'>effecerunt,</span> <span class='ocrx_word' id='word_1_528' title='bbox 2141 3870 2196 3912; x_wconf 92' lang='lat' dir='ltr'>ut</span> <span class='ocrx_word' id='word_1_529' title='bbox 2233 3863 2317 3924; x_wconf 86' lang='lat' dir='ltr'>BC</span> 
     </span>
    </p>
   </div>
  </div>
 </body>
</html>
