2554 4140
803 124 942 170 Liber
970 123 1167 171 Tertius,
1225 124 1336 170 Pars
1368 112 1589 170 Secunda.
2216 127 2320 177 233

234 275 320 324 An
367 288 474 324 non
521 276 673 322 etiam
721 275 983 323 stellarum
1034 280 1127 323 aut
1168 280 1481 336 punctorum
1529 274 1779 337 eclipticas
1825 275 2118 337 quaerimus
2167 287 2342 322 ascen-

87 350 264 408 siones,
303 361 434 410 quae
468 353 589 395 sunt
603 361 710 396 non
745 361 910 405 arcus,
949 346 1036 395 sed
1071 348 1275 395 termini
1311 345 1565 397 arcuum?
1616 345 1823 408 Quoties
1861 361 1952 405 usu
1990 347 2140 408 venit,
2179 351 2233 394 ut
2269 346 2340 396 sic

89 421 360 483 loquamur,
398 419 535 467 verbi
558 421 716 479 gratia
746 421 966 468 ascensio
990 418 1083 467 23⁰
1118 418 1298 468 Leonis
1328 425 1376 467 et
1395 424 1569 476 cetera,
1610 424 1724 467 tunc
1745 418 2124 482 subintelligitur
2148 421 2341 481 integer

91 506 232 541 arcus
269 491 520 553 eclipticas
559 493 815 540 continuus
854 507 886 540 a
921 492 1157 556 principio
1183 492 1363 540 Arietis
1402 505 1557 553 usque
1581 490 1644 539 ad
1682 492 1986 540 nominatum
2014 489 2109 540 23⁰
2141 491 2342 542 Leonis.

91 564 181 612 Est
215 565 362 626 igitur
396 563 1122 627 tantummodossompendiosa
1160 563 1358 613 locutio.
1437 563 1569 612 Idem
1610 569 1721 612 tene
1761 564 1931 624 etiam,
1987 578 2096 612 cum
2136 565 2340 613 dicimus

89 637 421 685 ascensionem
466 636 654 685 stellae.
729 637 853 685 Nam
890 637 1086 701 perinde
1124 641 1198 684 est
1235 650 1292 685 ac
1329 636 1372 684 si
1409 649 1706 684 sumeremus
1750 649 1913 684 arcum
1953 636 2119 684 circuli
2157 637 2337 700 magni,

89 710 407 771 interceptum
459 710 846 759 intersectionem
901 710 1147 760 vernalem
1200 715 1249 757 et
1303 708 1495 757 stellam
1551 708 1755 771 ejusque
1816 722 1954 757 arcus
2010 711 2342 758 ascensionem

90 795 454 844 quaereremus..
475 816 486 819 »
540 809 543 811 -

240 853 503 917 Quomodo
542 857 849 903 ascensiones
893 854 969 902 vel
1008 854 1341 902 descensiones
1376 852 1666 915 hujusmodi
1703 867 1923 901 arcuum
1961 854 2339 902 inveniuntur?

11 918 18 923 ’
89 926 262 975 Posita
297 926 505 990 sphaera
552 934 606 975 ut
643 927 738 975 loci
777 929 900 975 ratio
938 926 1183 990 postulat,
1236 928 1427 976 initium
1467 926 1567 975 dati
1607 939 1746 975 arcus
1786 925 2054 974 collocatur
2093 927 2141 972 in
2182 927 2340 974 ortivo

0 3175 11 3233 li

8 3218 12 3242 ὲ

0 3244 12 3293 ἐἰ

0 3294 13 3334 ’ἱ

0 3346 16 3440 ‚l

0 3465 15 3514 rt

0 3541 16 3604 *3
100 3545 228 3606 oriri,
269 3561 377 3595 cum
414 3560 511 3609 quo
551 3545 771 3596 ascendit
809 3559 948 3593 arcus
989 3543 1046 3592 de
1086 3550 1348 3606 aequatore
1386 3543 1541 3608 major
1578 3560 1631 3596 se
1669 3547 1794 3613 ipso,
1830 3548 1913 3598 ille
1955 3548 2179 3612 oblique,
2236 3563 2344 3599 cum

0 3606 17 3679 ,ιῖ

16 3784 20 3841 '³

90 999 342 1049 horizonte
379 1005 671 1064 notaturque
707 1001 847 1062 siguo
885 997 1051 1062 aliquo
1090 1006 1323 1062 punctum
1361 1000 1668 1063 aequatoris,
1716 1013 1801 1062 per
1841 997 1973 1061 quod
2012 1005 2129 1046 tunc
2169 1000 2340 1046 transit

76 1071 314 1133 -borizon3
368 1072 495 1120 idem
541 1072 595 1120 fit
641 1086 751 1120 cum
795 1071 889 1120 fine
928 1071 1029 1119 dati
1067 1087 1224 1123 arcus,
1301 1072 1458 1129 Arcus
1497 1074 1644 1134 igitur
1680 1073 1988 1134 aequatoriS‚
2045 1073 2343 1136 interceptus

90 1147 213 1193 inter
248 1145 366 1193 bina
401 1146 533 1194 facta
583 1146 751 1207 signa,
804 1150 879 1193 est
914 1145 1153 1208 propositi
1191 1158 1332 1193 arcus
1379 1146 1632 1208 eclipticas
1685 1146 1925 1194 ascensio·
1999 1143 2051 1192 Si
2091 1143 2219 1193 idem
2256 1143 2342 1192 fiat

94 1218 145 1264 in
181 1216 447 1266 horizontis
483 1223 621 1281 parte
648 1216 866 1276 occidua,
906 1217 1178 1279 signabitur
1215 1217 1308 1266 hoc
1329 1223 1477 1280 pacto
1513 1217 1729 1280 ejusdem
1767 1216 1868 1265 dati
1908 1231 2048 1265 arcus
2077 1216 2345 1266 descensio.

91 1289 149 1338 In
194 1304 311 1338 arcu
359 1292 588 1339 continuo
641 1290 973 1338 tantummodo
1023 1290 1133 1339 finis
1189 1290 1295 1352 ejus
1341 1293 1390 1337 in
1438 1291 1736 1340 horizontem
1771 1289 2069 1339 collocatur.
2145 1289 2345 1338 Initium

93 1362 221 1411 enim
260 1363 366 1425 ejus
405 1368 454 1412 et
490 1364 768 1426 aequatoris
806 1364 856 1410 in
892 1362 1021 1411 idem
1060 1369 1291 1427 punctum
1330 1363 1631 1423 coincidunt,
1684 1377 1773 1412 nec
1813 1377 1934 1426 opus
1969 1369 2043 1412 est
2080 1361 2345 1411 horizontis

91 1433 286 1484 indici0.
362 1435 500 1484 Tunc
537 1437 683 1498 igitur
719 1449 946 1485 numerus
970 1435 1032 1484 ad
1072 1442 1301 1500 punctum
1326 1435 1410 1484 fini
1450 1437 1671 1486 cooriens
1697 1439 1952 1501 appositus
1991 1436 2179 1486 statim
2169 1435 2345 1501 prodit

95 1509 397 1558 ascensionis
434 1508 515 1557 vel
553 1508 880 1557 descensionis
918 1511 1255 1572 quantitatem,
1296 1511 1344 1557 in
1383 1510 1603 1574 partibus
1642 1509 1723 1559 vel
1761 1509 2085 1574 temporibus,
2138 1523 2344 1572 quorum

96 1587 229 1630 totus
269 1580 475 1630 circulus
510 1580 660 1630 habet
698 1582 820 1631 360.

242 1654 377 1717 Quot
419 1660 540 1702 sunt
587 1655 766 1716 species
813 1657 1159 1703 ascensionum
1206 1661 1253 1703 et
1287 1653 1700 1703 descensionum?
1760 1653 2010 1716 Totidem,
2065 1659 2186 1717 quot
2231 1659 2347 1702 sunt

95 1727 283 1790 species
337 1727 593 1790 positionis
648 1726 900 1790 sphaerae.
992 1726 1130 1776 Sicut
1181 1729 1307 1776 enim
1361 1733 1473 1792 post
1530 1727 1787 1791 sphaeram
1842 1733 2026 1777 rectam
2080 1726 2348 1776 succedunt

93 1801 362 1862 nonaginta
399 1801 665 1863 positiones
705 1799 940 1863 sphaerae
978 1814 1063 1864 per
1101 1801 1301 1849 totidem
1340 1799 1523 1863 gradus
1547 1800 1854 1850 elevationis
1904 1800 2004 1864 poli
2050 1805 2347 1863 possentque

97 1871 314 1920 infinitae
353 1871 668 1921 intermediae
694 1873 946 1931 nominari,
988 1872 1141 1922 donec
1167 1873 1337 1921 ultima
1361 1873 1528 1938 polum
1567 1874 1615 1920 in
1653 1875 1761 1936 ipso
1789 1874 1968 1922 vertice
2005 1872 2187 1922 habeat
2212 1873 2347 1921 hori-

97 1951 388 2008 zontemque
426 1944 776 1994 coincidentem
817 1959 925 1993 cum
967 1951 1240 2008 ‘aequatore
1285 1947 1333 1993 in
1372 1946 1579 2011 sphaera
1616 1945 1877 2010 parallela:
1928 1948 1998 1995 sic
2037 1947 2184 1994 etiam
2221 1947 2347 1995 inci-

96 2019 236 2083 piunt
284 2019 594 2067 ascensiones
641 2033 671 2066 a
719 2019 862 2067 rectis
909 2023 1216 2068 transeuntes
1263 2033 1350 2081 per
1398 2018 1603 2069 totidem
1650 2018 1875 2082 obliquas
1923 2018 2244 2082 desinuntque
2295 2020 2344 2066 in

94 2092 426 2140 ascensionem
465 2097 514 2140 et
550 2089 917 2140 descensionem
953 2090 1153 2140 nullam.
1228 2092 1351 2140 Nam
1379 2086 1427 2140 in
1468 2092 1675 2155 sphaera
1702 2091 1938 2156 parallela
1977 2091 2167 2142 coelum
2193 2106 2345 2156 gyra-

6 2182 7 2217 3
94 2169 172 2212 tur
207 2165 258 2211 in
296 2162 489 2212 modum
526 2162 703 2227 lapidis
742 2163 938 2213 molaris
977 2165 1239 2227 superioris
1268 2163 1382 2232 (seu
1414 2161 1563 2214 Terra
1600 2179 1709 2214 cum
1746 2164 1996 2215 horizonte
2034 2170 2247 2229 gyratur,
2288 2179 2346 2213 ac

90 2237 132 2284 si
171 2238 279 2298 quis
318 2242 512 2300 gyraret
549 2236 782 2285 molarem
819 2237 1091 2287 inferiorem
1131 2243 1288 2287 stante
1328 2231 1613 2301 s'uperiori),
1665 2238 1786 2286 nihil
1826 2239 1954 2288 enim
1999 2252 2157 2302 neque
2197 2238 2347 2286 oritur

7 2309 9 2378 ζ
90 2323 247 2372 neque
288 2308 480 2358 oceidit.

233 2381 290 2430 In
329 2381 509 2431 tabulis
546 2383 687 2445 primi
726 2381 919 2431 mobilis
942 2382 1334 2446 Regiomontani,
1371 2383 1650 2444 Reinholdi,
1690 2383 1879 2452 Magini
1911 2381 1985 2449 3¹)
2024 2390 2112 2433 etc.
2153 2389 2346 2433 exstant

90 2460 204 2519 post
241 2454 458 2503 tabulam
496 2469 642 2503 unam
681 2457 1019 2504 ascensionum
1057 2462 1295 2513 rectarum
1333 2455 1461 2506 aliae
1504 2458 1568 2506 89
1610 2457 1806 2506 tabulae
1838 2457 2178 2511 ascensionum
2217 2457 2346 2506 obli-

10 2592 11 2596 *
93 2542 297 2591 quarum
345 2527 408 2575 ad
457 2526 676 2591 singulos
725 2529 905 2591 gradus
945 2528 1232 2578 elevationis
1268 2529 1387 2593 poli.
1465 2529 1560 2577 Alii
1601 2532 1747 2579 etiam
1795 2529 1859 2579 ad
1896 2529 2206 2579 intermedias
2244 2528 2345 2592 poli

94 2602 395 2651 elevationes
430 2600 708 2663 peculiares
742 2601 938 2649 tabulas
977 2608 1360 2652 construxerunt

245 2673 385 2721 Num
425 2689 528 2735 qua
580 2673 659 2721 hic
712 2680 780 2721 est
828 2669 1098 2734 ὁμωνυμια,
1149 2690 1280 2737 quae
1325 2678 1591 2739 incautum
1637 2677 1794 2737 possit
1827 2674 2041 2739 fallere?
2091 2663 2345 2758 Equidem

11 2737 13 2778 Ῑ
90 2746 216 2795 Nam
254 2760 355 2794 uno
389 2745 533 2794 modo
574 2747 621 2792 in
661 2745 869 2813 sphaera
905 2753 1038 2796 recta
1076 2754 1207 2795 totus
1246 2747 1454 2801 circulus
1495 2746 1669 2796 dicitur
1693 2747 1954 2797 ascendere
1991 2751 2137 2807 recte,
2177 2747 2226 2793 in
2254 2747 2345 2796 ob·-

93 2819 232 2882 liqna
269 2818 482 2881 oblique.
558 2818 625 2866 At
676 2819 774 2867 alio
822 2834 964 2867 sensu
1012 2821 1162 2868 totius
1213 2819 1378 2869 circuli
1429 2826 1591 2906 partes
1631 2820 1853 2870 diversae
1891 2821 2015 2868 inter
2053 2834 2105 2869 se
2145 2833 2346 2884 compa-

92 2899 224 2941 ratae
279 2891 377 2940 alia
433 2897 583 2951 recte,
636 2891 734 2939 alia
773 2891 969 2954 oblique
1009 2893 1119 2940 oriri
1159 2891 1361 2966 dicitur,
1414 2898 1513 2941 tam
1552 2895 1599 2941 in
1637 2899 1771 2943 recta
1822 2892 2057 2956 sphaera,
2113 2906 2257 2955 quam
2296 2895 2345 2941 in

95 2963 307 3028 obliqua.

241 3037 353 3101 Quo
398 3042 624 3099 respectu
674 3050 824 3084 arcus
870 3043 998 3085 recte
1033 3036 1276 3085 dicuntur
1313 3037 1576 3086 ascendere
1612 3008 1659 3086 et
1694 3037 1928 3101 oblique?
1982 3037 2137 3087 Arcus
2189 3037 2345 3102 eclip-

92 3110 249 3174 ticae,
301 3112 387 3172 qui
431 3109 734 3158 horizontem
780 3114 948 3158 secant
997 3110 1191 3174 angulis
1228 3110 1540 3171 rectioribus,
1600 3110 1751 3160 veluti
1790 3111 2074 3173 erectiores,
2124 3110 2346 3162 dicuntur

97 3181 359 3232 ascendere
396 3189 541 3243 recte,
582 3184 664 3244 qui
705 3180 1057 3243 obliquioribus
1095 3182 1231 3231 velut
1269 3181 1613 3244 inclinatiores,
1654 3183 1867 3247 oblique.

240 3256 353 3319 Quo
401 3261 702 3318 aryumento
747 3255 1088 3315 coynoscimus
1132 3254 1318 3302 horum
1369 3255 1683 3316 anyulorum
1732 3256 2082 3306 rectitudinem
2133 3263 2179 3306 et
2217 3258 2344 3307 obli-

92 3330 332 3390 quitatem
369 3330 617 3384 may‘orem
655 3326 999 3375 minoremve?
1062 3326 1129 3374 Et
1166 3329 1255 3388 qui
1293 3332 1422 3375 recte
1460 3327 1694 3387 ascendit,
1737 3332 1826 3392 qui
1862 3319 2098 3393 oblique?
2157 3330 2341 3392 Anguli

97 3413 191 3461 quo
243 3400 563 3463 obliquiores,
617 3400 711 3449 hoc
762 3400 914 3446 minor
967 3398 1174 3447 arcubus
1221 3401 1442 3448 ascensio
1481 3403 1736 3464 competit3
1794 3415 1907 3464 ergo
1961 3418 2058 3465 quo
2096 3405 2342 3465 rectiores,

94 3470 187 3522 hoc
236 3474 392 3536 major
440 3475 678 3523 ascensio.
755 3472 811 3520 In
862 3473 1138 3519 universum
1187 3472 1333 3533 igitur
1383 3471 1466 3521 ille
1515 3487 1654 3522 arcus
1705 3474 1956 3538 eclipticas
2003 3481 2131 3525 recte
2171 3475 2345 3525 dicitur

98 3630 197 3679 quo
232 3620 403 3668 minor.

170 3731 252 3780 De
291 3725 793 3794 Ase‘ensionibus
833 3733 1050 3782 Rectis
1087 3738 1475 3796 punctorum
1513 3739 1574 3784 et
1612 3749 1863 3784 arcuum
1905 3732 2267 3799 eclipticae.

242 3833 382 3885 Num
429 3843 487 3885 ut
535 3837 734 3887 cuilibet
779 3837 883 3886 loco
932 3850 1017 3886 seu
1061 3837 1303 3897 positioni
1355 3836 1599 3898 sphaerae
1643 3851 1740 3886 sua
1778 3838 2021 3900 deputata
2059 3844 2128 3886 est
2164 3837 2342 3887 tabula
