2554 4140
210 172 314 221 380
1038 168 1273 227 Epitomes
1304 168 1619 214 Astronomiae

208 317 428 381 terminio
467 317 789 379 quadrantum
825 318 870 367 N
907 319 1216 368 intervallum
1256 319 1344 367 AN
1383 317 1449 386 (in
1496 318 1714 382 legitime
1760 321 1892 384 picta
1943 317 2118 386 orbita)
2170 298 2346 383 aquale
2394 321 2458 368 sit

211 389 569 439 semidiametro
608 391 708 451 BP,
748 399 803 440 ut
840 392 964 441 libro
1005 391 1066 442 V.
1102 392 1306 455 patebit.

357 462 494 526 Quid
528 465 570 511 si
607 478 725 513 vero
756 466 968 526 planeta
1000 470 1110 514 'non
1142 467 1367 526 praecise
1399 471 1511 526 post
1546 466 1822 529 confectum
1879 465 2217 527 quadrantem
2266 465 2459 514 orbitae

208 538 519 597 superiorem
560 536 683 596 ΡΝ,
719 538 804 586 sed
839 539 1035 586 tardius
1074 538 1341 599 aliquanto
1378 540 1434 585 in
1474 537 1636 586 Solem
1676 538 1913 600 diriyeret
1946 537 2130 600 fibram
2170 537 2308 601 NQ?
2360 537 2456 586 Hic

211 609 489 671 oppositum
528 610 673 657 estin
712 610 919 673 adjecto.
996 610 1120 657 Nam
1158 612 1199 656 is
1239 612 1342 674 ipse
1368 615 1443 658 est
1482 612 1710 658 terminus
1738 609 2075 674 quadrantum‚
2116 611 2179 658 ab
2206 610 2458 673 apsidibus

211 685 621 743 computatornm,
677 684 761 731 ubi
807 682 928 732 fibra
979 684 1027 729 in
1068 681 1231 730 Solem
1280 683 1516 744 dirigitur.
1592 683 1791 746 Semper
1831 685 1959 731 enim
1999 684 2170 731 crescit
2206 682 2458 732 inclinatio
2547 672 2554 679 Χ

210 755 305 813 ista
341 753 491 803 fibrae
528 754 605 802 IH
642 755 705 804 ad
743 755 801 804 IS
839 754 1300 819 perpendicularem,
1341 754 1572 817 quamdiu
1611 755 1731 804 fibra
1769 754 1817 802 H
1855 755 2018 804 Solem
2048 757 2250 818 quaerit,
2291 757 2461 804 crescit

209 840 329 876 vero
367 842 468 876 una
505 833 556 876 et
591 829 939 877 incrementum
976 827 1262 888 librationis,
1305 829 1502 877 effectus
1544 842 1652 876 cum
1692 843 1854 876 causa.

354 899 408 949 Si
446 914 559 963 ergo
598 902 646 948 in
686 900 778 950 hoc
817 914 961 964 opere
1001 902 1301 950 attractionis
1338 901 1563 964 planetae
1603 915 1771 950 versus
1804 900 1966 949 Solem
2007 901 2305 949 consumitur
2342 899 2454 963 plus

213 971 481 1036 quadrante
521 973 732 1034 orbitae,
770 980 992 1036 respectu
1024 972 1102 1022 ad.
1130 973 1253 1022 fixas
1291 974 1483 1022 habito:
1522 973 1632 1037 plus
1672 976 1818 1022 etiam
1857 973 2125 1036 quadrante
2165 987 2456 1022 consumen-

213 1045 327 1094 dum
365 1049 456 1094 erit
491 1045 718 1109 planetae
755 1048 805 1094 in
842 1047 1143 1096 restituendo
1182 1053 1313 1095 recto
1353 1046 1533 1109 angulo
1573 1049 1696 1095 intra
1734 1047 1905 1094 fibram
1945 1053 1992 1094 et
2029 1045 2195 1095 Solem
2232 1045 2362 1109 apud
2401 1045 2459 1107 R,

213 1120 359 1180 inque
401 1119 506 1181 ejus
545 1118 717 1167 effectu
755 1134 839 1167 seu
878 1125 1016 1182 parte
1054 1119 1326 1168 librationis
1366 1120 1585 1176 residua,
1627 1134 1724 1182 qua
1761 1119 1959 1182 planeta
1997 1134 2056 1167 ex
2097 1120 2461 1181 propinquitate
2552 1125 2554 1130 '

214 1191 306 1239 NA
344 1189 620 1255 perducitur
657 1191 717 1239 ad
756 1195 1168 1256 propinquitatem
1196 1192 1429 1256 RA,‘per
1468 1193 1664 1242 eosdem
1702 1192 1881 1256 gradus
1922 1194 2337 1253 incrementorum,
2381 1205 2463 1240 or-

216 1264 325 1312 dine
363 1264 462 1325 jam
500 1265 739 1312 contrario
777 1261 1174 1315 decrescentium.

357 1336 598 1385 Excessus
636 1339 782 1399 igitur
817 1339 1139 1401 quadrantum
1165 1340 1289 1387 inter
1313 1352 1366 1387 se
1385 1338 1665 1400 junctorum
1691 1350 1838 1400 supra
1862 1336 2214 1386 semicirculum
2242 1335 2464 1386 ostendet
2552 1342 2554 1394 j

217 1411 536 1479 quantitatem
576 1416 791 1460 mutatae
831 1414 878 1459 in
919 1426 1014 1460 uno
1055 1412 1238 1474 periodi
1279 1412 1496 1470 semisse,
1538 1411 1816 1460 directionis
1842 1410 2071 1458 fibrarum
2096 1410 2186 1458 sub
2213 1409 2336 1470 fixis,
2376 1424 2463 1458 seu
2548 1446 2554 1473 ,

217 1482 546 1531 translationis
594 1487 743 1532 centri
793 1485 978 1533 orbitae
1017 1486 1057 1533 Β
1107 1490 1155 1532 et
1202 1483 1426 1546 apsidum
1464 1483 1528 1543 P,
1569 1483 1613 1532 R
1660 1486 1710 1532 in
1748 1485 1998 1546 signorum
2036 1485 2462 1545 consequentiam3
2547 1504 2550 1506 ·

218 1555 386 1604 ablata
432 1556 580 1618 igitur
627 1556 721 1606 hac
774 1559 1046 1620 quantitate
1097 1556 1155 1606 de
1203 1571 1290 1614 eo,
1344 1556 1473 1619 quod
1514 1561 1587 1605 est
1624 1556 1734 1620 plus
1773 1556 1973 1605 semisse
2013 1556 2199 1605 orbitae
2238 1555 2302 1604 ad
2339 1555 2460 1604 fixas

218 1642 472 1692 expensae,
511 1630 712 1678 restabit
749 1644 844 1679 non
883 1630 995 1694 plus
1032 1632 1233 1681 semisse
1273 1630 1459 1678 orbitae
1499 1628 1756 1692 ellipticae‚
1799 1629 1862 1677 ab
1902 1628 2073 1691 apside
2114 1628 2151 1676 P
2190 1633 2407 1691 putatae.

361 1700 576 1750 Manent
621 1705 780 1766 iyitur
825 1704 1040 1766 apsides,
1097 1718 1169 1751 cm
1215 1703 1604 1766 transferuntur
1653 1703 1713 1751 de
1750 1703 1855 1752 loco
1890 1702 1982 1750 sub
2017 1702 2132 1765 fixis
2168 1703 2224 1749 in
2262 1701 2465 1751 alium?
2544 1732 2554 1767 t

216 1774 274 1823 In
312 1773 443 1823 Jove
482 1775 850 1825 observationes
889 1783 1104 1826 veterum
1142 1790 1252 1825 cum
1289 1774 1534 1825 hodiernis
1573 1774 1781 1825 collatae
1819 1781 2083 1835 testantur,
2135 1774 2330 1838 apsides
2368 1775 2464 1822 sere
2551 1789 2554 1795 ·

216 1830 482 1897 consistere
522 1848 612 1896 sub
650 1848 821 1898 iisdem
860 1849 990 1910 fixis,
1045 1854 1129 1900 aut
1175 1851 1319 1898 etiam
1359 1863 1527 1912 parum
1567 1848 1828 1898 admodum
1867 1846 2180 1919 retrocedere.
2256 1847 2313 1895 In
2351 1846 2467 1896 reli-

220 1923 329 1984 quis
380 1921 604 1970 omnibus
656 1924 969 1971 inveniuntur
1014 1922 1212 1972 sedibus
1262 1925 1363 1971 suis
1412 1923 1625 1984 pristinis
1664 1915 1955 1981 excessisse,
2011 1922 2215 1969 transitu
2253 1921 2380 1969 sacto
2418 1921 2465 1967 in

219 1995 423 2042 fixarum
474 1997 893 2057 consequentiam,
948 1995 1171 2060 exemplo
1218 1997 1423 2058 apogaei
1464 1994 1661 2056 Lunae,
1717 1995 1802 2044 scd
1857 1994 1956 2042 iilic
2003 1994 2220 2042 motibus
2272 1994 2466 2078 omnino
2539 1973 2547 2017 ἶ

219 2067 522 2127 tardissimis,
563 2082 673 2116 cum
711 2069 880 2117 Lunae
919 2082 1193 2155 apogaeum
1231 2067 1568 2131 progrediatur
1606 2066 1751 2116 valde
1791 2067 2099 2117 sensibiliter.

369 2140 512 2203 Quae
549 2155 705 2189 eausa
741 2148 834 2203 est,
885 2156 978 2190 cur
1014 2145 1071 2190 in
1102 2144 1373 2204 primariis
1406 2141 1564 2204 fibrae
1600 2141 1726 2189 adeo
1759 2142 1976 2204 perfecte
2012 2141 2348 2188 inveniantur
2384 2153 2467 2187 re—

219 2216 421 2262 stitutae
454 2220 567 2275 post
601 2214 792 2263 reditus
817 2179 1047 2277 ’integros
1079 2221 1321 2277 peractae,
1360 2220 1418 2262 ut
1450 2228 1745 2276 proyressus
1782 2213 2018 2276 apsidum
2043 2215 2107 2260 sit
2130 2211 2468 2260 insensibilis?

223 2285 351 2348 Quia
388 2285 516 2334 idem
551 2286 635 2335 Sol
675 2293 761 2347 est,
803 2289 886 2350 qui
925 2294 973 2336 et
1011 2287 1155 2337 librat
1192 2287 1419 2350 planetae
1460 2301 1634 2349 corpus
1673 2293 1721 2336 et
1759 2287 1904 2335 fibras
1943 2286 2048 2349 ejus
2087 2285 2287 2333 inclinat
2324 2285 2469 2332 resti·
2519 2319 2537 2339 ,η

222 2361 435 2422 tuitque‚
477 2366 525 2408 et
563 2360 679 2421 quia
717 2361 916 2409 eaedem
955 2363 1003 2408 in
1041 2366 1248 2424 utroque
1288 2374 1433 2422 opere
1470 2359 1644 2420 fibrae,
1686 2361 1864 2423 quibus
1903 2364 1956 2406 ut
1991 2359 2320 2407 instrumentis
2357 2356 2468 2420 pla-

222 2437 338 2480 neta
375 2438 423 2480 et
460 2431 663 2480 libratur
702 2440 750 2481 et
787 2433 1068 2482 inclinatur:
1109 2433 1227 2482 nihil
1267 2434 1414 2496 igitur
1451 2446 1629 2482 causae
1669 2438 1755 2493 est,
1797 2434 1912 2496 quin
1951 2431 2099 2480 etiam
2127 2433 2254 2479 vires
2280 2433 2479 2493 utrique¹
2528 2413 2538 2478 s

224 2507 356 2568 operi
403 2518 489 2567 per
540 2504 886 2567 aequalitatem
939 2513 1210 2570 temporum
1259 2505 1594 2556 admetiamur.
1669 2504 1806 2554 Sicut
1854 2505 1979 2554 enim
2023 2503 2246 2567 planeta,
2298 2503 2467 2552 fibram

223 2576 312 2639 NQ
363 2576 542 2626 directe
594 2578 797 2627 tendens
846 2580 895 2626 in
934 2579 1122 2640 Solem,
1175 2581 1217 2628 si
1267 2591 1362 2627 non
1412 2580 1564 2627 exiret
1603 2592 1629 2626 e
1666 2577 1795 2627 linea
1832 2578 1947 2638 NA,
2002 2577 2094 2626 sub
2132 2582 2264 2626 certo
2301 2576 2467 2639 aliquo

223 2658 439 2713 tempore
478 2651 763 2715 jungeretur
813 2667 966 2715 usque
1016 2653 1079 2702 ad
1118 2658 1422 2711 contactum,
1474 2652 1543 2699 sic
1582 2651 1726 2699 etiam
1766 2651 1966 2714 planeta
2004 2648 2152 2710 idern,
2205 2649 2470 2698 collocatus

226 2727 274 2771 in
314 2722 485 2772 eodem
523 2724 590 2784 N,
640 2731 688 2773 et
738 2725 907 2774 fibram
957 2740 1043 2789 per
1091 2724 1334 2775 fictionem
1380 2723 1583 2774 tendens
1633 2723 1695 2772 ad
1748 2724 1954 2787 angulos
2000 2729 2158 2772 rectos
2198 2737 2306 2771 cum
2343 2722 2472 2770 linea

225 2795 332 2855 NA,
374 2803 734 2846 converteretur
772 2813 881 2846 cum
919 2798 1040 2847 fibra
1078 2814 1168 2848 sua
1205 2799 1296 2848 sub
1335 2797 1530 2860 aequali
1569 2803 1785 2859 tempore
1826 2797 2058 2859 plenarie,
2097 2797 2166 2844 sic
2203 2804 2258 2845 ut
2295 2796 2343 2842 in
2380 2793 2526 2858 finer,

227 2870 394 2918 fibram
420 2869 510 2931 NQ
549 2872 597 2917 in
625 2870 790 2919 Solem
829 2871 1061 2920 tenderet.
1128 2872 1264 2921 Sicut
1302 2875 1464 2920 autem
1501 2869 1746 2918 librationi
1785 2870 2068 2933 supervenit
2107 2881 2230 2931 opus
2266 2868 2471 2927 tertium,

229 2943 407 2991 emotio
445 2957 511 2991 sc.
551 2942 778 3006 planetae
818 2959 876 2993 ex
915 2947 1010 2992 situ
1044 2943 1147 3004 AN,
1187 2945 1256 2992 sic
1293 2949 1347 2991 ut
1369 2943 1492 2991 fibra
1517 2940 1606 3004 NQ
1646 2956 1743 2990 non
1784 2943 1993 3005 amplius
2031 2943 2078 2988 in
2105 2940 2270 2990 Solem
2307 2938 2494 2989 tendat>

229 3030 384 3078 eoque
423 3029 519 3064 non
559 3015 731 3066 eadem
768 3016 1050 3065 fortitudine
1088 3017 1307 3065 trahatur
1345 3029 1513 3064 versus
1552 3008 1715 3063 Solem
1768 3018 1892 3078 (qua
1929 3016 2117 3063 ratione
2156 3018 2382 3074 cavetur,
2421 3017 2490 3060 uti

230 3102 325 3135 non
375 3088 458 3136 fiat
507 3095 758 3138 contactus
807 3089 1052 3153 plenarius
1102 3089 1480 3151 adnavigatione
1519 3101 1604 3150 per
1640 3087 1755 3147 NA,
1809 3088 1894 3137 sed
1931 3089 2276 3150 praeveniatur
2314 3092 2475 3134 trans-

230 3160 411 3208 latione
450 3176 508 3209 ex
546 3162 592 3210 N
629 3163 677 3208 in
714 3162 759 3210 R
808 3163 989 3226 fiatque
1038 3177 1134 3212 non
1173 3162 1328 3225 maj0r
1367 3175 1512 3224 quam
1550 3159 1691 3221 RA):
1742 3162 1812 3208 sic
1851 3162 1997 3209 etiam
2036 3159 2161 3208 hanc
2200 3158 2475 3208 inclinatio-

232 3247 343 3280 nem
393 3233 540 3282 fibrae
590 3236 843 3296 praevenit
895 3235 1064 3284 eadem
1103 3235 1356 3284 translatio
1399 3234 1628 3297 planetae
1669 3247 1727 3280 ex
1766 3233 1810 3281 N
1849 3235 1895 3279 in
1935 3233 2004 3291 R,
2058 3237 2113 3280 ut
2150 3233 2295 3294 longe
2333 3231 2475 3280 citius
2552 3223 2554 3229 ’

231 3305 354 3352 fibra
392 3305 557 3354 obviet
595 3307 721 3368 Soli,
772 3323 919 3371 quam
956 3313 1060 3357 toto
1100 3308 1370 3371 quadrante
1409 3322 1439 3356 a
1476 3304 1592 3355 Sole
1631 3307 1846 3354 converti
1883 3306 2146 3368 potuisset,
2188 3307 2353 3366 itaque
2389 3313 2498 3366 prox
2550 3317 2554 3358 ς

234 3376 500 3439 quadrante
539 3382 867 3429 conversionis
906 3394 1029 3444 opus
1067 3383 1129 3430 sit
1167 3395 1263 3430 non
1302 3379 1411 3444 plus
1447 3393 1595 3441 quam
1633 3393 1749 3427 arcu
1778 3377 1889 3439 QM.
1954 3379 2283 3426 Aestimantur
2316 3380 2476 3426 autem

234 3449 600 3498 inclinationum
638 3460 943 3514 peractarum
981 3453 1172 3516 anguli,
1222 3468 1310 3503 seu
1350 3455 1502 3500 virtus
1541 3453 1590 3499 in
1629 3465 1712 3498 eos
1751 3452 1969 3512 impensa
2015 3450 2226 3510 sinibus,
2266 3455 2319 3497 ut
2355 3448 2476 3497 libro
2548 3451 2554 3472 ²

236 3522 299 3571 V
340 3521 572 3583 exemplis
609 3538 766 3572 rerum
803 3527 1094 3575 naturalium
1135 3525 1318 3575 clarum
1355 3526 1452 3574 fiet.
1499 3524 1679 3586 Quare
1714 3525 1841 3571 sicut
1867 3537 1920 3570 se
1945 3523 2094 3572 habet
2119 3527 2222 3571 tota
2248 3521 2476 3570 distantia

2543 3476 2554 3558 i

237 3593 492 3644 mediocris
534 3595 615 3642 PB
667 3597 771 3656 (vel
822 3600 867 3644 in
920 3598 1079 3661 ellipsi
1126 3599 1242 3661 NA)
1293 3599 1356 3647 ad
1407 3597 1633 3645 dimidiae
1685 3595 1959 3644 librationis
2009 3596 2329 3658 quantitatem
2375 3591 2476 3650 BA,
2542 3588 2549 3620 ³

237 3669 381 3716 unius
421 3665 701 3729 quadrantis
742 3682 888 3730 opus,
929 3686 1054 3732 quae
1094 3672 1265 3720 eadem
1304 3676 1378 3720 est
1416 3677 1464 3718 et
1502 3669 1857 3722 eccentricitas.
1898 3670 1968 3716 sic
2006 3669 2152 3716 etiam
2189 3682 2242 3716 se
2282 3665 2478 3715 babebit

239 3739 594 3790 semidiameter
630 3740 763 3801 globi
802 3741 1057 3802 planetarii
1093 3743 1209 3805 ΝΩ,
1266 3758 1353 3807 pro
1393 3745 1500 3790 sinu
1540 3747 1642 3799 toto
1661 3747 1968 3802 'usurpatus,
2017 3740 2079 3789 ad
2118 3742 2274 3787 sinum
2313 3734 2475 3800 anguli

240 3812 567 3862 inclinationis
605 3814 844 3860 maximae
872 3813 1030 3875 MNQ,
1071 3830 1197 3877 quae
1235 3817 1470 3878 contingit
1497 3826 1725 3876 eousque,
1768 3812 1881 3860 dum
1907 3812 2224 3862 translatione
2250 3808 2472 3878 planetae

242 3885 485 3948 quadrans
522 3886 737 3949 praecise
776 3886 1022 3937 contectus
1060 3888 1150 3938 fuit
1188 3904 1218 3936 a
1255 3889 1310 3952 P,
1348 3889 1457 3941 loco
1495 3887 1692 3939 maximi
1729 3885 1974 3939 intervalli
2011 3879 2116 3938 PA.

2539 3656 2554 3686 l

2538 3720 2548 3749 5

2537 3804 2554 3855 li
