2554 4140
127 123 133 125 Δ
212 152 312 201 198
638 140 643 143 ’
1038 143 1274 200 Epitomes
1304 141 1618 187 Astronomiae

355 294 534 342 Eorum
571 307 715 354 vem,
755 293 841 356 qui
878 294 950 341 sic
989 293 1125 342 coelo
1163 292 1463 352 tribuuntur,
1515 291 1602 339 alii
1640 290 1835 340 easdem
1873 293 1922 339 iu
1962 306 2020 341 eo
2060 291 2200 341 sedes
2240 291 2459 340 obtinent

206 373 456 431 perpetu0‚
495 372 549 414 ut
587 365 832 427 zodiacus,
873 367 958 430 qui
997 366 1132 415 coelo
1172 364 1404 426 competit
1441 377 1539 411 non
1577 371 1800 427 respectu
1837 366 2008 414 motus
2038 365 2195 412 diurni
2233 363 2458 424 Telluris,

208 439 293 489 sed
328 443 522 502 propter
558 443 690 487 astra
727 438 835 487 sola
870 445 1128 502 motusque
1169 451 1335 485 eorum
1372 435 1641 498 secundos3
1680 437 1765 485 alii
1802 452 2030 495 successu
2056 436 2329 486 seculorum
2365 439 2460 484 mi-

208 519 350 575 grant
387 510 528 560 sedes
565 526 681 559 suas
721 518 768 561 et
805 510 869 560 ad
908 514 1094 560 vicinas
1132 515 1398 568 transeunt,
1438 516 1490 557 ut
1528 511 1578 570 ii,
1618 511 1702 572 qui
1741 510 1877 559 coelo
1917 517 2196 573 competunt
2240 515 2462 573 respectu

209 591 370 633 motus
426 583 583 631 diurni
619 584 823 645 Terrae,
871 591 993 647 puta
1041 583 1231 632 coluros
1280 587 1328 629 et
1379 595 1546 631 omnes
1597 583 1648 628 in
1687 582 1875 631 coelum
1913 583 2189 631 tralatitiOS.
2263 583 2341 630 Ita
2378 584 2463 644 qui

208 657 384 706 Terrae
421 656 701 718 inhaerent,
749 656 1114 705 immutabiliter
1151 653 1346 717 quidem
1386 656 1431 703 ei
1468 654 1718 703 inhaerent
1755 669 1936 717 omneS,
1976 654 2060 703 alii
2098 661 2261 703 tamen
2299 656 2463 703 insunt

211 732 255 779 ei
292 734 481 778 tantum
517 736 712 794 propter
750 729 1115 790 diurnum‘ejus
1153 733 1341 794 motum
1381 727 1863 790 utbtaequinoctialiffi
1902 727 1986 776 alii
2027 733 2224 792 propter
2262 741 2462 790 compa-

209 804 446 851 rationem
495 801 652 851 diurni
703 810 864 851 motus
916 816 1026 850 cum
1076 800 1255 849 circulo
1308 800 1508 849 coelesti
1558 800 1787 863 zodiaco,
1837 806 1892 850 ut
1931 800 2025 849 duo
2065 801 2239 864 tropici
2278 806 2327 849 et
2366 799 2462 848 duo

200 875 420 938 -polares.

353 950 401 996 2.
460 946 716 1009 Compara
764 961 842 996 eos
878 947 1080 995 ratione
1118 947 1341 1007 oriqinis.
1420 943 1630 1006 Quidam
1669 952 1782 994 sunt
1819 946 2058 1009 primarii,
2112 961 2171 994 ex
2211 947 2312 994 suis
2351 947 2463 1009 qui·
2527 974 2537 980 κ

209 1021 330 1070 libet
368 1026 500 1069 ortus
540 1022 715 1080 causis,
755 1017 953 1082 quidam
983 1018 1278 1078 secundarii,
1319 1033 1348 1066 a
1386 1020 1550 1080 primis
1583 1019 1765 1081 junctis
1804 1020 1926 1067 inter
1963 1033 2014 1067 se
2055 1017 2400 1081 dependentes.
2546 1058 2554 1068 .

327 1093 577 1141 'Primarii
615 1093 849 1154 originem
885 1091 1068 1139 habent
1107 1090 1184 1140 vel
1224 1090 1390 1139 mundi
1429 1092 1754 1152 intrinsecam,
1794 1098 1912 1156 puta
1950 1097 2162 1140 motum:
2202 1098 2256 1140 ut
2294 1091 2466 1140 zodia·
2546 1146 2554 1151 ,

214 1181 316 1231 cuS,
357 1165 578 1215 coelestis
617 1164 845 1225 circuluS,
885 1170 1070 1212 motum
1110 1163 1432 1213 secundorum
1467 1164 1747 1224 mobilium,
1788 1171 2053 1227 aequator‚
2092 1166 2329 1213 terrestris
2368 1166 2465 1213 cir-

215 1239 380 1300 culus,
420 1244 604 1286 motum
643 1239 847 1301 primum
886 1236 1123 1298 Telluris;
1176 1236 1257 1286 vel
1296 1238 1529 1299 originem
1570 1239 1891 1286 extrinsecam
1928 1237 2134 1298 habent,
2173 1244 2228 1285 ut
2263 1237 2462 1286 horizon

209 1313 367 1360 visum
407 1311 629 1369 hominis,
668 1309 925 1359 incolentis
964 1309 1129 1357 mundi
1158 1309 1447 1358 machinam.
1513 1309 1798 1359 Secundarii
1823 1317 1949 1372 sunt,
1989 1313 2074 1373 qui
2101 1312 2462 1373 comparatione
2521 1335 2551 1361 η

133 1388 143 1399 ”
210 1390 378 1433 mutua
422 1385 685 1446 primorum
723 1385 850 1431 inter
880 1398 932 1432 se
974 1385 1215 1432 existunt:
1272 1385 1320 1429 in
1359 1381 1509 1431 Terra
1559 1383 1756 1446 quidem
1805 1382 1901 1432 duo
1940 1385 2112 1447 tropici
2152 1391 2201 1432 ct
2238 1382 2334 1432 duo
2372 1398 2465 1448 po-

210 1458 359 1517 lareS,
411 1457 775 1520 comparatione
822 1455 1011 1505 zodiaci
1062 1463 1109 1504 et
1147 1456 1425 1518 aequatoris
1462 1455 1806 1519 polornmque,
1861 1459 1909 1504 in
1961 1455 2099 1505 coelo
2140 1469 2256 1506 vero
2297 1455 2464 1517 coluri,

218 1531 577 1593 comparatione
612 1528 889 1587 eorundem,
930 1530 979 1576 in
1005 1528 1212 1593 sphaera
1241 1529 1450 1591 denique
1489 1529 1727 1578 materiali
1754 1529 2063 1588 meridianuS,
2104 1531 2466 1592 comparatione
2536 1534 2541 1548 ·’

210 1603 474 1651 horizontis
515 1608 563 1651 et
601 1603 879 1665 aequatoris
918 1602 1254 1666 polornmque,
1295 1615 1421 1664 quae
1462 1603 1624 1651 omnia
1662 1602 1898 1652 hactenus
1936 1603 2180 1666 explicata
2217 1608 2346 1651 sunt.
2539 1659 2545 1668 y

354 1676 401 1723 3.
448 1675 718 1738 Distinyue
755 1676 965 1724 circulos
1000 1677 1199 1724 ratione
1237 1677 1552 1737 quantitatis.
1630 1673 1903 1737 Quantitas,
1942 1682 1996 1724 ut
2025 1675 2277 1735 hactenus,
2317 1674 2464 1725 intel·
2542 1703 2543 1706 κ

209 1748 376 1812 ligitur
413 1754 693 1811 comparata
730 1748 793 1797 ad
824 1747 1126 1811 'superficiem
1165 1747 1484 1810 sphaericam,
1523 1762 1620 1796 non
1660 1763 1775 1797 vero
1814 1748 1876 1797 ad
1916 1749 2166 1798 materiam
2203 1749 2286 1798 vel
2322 1764 2465 1797 mun·

212 1820 387 1870 danam
425 1819 505 1870 vel
530 1821 765 1884 sphaerae
804 1821 1039 1870 fabrilem.
1117 1821 1290 1883 Itaque
1328 1820 1413 1869 alii
1457 1826 1570 1868 sunt
1595 1823 1809 1882 maximi,
1850 1823 1932 1885 qui
1959 1821 2087 1872 idem
2125 1836 2233 1871 cum
2258 1822 2467 1885 sphaera
2516 1838 2542 1875 ἐ

212 1900 426 1943 centrum
475 1894 679 1955 habent,
730 1900 783 1943 ut
820 1894 1077 1954 zodiacuS,
1128 1899 1386 1956 aequator,
1426 1893 1648 1955 horizon,
1690 1895 1999 1957 meridianus,
2040 1894 2137 1945 duo
2177 1895 2344 1957 coluri,
2382 1896 2467 1944 alii
2526 1951 2537 1966 Ἴ

214 1968 439 2028 ωἰηοτθε,
482 1969 564 2030 qui
604 1967 702 2016 alia
741 1973 905 2016 centra
941 1966 1123 2016 habent
1160 1976 1307 2030 quam
1345 1965 1581 2031 sphaerae
1619 1973 1851 2029 centrum,
1895 1974 1947 2016 ut
1985 1967 2080 2017 dno
2121 1970 2316 2032 tropici,
2367 1968 2464 2018 duo

209 2039 418 2104 polareS.
2422 2063 2425 2067 ·
2531 2033 2539 2100 f

356 2111 413 2161 Si
447 2126 531 2162 sex
567 2115 920 2171 maximisunt
955 2113 1161 2175 ideoque
1199 2113 1432 2175 aequales
1470 2115 1602 2160 inter
1624 2127 1690 2178 se,
1728 2128 1821 2161 cur
1844 2115 1900 2161 in
1937 2113 2152 2175 sphaera
2175 2114 2466 2178 fabricatur
2515 2117 2532 2165 f

211 2185 526 2234 meridianus
561 2187 731 2246 major
767 2187 974 2248 reliquis
1012 2192 1058 2234 et
1093 2186 1304 2235 horizon
1340 2186 1472 2235 solus
1509 2189 1739 2235 omnium
1766 2187 2066 2236 maximus?
2108 2186 2165 2234 Id
2202 2187 2256 2236 fit
2294 2201 2465 2238 neces·
2522 2199 2523 2202 ’

211 2261 356 2307 sitate
393 2258 649 2306 materiae:
702 2272 798 2306 non
838 2264 1004 2322 posset
1042 2260 1168 2307 enim
1207 2258 1415 2323 sphaera
1453 2260 1666 2308 construi
1705 2266 1753 2309 et
1790 2260 2017 2308 manibus
2057 2261 2334 2324 circumagi,
2373 2261 2468 2310 nisi
2518 2299 2529 2313 .,

210 2331 411 2380 horizon
484 2332 779 2379 extrinsecus
849 2331 1248 2394 complecteretur
1307 2338 1697 2395 sustentaretque
1759 2332 2106 2394 meridianum,
2170 2333 2464 2382 meridianus
2515 2338 2519 2348 ’

166 2451 173 2455 .
211 2403 493 2468 sphaeram3
544 2409 755 2452 ceterum
785 2406 889 2452 ‘non
930 2411 1034 2453 tota
1071 2404 1367 2454 armillarum
1419 2404 1588 2454 harum
1627 2405 1904 2469 superficies
1918 2443 1932 2467 ‚
1985 2405 2072 2455 sed
2122 2405 2458 2456 tantummodo
2523 2409 2533 2473 ‘j

208 2478 406 2525 intimus
445 2476 709 2525 horizontis
749 2483 797 2525 et
834 2477 1103 2538 meridiani,
1152 2480 1357 2527 extimus
1398 2492 1512 2526 vero
1551 2477 1845 2541 reliquorum
1885 2479 2044 2539 orbis,
2085 2493 2261 2529 nomen
2301 2478 2467 2529 circuli
2523 2533 2529 2545 1

211 2550 287 2598 sui
335 2551 541 2598 sustinet
591 2550 849 2612 officioque
902 2550 1007 2612 ejus
1063 2551 1290 2613 fungitur.
1370 2550 1442 2599 Ac
1488 2552 1578 2599 etsi
1634 2553 1831 2600 intimus
1884 2554 2173 2601 exteriorum
2209 2552 2356 2602 latior
2393 2558 2467 2602 est

212 2624 478 2672 etiamnum
516 2624 694 2671 extimo
736 2622 1021 2671 circulorum
1059 2625 1337 2672 interiorum
1377 2624 1518 2685 orbe,
1571 2623 1621 2671 id
1660 2630 1821 2674 tamen
1862 2641 2047 2674 rursum
2086 2625 2140 2674 fit
2178 2631 2365 2675 tantum
2403 2624 2465 2675 ad
2511 2683 2517 2688 q

209 2694 544 2744 facilitandum
581 2700 766 2744 motum
805 2695 1065 2759 sphaerae,
1114 2698 1300 2745 ratione
1340 2711 1454 2744 vero
1492 2696 1808 2760 intelligitur,
1858 2698 2091 2761 aequales
2131 2713 2236 2748 esse
2275 2698 2498 2758 debere„

211 2770 389 2833 quippe
428 2769 511 2831 qui
550 2782 602 2817 se
640 2774 809 2817 mutuo
836 2775 1035 2832 tangere
1075 2768 1346 2831 debebant3
1388 2766 1669 2832 quae'vero
1709 2786 1761 2820 se
1800 2777 1968 2821 mutuo
1997 2777 2214 2834 tangunt,
2256 2787 2314 2822 ea
2342 2786 2464 2837 geo-

211 2843 406 2891 metrice
446 2840 608 2904 quoad
647 2847 922 2890 contactum
961 2847 1076 2890 sunt
1112 2856 1276 2890 unum.
1321 2849 1326 2852 ·

361 2914 498 2977 Quid
542 2917 815 2976 praecipue
863 2915 1061 2963 circulis
1106 2916 1350 2978 sphaerae
1396 2914 1578 2963 accidit
1624 2917 1755 2963 inter
1805 2931 1854 2965 se
1891 2920 2195 2980 comparatis
2241 2923 2464 2980 respectu

211 2987 362 3047 hujus
410 2986 774 3036 distinctionis?
818 2987 939 3036 Cum
976 2987 1125 3051 plana
1174 2987 1459 3037 circulorum
1497 2987 1733 3051 sphaerae
1773 2996 1857 3038 aut
1897 2995 2184 3039 concurrant
2221 2992 2345 3039 intra
2382 2990 2463 3040 vel

214 3065 351 3108 extra
400 3059 653 3121 sphaeram
692 3075 842 3124 seque
881 3066 1049 3110 mutuo
1088 3067 1277 3121 secent,
1318 3066 1402 3109 aut
1440 3074 1536 3109 non
1578 3069 1884 3122 concurrant,
1918 3063 2019 3111 'sed
2057 3062 2291 3126 parallela
2329 3065 2462 3114 ince-
2500 3061 2505 3064 ’
2552 3119 2554 3126 ⁴

213 3131 350 3180 dant:
388 3132 438 3178 in
478 3132 666 3182 circulis
705 3134 902 3196 quidem
939 3134 1205 3184 minoribus
1245 3135 1508 3182 astronomi
1546 3133 1799 3196 diligenter
1834 3135 2138 3184 considerant
2175 3136 2460 3200 parallelum

212 3205 372 3262 situm,
413 3204 460 3250 in
499 3208 722 3255 maximis
760 3221 876 3256 vero
915 3214 1133 3255 mutuam
1173 3221 1338 3257 eorum
1375 3209 1655 3257 sectionem.
1732 3207 1857 3256 Nam
1895 3210 2092 3256 maximi
2118 3211 2241 3258 inter
2279 3224 2332 3259 se
2369 3225 2460 3274 pa-

210 3275 366 3326 ralleli
405 3290 511 3324 esse
548 3291 645 3325 non
675 3285 893 3342 possunt,
933 3280 1018 3329 sed
1057 3286 1141 3329 aut
1169 3279 1446 3329 coincidunt
1483 3284 1568 3328 aut
1592 3295 1645 3329 se
1683 3285 1852 3330 mutuo
1880 3283 2318 3343 secant3'minores
2342 3297 2458 3332 vero

212 3349 303 3399 etsi
339 3361 437 3396 uon
474 3350 571 3396 sint
603 3351 823 3412 paralleli
860 3354 985 3402 inter
1022 3368 1102 3412 se,
1155 3355 1202 3401 in
1241 3354 1498 3417 superficie.
1531 3345 1691 3403 tamen
1729 3353 1963 3416 sphaerae
2003 3369 2109 3404 sese
2153 3362 2321 3404 mutuo
2361 3365 2475 3404 non·

212 3435 401 3485 semper
437 3428 628 3484 secant;
666 3437 755 3473 nec
790 3440 993 3488 magnus
1032 3426 1301 3475 sectionum
1339 3426 1530 3475 illarum
1570 3431 1643 3475 est
1681 3427 1813 3477 usus'.
2311 3490 2315 3494 ἡ

360 3494 485 3557 Quis
532 3497 690 3557 mitur
739 3500 1013 3547 sectionum
1065 3502 1196 3548 inter
1245 3514 1293 3548 se
1336 3502 1682 3549 maximorum
1730 3505 1798 3547 est
1848 3500 2006 3547 usus?
2062 3500 2208 3550 Terni
2258 3501 2455 3550 maximi

214 3567 512 3617 constituunt
548 3566 852 3631 sphaericum
890 3571 1207 3634 triangulum,
1247 3572 1349 3621 bini
1387 3573 1691 3636 sphaericum
1727 3571 1986 3635 angulum3
2038 3574 2086 3620 in
2126 3574 2200 3622 his
2239 3563 2458 3623 'versatur

213 3639 430 3690 doctrina
463 3639 826 3702 triangulorum,
870 3657 967 3704 qua
1005 3657 1170 3694 omnes
1207 3647 1346 3709 primi
1386 3651 1546 3694 motus
1583 3645 1796 3694 rationes
1835 3647 2163 3708 continentur,
2204 3647 2454 3710 explican-

215 3717 293 3762 tur
331 3714 476 3775 inque
514 3726 655 3760 usum
693 3714 1038 3776 producuntur.

360 3785 495 3849 Quot
528 3800 606 3834 res
642 3787 1024 3836 considerantur
1061 3790 1117 3835 in
1153 3804 1456 3854 unoquoque
1506 3790 1765 3853 trianyulo
1815 3791 2111 3852 sphaerico?
2186 3791 2308 3842 Sex:
2363 3792 2454 3842 tria

211 3856 382 3921 latera,
422 3859 569 3918 trium
607 3873 674 3909 sc.
716 3860 999 3921 circulorum
1038 3863 1353 3915 maximorum
1393 3877 1548 3926 arcus,
1587 3868 1636 3912 et
1671 3868 1769 3913 tres
1807 3863 1988 3928 anguli.
2349 3899 2364 3920 „
