2554 4140
841 114 977 162 Liber
1004 115 1194 162 Primus,
1253 116 1366 161 Pars
1397 116 1580 173 Quinta.
1772 120 1774 123 ’
2228 124 2327 173 171

90 263 360 328 superficiei
394 263 621 322 TelluriS,
661 265 752 312 etsi
787 265 1008 327 potentia
1044 278 1220 328 graves
1257 267 1382 325 sunt,
1423 270 1536 313 actu
1575 270 1735 314 tamen
1774 280 1870 315 non
1910 266 2163 316 trahuntur
2200 273 2334 317 extra

39 387 44 397 ,
85 339 262 387 flexum
294 341 454 384 motus
489 335 644 383 diurni
683 337 978 398 circularem,
1019 352 1128 387 cum
1165 339 1493 386 sustineantur
1529 337 1591 386 ab
1631 337 1729 398 illo,
1772 338 1903 401 quod
1935 340 2122 390 trabere
2147 346 2329 403 posset.

86 411 199 474 Ipsa
244 423 360 458 vero
410 414 514 456 tota
551 408 699 457 Terra
742 412 907 473 gravis
956 416 1011 458 ut
1054 416 1159 460 tota
1204 409 1301 460 dici
1337 410 1546 474 amplius
1585 424 1681 458 non
1721 418 1909 474 potest,
1963 427 2068 462 cum
2108 413 2229 462 nihil
2266 415 2331 463 sit

86 489 220 531 extra
256 481 404 539 illam,
447 479 578 543 quod
616 480 748 530 illam
787 482 1013 532 attrahat.

144 598 150 602 .
202 553 308 602 III.
357 553 506 617 Quod
520 553 669 602 habes
693 562 1051 617 aryumentum
1076 572 1110 603 a
1133 562 1300 604 motus
1323 554 1713 618 aequabilitate?
1748 554 1807 603 Id
1829 570 1913 619 per
1938 559 2330 622 anticipationem

83 627 183 690 peti
218 631 378 689 potest
415 640 475 675 ex
513 625 731 676 doctrina
768 627 984 677 theorica
1032 627 1091 677 de
1129 629 1339 678 motibus
1378 627 1562 676 Lunae.
1641 627 1915 676 Manifestis
1974 632 2102 677 enim
2141 632 2332 694 experi-

82 699 255 747 mentis
293 700 645 758 convincimur,
700 706 754 748 ut
790 702 994 764 primum
1032 707 1239 762 motum,
1287 702 1512 764 quamvis
1550 702 1599 748 in
1638 714 1735 749 una
1771 700 1992 763 qualibet
2027 703 2331 753 revolutione

85 770 471 836 deprehendatur
509 772 968 835 “aequabilissimuffi
1016 788 1273 838 parumper
1319 779 1480 823 tamen
1535 779 1583 822 et
1631 775 1679 821 in
1727 774 1946 837 partibus
1993 775 2334 826 insensibiliter

85 843 406 893 concedamus
446 845 779 908 inaequalem,
831 846 1091 895 tardiorem
1130 846 1351 909 quidem,
1399 860 1507 895 cum
1546 845 1632 896 Sol
1670 851 1745 895 est
1794 846 1844 892 in
1893 861 2140 910 apogae0,
2190 848 2330 898 velo-

85 918 276 976 ciorem,
317 931 423 965 cum
462 919 511 964 in
548 919 795 982 perigae0.
856 918 1042 980 Quodsi
1083 925 1286 983 excepta
1322 918 1429 968 sola
1467 918 1617 968 Terra
1654 924 1758 968 tota
1794 918 1982 982 reliqua
2019 920 2183 968 mundi
2222 936 2328 969 ma·-

85 988 227 1037 china
270 995 455 1037 motum
507 990 635 1039 hunc
685 992 973 1051 sustineret,
1024 1005 1172 1039 causa
1220 991 1354 1040 nulla
1392 991 1601 1055 confingi
1653 996 1843 1057 posset,
1897 1006 1979 1040 cur
2015 991 2149 1056 leges
2186 992 2332 1056 hujus

82 1061 444 1125 inaequalitatis
482 1062 543 1111 ad
584 1064 727 1111 unius
766 1063 918 1112 solius
956 1063 1194 1127 sphaerae
1232 1063 1415 1114 Solaris
1452 1071 1635 1113 motum
1689 1070 2038 1129 attemperatae
2081 1064 2329 1115 redunda-

79 1140 184 1183 rent
229 1136 280 1182 in
329 1140 483 1184 totam
527 1135 816 1186 machinam.
893 1137 960 1184 At
1006 1137 1048 1184 si
1104 1138 1384 1198 quiescente
1429 1137 1599 1186 mundi
1649 1137 1874 1187 machina
1923 1138 2073 1187 Terra
2124 1145 2325 1202 rotatur,

80 1222 226 1256 causa
262 1207 407 1270 hujus
446 1207 859 1271 inaequabilitatis
895 1208 1037 1258 facile
1075 1207 1291 1258 redditur
1327 1225 1386 1259 ex
1423 1212 1690 1260 mutatione
1730 1210 1975 1260 intervalli
2012 1212 2135 1260 inter
2162 1211 2327 1262 Solem

78 1286 127 1328 et
168 1279 367 1328 Terram
423 1282 473 1328 in
522 1273 850 1345 proportione⁴
885 1281 1085 1348 eadem,
1136 1296 1243 1331 cum
1283 1282 1369 1331 Sol
1418 1285 1482 1331 sit
1530 1289 1689 1332 motus
1742 1286 1897 1333 omnis
1937 1283 2219 1335 administer
2274 1291 2323 1335 et

78 1351 351 1418 opitulator.
2243 1408 2245 1411 .

226 1425 325 1474 IV.
384 1426 484 1475 Dic
519 1434 879 1489 armamentum
925 1442 1114 1496 acausa
1161 1434 1327 1478 motus
1369 1430 1540 1492 primi.
1619 1428 1739 1478 Cum
1786 1443 1883 1478 non
1921 1429 2072 1479 Terra
2122 1435 2325 1492 tantum,

79 1497 166 1548 sed
217 1500 364 1548 etiam
412 1499 603 1548 coelum
650 1514 709 1550 ex
746 1501 949 1548 materia
995 1501 1079 1562 sit,
1130 1499 1271 1550 Mose
1322 1515 1412 1550 nos
1460 1506 1626 1551 contra
1664 1502 1975 1552 Aristotelem
2027 1502 2325 1566 obfirmante‚

80 1577 299 1620 neutrum
340 1572 514 1637 corpus
553 1587 605 1622 se
642 1574 748 1638 ipso
790 1579 956 1638 aptum
996 1578 1070 1622 est
1107 1572 1170 1622 ad
1206 1580 1404 1623 motum.
1482 1572 1637 1625 Omne
1677 1577 1805 1624 enim
1841 1581 2160 1639 materiatum,
2201 1591 2328 1640 qua-

82 1651 221 1693 tenus
261 1644 392 1704 tale,
431 1653 598 1709 aptum
637 1651 710 1695 est
746 1646 814 1694 ibi
852 1649 1117 1709 quiescere,
1155 1648 1242 1696 ubi
1279 1647 1548 1697 solitarium
1585 1650 1811 1713 ponitur,
1869 1649 1927 1698 de
1966 1663 2063 1712 quo
2103 1650 2243 1714 plura
2279 1651 2328 1697 in

80 1717 297 1776 doctrina
336 1717 565 1767 theorica.
643 1717 848 1783 Oportet
893 1721 1041 1782 igitur
1077 1725 1262 1769 motum
1297 1723 1502 1785 primum
1541 1721 1815 1771 adscribere
1866 1721 1946 1771 vel
1985 1721 2131 1770 alicui
2167 1723 2326 1772 facul-

77 1792 165 1839 tati
189 1790 404 1851 animali,
441 1791 717 1853 subjectum
741 1798 902 1840 motus
937 1792 1213 1842 informanti
1251 1800 1336 1843 aut
1375 1793 1532 1844 eidem
1558 1796 1820 1857 assistenti,
1860 1795 1938 1844 vel
1977 1794 2125 1844 alicui
2149 1801 2326 1860 poten-

78 1865 174 1913 tiae
210 1862 421 1912 naturali
458 1865 645 1918 motrici
684 1866 986 1915 intrinsecae.
1062 1865 1216 1929 Atqui
1252 1866 1366 1915 talis
1404 1867 1611 1916 facultas
1640 1870 1815 1916 mot1·ix
1853 1882 1940 1917 seu
1975 1868 2200 1918 animalis
2236 1883 2324 1919 seu

0 1914 3 1960 ῗ
76 1935 308 1985 naturalis
343 1935 535 1986 facilius
571 1938 622 1986 in
659 1938 810 1988 Terra
845 1939 1054 2003 ponitur,
1094 1953 1240 2002 quam
1279 1941 1325 1986 in
1365 1939 1530 2002 coelo;
1569 1940 1719 1990 Terra
1758 1943 1884 1991 enim
1921 1940 2129 2003 globosa
2167 1947 2239 1991 est
2277 1948 2324 1990 et

7 2024 12 2027 ’
74 2011 205 2058 intus
240 2009 388 2074 plena
436 2016 485 2059 et
520 2017 728 2073 angusta
778 2013 1087 2076 speciemque
1126 2011 1370 2075 quandam
1409 2012 1566 2062 cordis
1606 2014 1780 2075 habet,
1822 2013 2021 2081 *coelum
2072 2015 2322 2079 amplissi-

74 2086 206 2132 mum
244 2089 292 2132 et
329 2089 647 2145 excavatum,
689 2084 944 2148 perquod
985 2085 1111 2134 hanc
1162 2085 1445 2136 facultatem
1483 2085 1684 2135 diffundi
1723 2092 1965 2152 oporteret
2003 2088 2324 2150 circulariter3

76 2170 182 2205 cum
219 2170 247 2204 e
284 2157 523 2205 contrario
562 2159 717 2221 possit
752 2159 915 2206 anima
951 2157 1118 2221 aliqua
1162 2160 1211 2206 in
1250 2159 1445 2226 Terrae-¹,
1467 2165 1630 2209 centro
1676 2163 1793 2224 poni
1841 2160 2087 2222 radicata,
2139 2176 2319 2210 secun-

75 2228 189 2277 dum
224 2234 446 2277 naturam
471 2244 589 2279 suae
616 2231 855 2280 essentiae
894 2231 1158 2295 spiritualis
1196 2226 1523 2294 indivisibilis,
1563 2233 1773 2297 indeque
1812 2234 1947 2282 velut
1985 2248 2011 2283 e
2044 2234 2187 2283 corde
2227 2234 2323 2282 hu-

75 2315 218 2350 mano
257 2316 344 2365 per
378 2304 591 2366 speciem
629 2305 705 2352 sui
744 2304 1028 2353 continuata
1066 2319 1315 2355 excurrere
1353 2307 1401 2352 in
1441 2319 1607 2356 omnes
1644 2307 1778 2370 globi
1817 2309 1893 2356 sui
1931 2312 2119 2371 partes3
2160 2307 2241 2357 vel
2280 2309 2322 2356 si

73 2374 279 2424 facultas
309 2376 459 2423 motui
498 2376 790 2440 praeficitur,
831 2391 891 2426 ea
928 2382 1087 2442 potest
1113 2379 1162 2425 in
1201 2393 1341 2428 axem
1367 2378 1546 2428 Terrae
1583 2377 1797 2442 (solidae
1837 2382 2016 2444 quippe
2044 2377 2320 2447 existentis)

74 2452 158 2496 aut
205 2449 255 2494 in
300 2446 456 2497 lineas
505 2450 586 2496 axi
637 2449 898 2514 parallelas
935 2455 1022 2498 aut
1060 2451 1186 2501 circa
1236 2467 1378 2502 axem
1415 2452 1766 2502 circumductas
1805 2454 2044 2518 exporrigi
2082 2468 2322 2518 suumque

74 2519 414 2584 corpusculum
452 2523 718 2572 comminus
756 2537 932 2587 urgens
969 2537 1165 2574 movere
1203 2527 1309 2575 sine
1348 2524 1683 2576 debilitatione
1721 2541 1780 2575 ex
1817 2526 2104 2591 longissima
2146 2529 2321 2577 virium

74 2592 346 2642 diffusione.
1619 2613 1622 2616 ⁴

227 2667 288 2716 V.
333 2669 702 2729 Aryumentare
737 2668 945 2718 tandem
968 2670 1031 2718 ab
1070 2671 1276 2732 oryanis
1312 2678 1490 2720 motus·
1548 2671 1747 2722 Terram
1782 2667 1991 2726 invitare
2029 2671 2220 2721 videtur
2258 2671 2320 2721 ad

76 2737 377 2789 volutionem
413 2739 568 2802 figura
606 2739 711 2802 ejus
748 2741 983 2801 rotunda,
1038 2742 1278 2790 volutioni
1316 2746 1584 2806 aptissima.
1659 2745 1825 2794 Motus
1865 2745 2062 2794 diurnus
2101 2745 2156 2792 fit
2194 2747 2320 2795 circa

73 2826 236 2873 axem,
289 2814 373 2875 qui
419 2817 642 2876 respectu
678 2812 824 2876 hujus
871 2816 1010 2879 primi
1047 2820 1207 2864 motus
1246 2815 1300 2863 fit
1336 2817 1627 2881 immobilis3
1679 2818 1773 2867 hoc
1810 2832 1895 2882 per
1932 2833 1985 2866 se
2019 2832 2188 2867 verum
2228 2825 2318 2880 est,

74 2891 232 2934 utrum
282 2885 405 2934 velis
442 2886 626 2933 moveri
665 2884 825 2947 dicas,
879 2887 1068 2937 coelum
1104 2903 1166 2936 an
1205 2888 1418 2937 Terram.
1493 2890 1608 2940 Jam
1663 2906 1778 2940 vero
1817 2892 1921 2940 axis
1961 2892 2054 2940 iste
2093 2891 2314 2941 ambula-

73 2959 223 3006 torius
261 2965 335 3008 est
383 2959 430 3004 in
469 2958 688 3021 partibus
726 2958 963 3024 sphaerae
1000 2961 1203 3008 fixarum
1244 2963 1479 3022 extimae,
1530 2964 1602 3012 sic
1640 2968 1694 3011 ut
1731 2978 1827 3012 non
1879 2964 2102 3013 omnibus
2141 2965 2320 3014 seculis

73 3029 269 3080 eaedem
306 3030 454 3090 fixae,
495 3030 581 3079 sed
619 3030 746 3080 aliae
782 3039 895 3096 post
932 3033 1055 3082 alias
1094 3035 1140 3080 in
1181 3032 1309 3082 hunc
1346 3049 1483 3084 axem
1522 3037 1749 3102 veniant,
1801 3042 1968 3086 contra
2006 3039 2178 3086 transit
2216 3040 2320 3087 axis

73 3103 163 3152 iste
196 3117 281 3168 per
316 3110 478 3168 partes
517 3103 694 3153 Terrae
732 3118 920 3169 semper
958 3105 1177 3166 easdem,
1225 3120 1340 3168 ergo
1386 3109 1606 3171 proprius
1645 3115 1719 3157 est
1755 3110 1860 3157 axis
1898 3110 1989 3159 iste
2028 3109 2162 3173 globi
2201 3110 2319 3160 Tel-

73 3173 211 3238 luris,
263 3174 384 3226 coeli
441 3190 555 3226 vero
602 3176 913 3226 adventitius.
990 3178 1064 3227 Ac
1108 3177 1335 3243 proinde,
1393 3194 1500 3228 cum
1551 3181 1656 3228 axis
1697 3179 1884 3231 dicatur
1923 3199 1951 3232 a
1999 3189 2163 3250 motu,
2213 3186 2318 3248 ipse

73 3249 216 3297 etiam
254 3255 414 3298 motus
450 3250 645 3314 primae,
688 3250 826 3312 cujus
865 3257 938 3299 est
974 3250 1054 3299 hic
1078 3252 1199 3311 axis,
1240 3252 1288 3298 in
1329 3265 1526 3316 corpore
1554 3252 1763 3303 Telluris
1801 3257 1955 3317 inerit,
1995 3271 2092 3305 non
2132 3259 2181 3304 in
2220 3258 2316 3305 im-

74 3333 239 3371 mensa
275 3321 400 3372 coeli
437 3322 579 3373 mole.
656 3322 790 3371 Idem
838 3322 1008 3372 eodem
1055 3322 1200 3371 modo
1250 3322 1603 3374 demonstratur
1641 3328 1786 3376 etiarn
1827 3328 1887 3379 de
1938 3329 2116 3379 circulo
2156 3337 2316 3379 motus

74 3390 217 3457 hujus
252 3395 427 3446 medio.
504 3395 767 3444 Consimile
815 3403 1150 3460 argumentum
1202 3396 1263 3445 ab
1301 3399 1492 3459 organis
1544 3405 1591 3448 et
1630 3414 1660 3449 a
1695 3399 1788 3452 fine
1831 3402 2036 3465 junctim
2091 3403 2317 3453 conside-

79 3467 210 3527 ratis,
249 3467 361 3517 vide
396 3468 522 3517 infra
557 3483 647 3517 suo
685 3468 809 3517 loco.

216 3538 434 3589 Multam
470 3542 653 3590 habent
687 3542 808 3590 haec
846 3544 947 3590 tria
985 3547 1289 3602 arqumenta
1320 3541 1725 3595 haesitationem.-
1763 3561 1879 3609 erqo
1918 3548 1988 3597 ad
2023 3563 2198 3598 eorum
2237 3550 2316 3597 di-

74 3609 426 3662 lucidationem
458 3614 537 3663 dic
572 3616 786 3673 clarius,
835 3614 1000 3677 qualis
1034 3616 1098 3661 sit
1133 3614 1216 3661 ille
1251 3621 1437 3676 motus,
1490 3633 1637 3681 quem
1676 3621 1855 3669 tribuis
1902 3621 2111 3683 Telluri,
2165 3629 2224 3670 ut
2260 3638 2314 3670 eo

73 3682 229 3732 salves
264 3690 592 3748 apparentias
622 3690 783 3750 primi
820 3693 996 3736 motus.
1067 3686 1176 3735 Non
1213 3692 1287 3736 est
1323 3688 1573 3751 fortuitus,
1626 3706 1721 3740 non
1775 3708 1932 3756 vagus
1982 3701 2067 3743 aut
2104 3700 2312 3743 tremens

75 3754 395 3819 trepidansve,
436 3773 532 3808 non
569 3761 841 3822 promiscue
881 3773 1286 3823 quaquaversum,
1327 3761 1486 3824 qualis
1525 3769 1598 3813 est
1636 3764 1936 3816 inordinatus
1975 3773 2136 3815 motus
2178 3767 2312 3828 globi

79 3826 338 3893 argillacei,
378 3846 521 3896 quem
549 3832 725 3896 figulus
752 3835 873 3884 inter
911 3832 1031 3882 duas
1058 3846 1286 3883 manuum
1323 3835 1511 3899 palmas
1549 3843 1723 3900 versat,
1763 3854 1972 3889 massam
1999 3839 2312 3904 undiquaque
