2554 4140
786 126 926 174 Liber
954 126 1171 185 Quartus,
1231 128 1344 173 Pars
1375 126 1597 174 Secunda.
2219 133 2323 183 357

65 275 420 337 concedamus,
471 289 618 339 quem
664 274 749 326 dat
796 278 841 327 ei
881 277 1178 341 Copernicus
1202 279 1350 327 inter
1396 276 1537 326 orbes
1582 274 1756 325 Martis
1808 280 1857 325 et
1902 275 2126 329 Veneris.
2199 277 2328 328 Nam

64 354 156 401 etsi
193 348 504 399 intervallum
528 348 727 398 Saturni
765 355 814 400 et
838 347 984 400 Jovis
1021 367 1052 401 a
1090 352 1233 413 cub0,
1271 349 1416 399 Jovis
1456 354 1504 399 et
1539 348 1714 398 Martis
1751 364 1782 398 a
1821 350 2080 412 tetrae'dro,
2120 350 2326 401 Veneris

64 431 113 473 et
149 424 378 473 Mercurii
427 422 491 470 ab
531 422 762 471 octae’dro
810 422 983 474 deduci
1033 431 1198 489 posset
1236 425 1384 473 etiam
1434 423 1482 469 in
1521 421 1700 472 Brahei
1740 422 2068 484 ordinatione,
2123 429 2176 473 at
2218 424 2324 487 jam

62 511 206 560 porro
242 499 535 560 ‘superesset
581 496 706 543 inter
750 495 958 546 Martem
1007 503 1056 546 et
1107 497 1346 547 Venerem
1392 494 1706 543 intervallum
1744 497 1965 556 unicum,
2019 498 2070 543 in
2121 511 2323 547 numero

62 584 179 619 vero
226 567 488 631 figurarum
536 567 890 617 mundanarum
942 576 1203 634 supersunt
1247 569 1433 631 figurae
1483 566 1622 616 duae.
1699 567 1803 616 Nec
1854 567 1976 616 illud
2014 570 2326 619 intervallum

60 641 236 691 Martis
274 647 323 689 et
359 639 590 701 Veneris,
631 640 764 704 quod
802 648 877 691 est
916 644 967 691 in
1004 646 1192 692 ratione
1229 642 1412 705 majore
1452 655 1599 705 quam
1639 638 1814 702 dupla,
1868 641 1930 688 ad
1970 655 2117 690 unam
2154 642 2326 692 harum

63 715 352 778 figurarum,
405 711 468 760 ad
508 712 845 763 dodecae'dron
883 715 1069 766 scilicet
1108 722 1194 765 aut
1231 713 1544 773 icosaedron,
1596 712 1880 777 quadraret,
1931 727 2022 763 nec
2060 730 2091 763 a
2130 714 2321 765 duabus

60 787 240 851 figuris,
280 799 377 835 non
399 786 727 836 intercedente
764 789 889 837 inter
927 803 1010 838 eas
1049 789 1216 852 aliquo
1256 788 1389 847 orbe,
1428 786 1598 851 posset
1635 783 1825 834 deduci.

206 857 413 918 Octav0,
455 858 626 908 eadem
665 860 872 910 dicenda
909 867 1023 910 sunt
1048 863 1198 911 etiam
1236 861 1296 910 de
1319 860 1575 909 harmonia
1612 864 1833 908 motuum
1862 856 2156 920 coelestium,
2199 875 2326 923 quae

63 934 276 982 numeris
315 937 364 981 et
399 933 796 995 proportionibus
835 933 982 996 plane
1019 934 1194 984 iisdem
1234 939 1487 994 constant,
1529 932 1706 996 quibus
1742 936 1911 980 nostra
1950 932 2086 980 scala
2122 935 2321 994 musica,
2360 946 2380 955 “

62 1020 213 1069 quae,
261 1006 366 1054 sive
404 1008 756 1068 praestantiam
795 1008 956 1070 operis
995 1008 1297 1069 consideres,
1344 1009 1451 1056 sive
1490 1005 1917 1068 contemplationis
1950 1004 2326 1067 jucunditatem,

61 1081 165 1127 sive
214 1077 425 1140 denique
477 1079 576 1126 vim
627 1081 959 1144 persuasionis
1007 1080 1370 1140 inevitabilem,
1423 1094 1535 1130 vere
1584 1079 1748 1128 anima
1797 1083 1846 1127 et
1884 1079 1987 1126 vita
2027 1077 2121 1127 diei
2161 1083 2327 1143 potest

60 1152 210 1200 totius
250 1152 594 1202 astronomiae,
670 1151 765 1200 Illa
804 1167 921 1202 vero
961 1154 1031 1202 sic
1070 1154 1265 1203 tandem
1304 1153 1549 1212 succedit,
1589 1153 1630 1200 si
1668 1149 1839 1200 Tellus
1877 1164 1966 1199 suo
2005 1151 2115 1200 loco
2156 1158 2204 1202 et
2245 1167 2326 1201 or-

60 1225 172 1273 dine
210 1225 337 1274 inter
371 1223 596 1287 planetas
634 1239 775 1274 suam
813 1225 1046 1275 chordam
1080 1226 1244 1290 pulset
1282 1239 1523 1289 suumque
1561 1231 1730 1274 tonum
1757 1239 1844 1287 per
1882 1226 2128 1273 semitonii
2157 1227 2323 1275 varia-

61 1299 240 1347 tionem
281 1297 435 1346 veluti
473 1296 713 1358 decantet,
753 1298 893 1361 cujus
930 1300 1190 1361 semitonii,
1231 1314 1358 1363 quae
1395 1313 1584 1348 rursum
1623 1299 1788 1346 anima
1826 1302 1900 1346 est
1940 1303 2142 1364 cantus,
2192 1297 2328 1347 nulla

58 1370 182 1420 alias
220 1375 350 1420 esset
384 1373 786 1433 repraesentatiO.
865 1371 994 1433 Quin
1031 1375 1178 1422 etiam
1216 1373 1474 1422 semitonio
1513 1370 1723 1420 Telluris
1763 1376 1984 1432 exemt0,
2039 1373 2166 1433 perit
2202 1373 2327 1420 inter

61 1450 223 1493 motus
262 1443 500 1492 coelestes
537 1447 919 1506 repraesentatio
957 1460 1190 1509 generum
1230 1451 1415 1506 cantuS,
1458 1445 1576 1506 duri
1604 1450 1652 1493 et
1674 1444 1851 1504 mollis,
1889 1458 1967 1494 res
2006 1446 2155 1492 totius
2178 1444 2328 1507 hujus

60 1517 364 1567 tractationis
398 1516 770 1579 jucundissima,
810 1518 1133 1568 subtilissima
1169 1524 1217 1569 et
1243 1518 1683 1568 admirabilissima.
1761 1516 1861 1567 Sed
1900 1517 1958 1566 de
1984 1517 2079 1566 hoc
2115 1519 2166 1565 in
2191 1517 2326 1567 Har-

60 1604 279 1639 monicis.
1906 1606 1909 1610 ·

201 1663 360 1723 Nono,
401 1661 576 1725 quodsi
613 1663 715 1711 vim
754 1662 1073 1714 ordinationis
1110 1664 1401 1715 Braheanae
1441 1663 1801 1714 consideremus
1839 1667 1887 1712 et
1924 1664 1966 1711 si
2008 1662 2334 1727 imaginemur·

42 1736 202 1786 nobis
241 1736 459 1798 aliquam
484 1738 739 1786 materiam
778 1738 966 1786 orbium
994 1740 1208 1802 quinque
1234 1737 1526 1798 luxatilium,
1569 1751 1694 1800 quae
1723 1751 1819 1786 una
1846 1750 1955 1785 cum
1995 1738 2104 1799 ipsa
2126 1739 2325 1798 regione

63 1809 319 1859 mobilium
357 1823 520 1872 annuo
557 1815 696 1858 motu
732 1809 940 1871 luxetur‚
978 1810 1090 1874 jam
1127 1813 1178 1861 in
1218 1812 1309 1860 hac
1347 1812 1566 1871 materia,
1604 1811 1653 1857 in
1692 1809 1800 1870 hoc,
1842 1811 2066 1872 inquam,
2123 1809 2323 1858 coelesti

64 1883 197 1944 orbe,
235 1896 322 1945 per
347 1896 515 1931 omnes
540 1882 847 1945 planetarum
884 1885 1109 1947 regiones
1147 1885 1272 1945 fuso,
1311 1884 1482 1934 Tellus
1521 1884 1667 1933 etiam
1708 1884 1964 1946 quiescens
2003 1882 2151 1931 talem
2190 1883 2326 1931 orbi·—

0 1966 1 1975 *
60 1962 161 2006 tarn
198 1956 327 2005 circa
363 1954 529 2005 Solem
566 1956 773 2018 scribet,
824 1957 1020 2020 qualem
1060 1957 1134 2006 illi
1173 1958 1470 2021 Copernicus
1511 1958 1792 2019 quiescente
1831 1963 1880 2005 et
1917 1955 2032 2005 Sole
2072 1961 2121 2005 et
2160 1960 2323 2005 centro

58 2029 272 2092 regionis
318 2027 572 2077 mobilium
625 2030 897 2092 assignavit
933 2031 1057 2080 inter
1096 2031 1238 2080 orbes
1276 2030 1450 2080 Martis
1502 2035 1550 2079 et
1585 2029 1808 2079 VeneriS.
1887 2028 1966 2077 Ita
2003 2030 2190 2078 ratione
2230 2029 2323 2077 ab-

61 2101 209 2151 surda
253 2108 301 2151 et
338 2102 603 2165 impropria
640 2101 704 2151 ad
742 2102 946 2153 eandem
984 2103 1392 2168 pulchritudinem
1432 2105 1621 2152 eminus
1661 2101 1980 2162 alluderetur,
2034 2101 2186 2151 Terra
2225 2102 2323 2150 sci-

0 2231 1 2236 ,
58 2174 175 2225 lieet
212 2175 379 2224 orbem
415 2189 564 2223 unum
602 2182 883 2239 peragraret
921 2176 1232 2240 quiescendo.
1293 2176 1597 2237 Credibilius,
1639 2176 1846 2224 orbitam
1884 2180 2073 2224 sextam
2111 2173 2324 2223 Telluris

0 2266 1 2316 ᾗ
62 2247 272 2298 describi
307 2253 444 2296 motu
493 2247 615 2298 reali
651 2251 805 2312 ipsius
843 2249 1081 2313 Telluris,
1109 2253 1261 2301 ·sicut
1301 2257 1348 2300 et
1385 2249 1603 2313 reliquae
1643 2250 1856 2312 quinque
1897 2249 2083 2298 orbitae
2121 2246 2326 2298 totidem

61 2321 276 2370 motibus
315 2320 667 2373 describuntur.
1325 2316 1329 2322 ’

205 2394 460 2443 Decimum
498 2400 860 2457 argumentum,
901 2411 932 2445 a
967 2395 1215 2460 periodico
1255 2402 1472 2460 tempore
1511 2395 1813 2452 desumtum,
1864 2394 1959 2444 hoc
1998 2399 2134 2444 esto:
2192 2392 2326 2457 quod

62 2471 224 2516 motus
250 2465 380 2516 Solis
419 2481 659 2530 apparens
698 2467 850 2518 habet
887 2468 992 2519 dies
1033 2470 1153 2531 365,
1195 2484 1321 2533 quae
1359 2483 1587 2519 mensura
1625 2474 1700 2518 est
1724 2467 1886 2517 media
1923 2469 2046 2516 inter
2071 2467 2325 2530 periodum

64 2539 269 2589 Veneris
308 2540 411 2588 225
453 2539 639 2589 dierum
689 2547 739 2591 et
773 2541 949 2591 Martis
991 2543 1093 2591 687
1135 2542 1336 2592 dierum.
1364 2539 1434 2605 ⁵⁷)
1510 2541 1686 2590 Annon
1737 2543 1901 2604 igitur·
1935 2541 2037 2590 alta
2075 2554 2197 2589 voce
2236 2555 2325 2589 ex-

62 2612 244 2663 clamat
279 2618 455 2663 natura
490 2627 666 2679 rerum,
706 2616 972 2676 circuitum,
1013 2617 1061 2663 in
1101 2629 1199 2679 quo
1239 2621 1588 2665 consumuntur
1625 2615 1705 2663 isti
1740 2615 1842 2664 dies
1883 2615 2002 2673 365,
2042 2613 2151 2661 loco
2179 2614 2326 2661 etiam

0 2707 2 2718 ·
62 2685 275 2735 medium
314 2700 422 2735 esse
476 2687 601 2735 inter
639 2687 864 2737 circuitus
902 2688 1075 2738 Martis
1114 2695 1163 2738 et
1198 2688 1405 2739 Veneris
1444 2690 1570 2738 circa
1608 2687 1801 2750 Solem,
1853 2692 1901 2736 et
1946 2688 2017 2734 sic
2055 2699 2152 2733 non
2192 2683 2322 2742 Solis

64 2773 172 2809 esee
220 2758 350 2808 hunc
400 2759 652 2808 circuitum
703 2761 832 2810 circa
869 2760 1113 2811 Tellurem
1169 2762 1372 2826 (quippe
1423 2763 1551 2811 circa
1601 2775 1747 2824 quam
1786 2761 2125 2823 primariorum
2162 2757 2324 2806 nullus

9 2861 13 2895 ε,
66 2833 271 2882 orbitam
310 2846 449 2882 suam
470 2831 743 2882 ordinatam
781 2833 944 2895 habet,
985 2840 1039 2883 ut
1077 2834 1300 2885 concedit
1324 2831 1590 2901 Brahcus),
1631 2832 1718 2882 sed
1744 2832 1954 2881 Telluris
1993 2832 2120 2880 cirea
2158 2831 2326 2893 quies-

10 2900 17 2980 ἰ
66 2911 252 2955 centem
290 2903 471 2964 Solem,
511 2906 638 2954 sicut
676 2906 825 2955 etiam
863 2909 1010 2957 ceteri
1048 2909 1278 2971 primarii,
1317 2913 1438 2971 puta
1474 2908 1525 2956 hi
1562 2908 1670 2970 ipsi,
1710 2905 1844 2954 Mars
1885 2910 1932 2953 et
1971 2903 2156 2965 Venus,
2198 2905 2327 2953 circa

12 2988 16 3038 ξ
67 2976 230 3030 Solem
270 2977 504 3027 currendo
542 2978 631 3028 has
670 2993 785 3027 suas
822 2979 1051 3042 periodos
1089 2980 1367 3030 absolvunt.

16 3103 17 3114 γ
208 3049 531 3101 Undecimum
557 3067 587 3100 a
612 3052 773 3100 causis
799 3053 1081 3102 motricibus
1108 3051 1186 3119 (ex
1213 3054 1453 3103 sententia
1478 3049 1672 3114 quidem
1692 3049 1870 3099 Brahei
1899 3051 2169 3114 supposita,
2209 3048 2325 3099 licet

15 3120 19 3171 l
68 3137 164 3175 non
199 3124 263 3174 ab
302 3125 527 3173 omnibus
567 3126 631 3172 sit
668 3125 919 3188 concessa)
976 3124 1256 3175 desumitur.
1330 3126 1457 3175 Nam
1503 3124 1620 3186 quia
1671 3123 1812 3172 orbes
1851 3121 1995 3171 solidi
2038 3121 2158 3171 nulli
2196 3128 2323 3183 sunt,

18 3235 21 3249 .
68 3199 293 3248 notrices
328 3198 478 3261 igitur
513 3197 771 3247 facultates
807 3198 1033 3260 nuspiam
1070 3199 1187 3261 poni
1214 3204 1433 3261 possunt,
1474 3210 1620 3258 quam
1647 3195 1694 3242 in
1736 3195 2018 3258 corporibus
2044 3195 2324 3245 mobilibus.

20 3312 21 3315 ,
74 3270 220 3335 Atqui
245 3268 327 3319 ‘sic
369 3269 511 3321 valde
550 3269 671 3319 dura
709 3270 792 3319 fiet
829 3269 1041 3319 conditio
1081 3272 1349 3319 animarum
1370 3270 1639 3328 metricum,
1679 3267 1843 3317 durior
1878 3268 2325 3332 intelligentiarum,

20 3333 27 3425 ἰ
73 3341 187 3393 dum
220 3342 335 3393 illae
375 3357 566 3407 corpus,
607 3346 653 3391 in
694 3358 791 3406 quo
831 3344 1008 3403 insunt,
1049 3341 1243 3392 deloco
1284 3343 1520 3391 inlocum
1559 3340 1741 3403 duplici
1765 3346 1900 3391 motu
1938 3342 2194 3391 transferre
2221 3344 2327 3391 sine

22 3430 28 3460 ·.
72 3415 359 3480 cujusquam
404 3418 474 3466 rei
523 3418 807 3476 renitentia,
860 3415 952 3464 hae
1003 3429 1118 3464 vero
1170 3415 1233 3464 ad
1287 3411 1432 3463 valde
1481 3413 1635 3463 multa
1685 3416 1923 3478 respicere
1964 3415 2220 3478 jubentur,
2275 3421 2331 3464 ut

24 3507 26 3516 ’
73 3488 318 3552 planetam
355 3489 548 3540 duobus
585 3504 673 3554 per
711 3490 874 3539 omnia
912 3487 1150 3537 distinctis
1188 3494 1238 3538 et
1272 3489 1396 3537 inter
1418 3501 1471 3536 se
1507 3488 1756 3551 permixtis
1792 3488 2005 3537 motibus
2043 3487 2211 3537 ordine
2235 3502 2325 3536 suo

25 3562 29 3626 ξ
73 3561 329 3626 invehant3
383 3563 447 3612 ad
493 3565 744 3612 minimum
795 3563 919 3611 enim
973 3559 1117 3609 simul
1165 3560 1335 3610 eodem
1388 3565 1633 3609 momento
1687 3566 1919 3625 cogentur
1973 3562 2210 3624 respicere
2263 3559 2327 3608 ad

76 3636 323 3699 utriusque
359 3644 519 3685 motus
558 3637 818 3700 principia,
858 3640 1035 3691 centra,
1076 3632 1328 3697 periodos,
1368 3633 1565 3697 figuras.
1641 3634 1708 3683 At
1746 3635 1785 3682 si
1825 3633 1910 3683 Sol
1949 3636 2169 3697 quiescat
2207 3633 2326 3681 Tel-

29 3736 32 3753 ,
74 3703 246 3769 lneque
283 3714 549 3771 moveatur,
589 3715 750 3759 motus
790 3708 1026 3771 cujusque
1053 3706 1278 3770 planetae
1317 3712 1390 3756 est
1417 3708 1586 3756 unicus
1625 3714 1674 3757 et
1710 3712 1875 3771 potest
1913 3706 2034 3756 effici
2062 3706 2324 3755 virtutibus

30 3798 38 3852 ψ
78 3781 318 3841 corporeis
342 3784 642 3845 magneticis,
682 3781 879 3831 animali
907 3780 1137 3830 facultate
1177 3780 1257 3828 vix
1284 3778 1346 3827 ad
1384 3781 1576 3830 unicam
1600 3779 1901 3830 volutionem
1939 3780 2153 3843 corporis
2180 3777 2323 3839 Solis,

32 3874 35 3890 ·
78 3852 250 3900 mentis
288 3866 403 3904 vero
438 3856 680 3928 praesidio
719 3856 864 3918 plane
904 3854 1126 3916 nuspiam
1168 3858 1241 3901 est
1279 3865 1415 3916 opus.
1491 3853 1621 3903 Vide
1660 3853 1792 3904 Com.
1835 3852 2006 3902 Martis
2044 3850 2239 3915 passim.
