2554 4140
218 111 326 192 474
1048 139 1286 199 Epitomes
1315 139 1634 188 Astronomiae

218 287 399 350 angulo
438 286 604 346 DAL,
659 287 868 352 angulus
918 303 1035 338 vero
1076 289 1215 338 CMA
1267 289 1347 337 vel
1389 289 1512 338 CPA
1565 292 1679 340 addi
1731 292 1794 342 ad
1847 294 2169 365 compositum
2220 306 2279 340 ex
2317 293 2471 360 DAF,

218 359 362 408 FAM
400 367 447 407 et
485 359 545 408 ad
585 361 744 421 DAP,
800 369 852 409 ut
889 362 1133 410 anomalia
1179 361 1392 410 secundo
1443 370 1716 426 coaequata
1766 373 2154 429 repraesentetur
2189 366 2239 412 in
2279 367 2471 428 angulis

217 434 286 480 sic
327 434 574 493 correctiS,
615 448 644 481 a
683 434 863 495 quibus
901 441 1062 483 tamen
1101 435 1360 487 schematis
1399 437 1522 483 ratio
1560 451 1657 484 non
1696 437 1869 487 leviter
1907 439 2155 498 abhorret,
2208 440 2299 484 nisi
2340 454 2397 486 ex
2434 439 2471 487 G

216 513 437 553 secantes
476 507 608 568 ipsas
649 505 749 565 CA,
791 506 899 567 CM,
942 506 1022 555 CP
1063 507 1300 567 eduxeris,
1341 507 1524 555 indices
1562 508 1655 557 loci
1698 509 1866 560 Lunae
1905 513 1975 559 sic
2012 510 2225 559 secundo
2260 513 2471 573 aequati,
2530 531 2535 534 ·

217 577 347 639 quod
389 577 580 625 videtur
618 579 887 649 intricatius
926 577 1058 646 (vide
1099 579 1272 627 librum
1297 579 1398 642 V.).
1475 581 1536 628 Et
1574 582 1719 644 hujus
1758 585 2037 646 posterioris
2078 598 2194 631 usus
2231 590 2471 645 respectu,

215 663 322 698 cum
362 651 402 698 is
444 659 678 712 congruat
714 651 776 700 ad
813 666 1032 700 normam
1073 653 1300 700 usitatam
1341 655 1688 715 aequationum
1727 657 1775 702 in
1814 655 2051 719 planetiS‚
2091 658 2222 718 prior
2259 657 2474 704 semicire·

215 721 379 783 culus,
428 738 458 771 a
496 724 672 786 copula
721 739 943 787 apogaea
982 727 1202 787 inceptus
1240 725 1303 772 ad
1342 739 1561 773 normam
1600 730 1812 776 usitatae
1852 731 2203 787 astronomiae,
2253 735 2474 777 censetur

214 795 395 844 habere
435 796 736 845 affectionem
775 799 1164 863 subtractoriam,
1203 797 1461 859 secunduS,
1502 801 1724 864 inceptus
1764 815 1794 848 a
1833 801 2011 864 copula
2041 803 2284 864 perigaea,
2326 802 2474 851 affec-

212 869 393 927 tionem
433 869 761 932 adjectoriam.
2518 909 2522 913 .

364 943 620 1003 Quomodo
646 944 938 1005 appellatur
976 944 1112 991 Iocus
1138 943 1323 991 Lunae
1360 943 1560 992 duabus
1583 947 1872 1005 praemissis
1911 946 2297 1007 aequationibus
2324 946 2475 1009 affec·
2524 991 2537 1010 γ

211 1014 337 1062 tus?
391 1015 636 1078 Respectu
689 1023 941 1064 secuturae
993 1017 1162 1064 tertiae
1211 1016 1620 1078 aequatiunculae
1678 1017 1851 1066 dicitur
1902 1018 2043 1066 locus
2095 1017 2265 1067 Lunae
2322 1021 2473 1082 prope
2513 1054 2539 1070 .-

214 1101 360 1135 verus
402 1089 449 1134 in
486 1088 735 1152 Tychonis
774 1088 1309 1152 Progymnasmatibus.

357 1154 551 1222 Quibus
593 1163 709 1220 jam
759 1162 947 1223 le9ibus
994 1165 1259 1224 utriusque
1301 1163 1502 1224 yeneris
1552 1167 1598 1209 et
1632 1131 1826 1214 solutae
1863 1169 1909 1210 et
1958 1170 2246 1211 menstruae
2283 1170 2474 1226 tempo-

214 1244 407 1280 raneae
445 1235 734 1282 anomaliae
773 1238 1096 1297 aequationes
1131 1238 1266 1282 inter
1301 1250 1350 1282 se
1385 1237 1753 1296 permiscentur
1800 1238 1856 1283 in
1894 1250 2059 1284 unam
2103 1236 2475 1298 compositam?

223 1308 267 1354 l.
318 1306 518 1370 Semper
565 1307 735 1369 majori
790 1315 927 1369 parte
979 1308 1390 1356 semicirculorum
1448 1308 1831 1356 accumulantur.
1908 1308 1965 1356 Id
2017 1325 2074 1357 ex
2129 1323 2187 1357 eo
2239 1311 2472 1372 sequitur,

217 1379 334 1440 quia
373 1378 552 1427 dictum
593 1385 687 1428 est:
730 1395 826 1442 quo
867 1388 1082 1443 tempore
1121 1381 1425 1440 semicirculi,
1466 1382 1513 1426 in
1555 1381 1717 1428 soluta
1756 1381 1952 1443 quidem
1981 1381 2249 1430 ascendens
2287 1390 2336 1431 et
2362 1381 2475 1431 des·-

217 1449 438 1512 cendens,
478 1453 525 1498 in
566 1459 812 1501 menstrua
852 1468 967 1502 vero
1007 1454 1101 1501 ista
1139 1455 1397 1502 crescentis
1425 1459 1473 1501 et
1511 1457 1806 1502 senescentis
1837 1454 2018 1514 Lunae,
2058 1470 2110 1503 se
2137 1462 2305 1503 mutuo
2334 1453 2472 1517 quasi

216 1525 435 1573 bisecant
474 1525 800 1589 applicatione
840 1527 1175 1587 terminorum,
1229 1527 1574 1589 aequationem
1613 1533 1907 1575 menstruam
1947 1541 2054 1576 esse
2091 1527 2236 1591 plane
2275 1528 2473 1576 nullam.

217 1596 582 1662 Quamprimum
622 1599 768 1661 igitur
805 1606 878 1647 est
916 1599 1084 1661 aliqua
1123 1600 1447 1662 inaequalitas
1486 1607 1753 1658 menstrua,
1802 1600 1905 1661 Jam
1944 1600 2053 1663 plus
2093 1594 2364 1663 quadrante
2403 1605 2476 1650 est

215 1672 262 1717 in
301 1670 606 1719 semicirculo
646 1674 919 1732 crescentis,
960 1675 1323 1721 communicans
1362 1674 1405 1720 ei
1446 1686 1583 1720 suam
1623 1674 1944 1721 affectionem.

364 1746 412 1795 2.
462 1744 518 1791 In
558 1745 753 1793 residua
789 1752 927 1807 parte
967 1746 1396 1807 semicirculorum,
1436 1746 1519 1793 ubi
1558 1753 1671 1794 sunt
1710 1747 1991 1795 affectiones
2029 1748 2153 1794 inter
2190 1761 2243 1794 se
2282 1751 2475 1794 contra-
2551 1766 2554 1809 ξ

215 1816 331 1877 riae,
369 1816 424 1864 fit
461 1817 730 1866 subtractio
770 1819 968 1866 minoris
996 1821 1305 1881 aequationis
1343 1834 1372 1866 a
1400 1818 1588 1880 maj0ri,
1630 1825 1677 1868 et
1703 1825 1798 1867 stat
1833 1819 1915 1881 jus
1955 1819 2363 1868 denominationis
2387 1832 2473 1868 seu
2544 1817 2554 1925 ³

215 1889 484 1939 affectionis
522 1890 585 1938 ab
626 1890 865 1940 elemento
905 1891 1094 1954 majori.
2479 1939 2482 1941 s
2546 1949 2554 1960 ,

365 1965 413 2014 3.
453 1961 661 2026 Quando
703 1977 818 2027 ergo
857 1971 971 2012 sunt
1009 1966 1056 2011 in
1097 1963 1285 2027 copulis
1324 1963 1532 2028 apsides,
1574 1970 1689 2012 tunc
1727 1963 1868 2012 Luna
1907 1965 1953 2011 in
1995 1964 2205 2026 quadras
2248 1966 2473 2014 veniente

215 2049 311 2084 non
350 2046 599 2086 menstrua
637 2043 823 2085 tantum
864 2039 1120 2100 aequati0‚
1168 2036 1254 2085 sed
1295 2039 1442 2085 etiam
1482 2038 1754 2101 composita
1806 2051 1865 2085 ex
1905 2036 2094 2086 duobus
2134 2036 2385 2086 elementis
2421 2037 2474 2085 fit
2538 1975 2554 2105 J

214 2110 449 2165 maxima.
490 2124 557 2158 sc.
603 2107 658 2156 7⁰
699 2109 798 2158 30¹.
2538 2106 2548 2177 ᾗ

359 2184 409 2230 4.
459 2180 667 2244 Quando
707 2181 903 2244 apsides
942 2183 989 2228 in
1029 2179 1241 2243 quadras
1280 2180 1525 2241 incidunt,
1567 2187 1684 2229 tunc
1719 2168 1824 2230 toto
1863 2195 2031 2231 mense
2070 2181 2290 2230 technico
2331 2183 2437 2244 (et
2424 2196 2473 2228 m
2540 2178 2554 2237 Ι

217 2261 450 2317 quantum
489 2255 583 2304 hoc
621 2261 725 2303 toto
764 2269 927 2303 mense
966 2253 1175 2303 naturali
1217 2269 1382 2302 verum
1408 2254 1502 2317 est)
1539 2256 1859 2317 aequationes
1897 2257 2190 2318 proveniunt
2213 2254 2474 2318 simplices,
2533 2248 2554 2314 'ti

216 2326 324 2391 lege
362 2328 578 2390 solutae3
617 2342 706 2376 nec
745 2334 818 2376 est
855 2327 1023 2390 aliqua
1061 2318 1307 2375 menstrua
1346 2328 1592 2390 aequatio,
1633 2342 1732 2390 qua
1770 2342 1879 2376 cum
1919 2328 2004 2376 illa
2041 2329 2402 2391 permisceatur.
2532 2316 2554 2416 J'j

362 2401 409 2449 5.
463 2399 670 2463 Quando
711 2400 916 2463 apsides
960 2407 1073 2448 sunt
1111 2401 1230 2448 locis
1270 2399 1591 2459 intermediiS‚
1646 2415 1731 2448 seu
1772 2402 1820 2447 in
1862 2403 2163 2461 octantibus,
2214 2415 2272 2449 eo
2311 2413 2475 2450 mense
2529 2405 2554 2478 a*

217 2473 359 2521 Luna
395 2475 443 2521 iu
485 2474 671 2537 copulis
710 2473 904 2536 quidem
941 2473 1091 2522 habet
1129 2475 1473 2535 aequationem
1511 2473 1808 2535 simplicem,
1849 2474 2042 2536 legibus
2080 2474 2354 2522 anomaliae
2392 2486 2476 2522 so·-
2529 2448 2554 2551 31

217 2545 365 2607 lutae,
406 2552 457 2595 at
496 2547 543 2594 in
585 2545 783 2609 quadris
824 2548 1049 2606 existens,
1092 2546 1217 2594 ultra
1255 2545 1319 2607 id,
1360 2545 1491 2608 quod
1531 2548 1574 2593 ei
1614 2548 1846 2609 competit
1883 2546 2072 2609 legibus
2112 2546 2329 2606 solutae,
2370 2558 2475 2594 sor·
2532 2540 2554 2611 ⁷³}

218 2621 334 2667 titur
383 2621 530 2668 etiam
582 2619 870 2683 particulam
921 2618 980 2667 de
1029 2620 1322 2681 aequatione
1362 2625 1655 2679 menstruas
1686 2626 1870 2681 quanta
1908 2626 2072 2683 potest
2109 2619 2194 2667 illa
2231 2619 2334 2668 fieri
2371 2622 2473 2668 toto
2523 2598 2554 2700 ἔξ

218 2692 304 2741 illo
342 2695 520 2742 mensis
560 2692 767 2741 technici
807 2694 1029 2754 semisse3
1081 2692 1290 2754 denique
1339 2692 1386 2738 in
1427 2691 1623 2756 apsidas
1675 2691 1891 2740 incidens
1940 2694 2091 2755 gibba
2131 2691 2209 2740 vel
2251 2693 2472 2741 cornice·
2523 2688 2554 2739 ἱ

210 2765 334 2823 lata,
389 2766 566 2828 quibus
621 2766 669 2812 in
722 2766 914 2828 punctis
967 2779 1130 2814 carere
1182 2764 1350 2812 debuit
1389 2766 1683 2827 aequatione
1725 2780 1783 2813 ex
1822 2764 2014 2826 legibus
2053 2765 2274 2824 solutae,
2329 2764 2531 2849 habet!
2521 2741 2554 2804 *J

218 2844 377 2887 tamen
417 2838 633 2901 aliquam
673 2839 1015 2901 aequationem
1053 2843 1376 2899 menstruam,
1416 2839 1631 2886 vicissim
1660 2839 1709 2884 in
1747 2838 1934 2886 medias
1959 2837 2288 2900 longitudines
2327 2836 2475 2900 gibba
2524 2854 2529 2868 ⁴

219 2911 296 2960 vel
337 2911 632 2960 corniculata
673 2913 888 2971 veniens,
931 2912 1012 2958 ubi
1050 2912 1310 2959 maximam
1350 2912 1558 2973 acquirit
1596 2912 1939 2973 aequationem
1976 2910 2085 2974 lege
2124 2911 2340 2972 solutae,
2378 2919 2472 3019 nou
2516 2851 2554 3006 ξι

217 2983 386 3046 adjicit
423 2990 584 3033 tamen
625 2986 886 3033 maximam
925 2991 1237 3033 menstruam.

362 3062 500 3120 Quae
536 3058 654 3105 hinc
689 3059 916 3119 sequitur
952 3058 1292 3120 inaequalitas
1328 3059 1560 3119 partium
1589 3056 1811 3104 mensis?
1846 3055 2018 3105 Potest
2055 3057 2270 3104 semissis
2298 3051 2472 3108 mens‘u
2518 3057 2554 3102 vi

158 3139 162 3143 ·
215 3143 246 3175 a
284 3130 468 3190 quadra
507 3129 568 3178 ad
610 3129 843 3192 quadram
885 3144 1133 3178 excurrere
1173 3131 1390 3193 proxime
1431 3128 1491 3177 ad
1531 3128 1633 3177 dies
1670 3129 1906 3190 sedecim,
1946 3129 2159 3177 semissis
2197 3127 2319 3178 alter
2356 3135 2472 3181 con*
2511 3115 2554 3176 'l

220 3201 345 3248 trahi
385 3201 446 3249 ad
486 3201 589 3251 dies
629 3202 858 3251 tredecim
899 3217 1007 3279 cum
1049 3202 1264 3263 dimidio,
1306 3201 1455 3266 paulo
1494 3201 1620 3264 plus.
2507 3179 2554 3302 ἕ

2432 3292 2461 3317 ..ε
2532 3278 2554 3325 ..Ι

289 3315 377 3364 De
429 3311 1167 3381 tertia'inaequalitate
1219 3324 1423 3366 motus
1464 3317 1683 3367 Lunae
1730 3319 1792 3364 in
1845 3317 2123 3379 longum,
2175 3331 2279 3366 seu
2332 3313 2403 3366 de
2446 3319 2459 3385 ζ,
2505 3305 2554 3393 ἓν.

1093 3391 1550 3440 -Variatione.
2443 3385 2449 3393 λ
2505 3388 2554 3444 i:

332 3490 620 3551 Quomodo
657 3491 901 3554 differunt
937 3496 1070 3541 inter
1106 3507 1155 3541 se
1191 3496 1248 3540 in
1283 3493 1457 3556 forma
1495 3492 1885 3553 inaequalitates
1922 3497 2232 3550 menstruae,
2284 3496 2525 3553 tempo·
2502 3461 2554 3534 'a

215 3576 378 3613 rama
426 3562 664 3610 haetenus
714 3566 986 3625 explicata,
1038 3573 1084 3617 et
1127 3573 1260 3614 stata
1297 3580 1384 3613 seu
1418 3571 1664 3628 perpetua
1708 3565 1821 3623 jam
1860 3564 2098 3625 sequens?
2163 3566 2206 3611 l.
2261 3563 2505 3624 Tempo-
2546 3551 2554 3609 ιΙ

215 3650 390 3697 tanea,
441 3641 494 3682 ut
530 3634 736 3692 dictum,
784 3637 988 3696 junctim
1029 3635 1268 3702 dependet
1306 3646 1406 3686 tam
1445 3638 1506 3684 ab
1549 3650 1799 3698 apogae0‚
1847 3649 1994 3696 quam
2033 3651 2063 3683 a
2101 3636 2230 3683 linea
2269 3621 2506 3718 copula-³
2535 3627 2554 3684 Ι

217 3724 346 3770 rum3
399 3714 633 3771 perpetua
681 3706 920 3770 dependet
967 3726 996 3757 a
1043 3711 1149 3758 sola
1199 3712 1328 3758 linea
1379 3710 1676 3771 copularum.
1755 3710 1801 3753 2.
1851 3707 1944 3755 Illa
1985 3710 2136 3756 oritur
2175 3723 2235 3756 ex
2273 3715 2503 3782 compa*-
2527 3719 2554 3775 1]

215 3783 403 3831 ratione
443 3780 815 3829 eccentricitatis
855 3780 1022 3829 Lunae
1061 3797 1167 3830 cum
1207 3783 1354 3845 plano
1395 3781 1559 3830 circuli
1597 3780 1990 3840 illuminationis,
2041 3781 2164 3829 haec
2190 3781 2353 3830 existit
2388 3791 2520 3845 peri,

218 3854 426 3904 eundem
475 3851 710 3902 circulum
756 3850 1152 3914 illuminationis,
1206 3855 1292 3902 sed
1344 3857 1463 3903 citra
1499 3857 1770 3916 respectum
1810 3855 2196 3904 eccentricitatis
2273 3854 2326 3903 3.
2373 3845 2527 3906 lna„
