2554 4140
175 131 275 179 166
993 124 1230 182 Epitomes
1259 122 1577 170 Astronomiae

170 270 368 340 mundi)
409 278 588 336 petere.
653 271 814 334 Quare
851 274 978 324 sicut
1015 287 1113 323 non
1152 274 1398 336 sequitur:
1436 272 1571 322 levia
1607 285 1670 322 ex
1692 287 1794 323 nna
1826 278 1967 338 parte
2003 273 2222 324 feruntur
2258 288 2431 324 versus

170 347 337 395 mundi
375 352 619 407 centrum,
672 361 787 410 ergo
824 349 996 418 gravia
1033 348 1252 396 feruntur
1288 347 1352 395 ab
1390 345 1501 408 ejus
1537 351 1727 406 centro,
1780 347 1852 396 ita
1886 361 1978 397 nec
2015 348 2312 396 contrarium
2349 361 2432 397 sc-

169 421 358 482 quitur:
405 419 537 468 levia
574 435 634 468 ex
682 419 837 469 altera
872 426 1011 484 parte
1047 420 1265 470 feruntur
1317 434 1349 468 a
1400 424 1565 468 centro
1613 417 1785 468 mundi
1821 419 1886 469 ad
1932 420 2262 543 superficiem,
2315 434 2432 483 ergo

172 495 342 556 gravia
381 491 467 540 ad
482 498 700 540 centrum
736 493 919 542 mundi.

317 566 491 614 Proba
517 566 636 625 jam
673 569 824 615 etiam
859 581 954 628 per
989 566 1369 628 merientium,
1406 566 1593 633 provio
1631 563 1886 630 quaedam
1915 580 2023 614 non
2045 566 2177 629 ferri
2212 564 2285 614 ad
2317 579 2435 614 cen-
2515 631 2518 636 1

170 645 309 686 trum
344 637 550 699 mundi,
601 653 717 686 cum
762 640 1002 702 ferantur
1047 646 1219 686 tamen
1272 636 1343 686 ad
1390 638 1474 685 sui
1508 638 1735 699 corporis
1782 643 2028 687 cmtrwn.
2097 637 2245 687 Patet
2281 637 2332 685 id
2368 636 2440 686 sd
2518 637 2524 642 “

174 710 370 759 oculum
422 713 474 758 in
517 709 664 774 globo
703 711 900 771 Lunae,
954 712 1038 774 qni
1085 725 1195 758 cum
1246 711 1312 758 sit
1361 708 1582 772 ejusdem
1630 714 1835 760 naturae
1888 723 1998 759 cum
2036 709 2188 760 Terra
2234 711 2282 759 in
2306 707 2430 771 hoc,

173 783 304 845 quod
341 785 391 830 in
429 785 611 833 extima
646 799 738 832 sua
776 783 1029 847 superficie
1059 783 1231 832 -habet
1267 781 1459 831 montes
1495 788 1547 831 et
1583 781 1770 843 valles,
1818 784 2123 833 continentes
2173 789 2223 832 et
2259 783 2431 845 maria,

172 871 330 919 neque
368 862 531 905 tamen
568 858 632 905 sit
668 857 810 905 Luna
847 859 896 904 in
934 862 1098 905 centro
1137 855 1320 913 mnndi,
1360 854 1494 919 qnod
1530 856 1770 919 recipiunt
1804 866 2000 916 omnes,
2038 857 2214 919 gravia
2249 862 2430 917 tamen,

171 936 224 978 ut
261 935 376 978 sunt
411 944 571 993 aquae
608 929 851 991 LunareS,
899 944 1059 992 neque
1096 930 1146 977 in
1183 929 1383 978 Terram
1433 943 1593 992 neque
1643 929 1691 976 in
1728 928 1942 978 medinm
1980 928 2146 977 mnndi
2186 927 2435 991 decidunt,

171 1001 543 1052 sedinsinuant
581 1017 634 1051 se
672 1002 734 1051 ad
772 1002 883 1051 loca
918 1004 1141 1066 proxima
1179 1008 1344 1052 centro
1381 1001 1517 1065 globi
1554 1001 1778 1051 Lunaris.
1818 1035 1828 1044 .

326 1075 465 1124 Unde
500 1077 625 1124 scire
657 1090 953 1139 possumus,
999 1078 1056 1124 in
1093 1074 1251 1124 Luna
1301 1088 1399 1124 csse
1442 1075 1554 1125 loca
1598 1075 1708 1124 alta
1753 1081 1800 1124 ct
1846 1073 2104 1136 depressa,
2149 1076 2304 1137 inque
2348 1073 2436 1122 ds-

170 1151 359 1210 pressia
388 1148 584 1211 aquas?
639 1149 856 1197 Primum
894 1147 1038 1197 docet
1074 1150 1253 1212 optica,
1293 1147 1545 1213 telescopii
1583 1147 1769 1209 Belgici
1808 1145 2107 1196 adminiculo
2144 1152 2195 1196 et
2231 1146 2437 1197 demon-

170 1223 404 1271 stratione
443 1221 586 1286 plane
623 1223 920 1282 necessaria,
967 1227 1132 1286 partes
1170 1221 1340 1271 Lunae
1378 1223 1648 1280 luminosas
1685 1219 1906 1270 elevatas
1952 1227 2003 1269 et
2039 1225 2297 1270 exstantes
2325 1233 2432 1269 esse

170 1309 200 1343 a
239 1299 403 1343 centro
440 1294 575 1358 globi
613 1296 690 1343 sui
727 1294 972 1358 valdeque
1009 1309 1231 1359 asperas3
1270 1300 1433 1359 partes
1471 1308 1589 1344 vero
1628 1291 1906 1343 maculosas
1943 1299 1992 1343 et
2028 1293 2287 1358 subnigras
2325 1306 2435 1342 esse

172 1369 319 1416 etiam
358 1366 611 1431 depressas
650 1374 699 1417 et
733 1367 934 1432 planas,
971 1375 1027 1417 ut
1065 1374 1139 1417 est
1176 1371 1408 1417 continua
1444 1367 1690 1432 planities.
1762 1365 1891 1415 Nam
1927 1373 2092 1431 partes
2130 1366 2290 1417 clarae
2328 1379 2437 1416 cer-

171 1446 355 1488 nuntur
386 1440 647 1488 illuminari
686 1446 736 1489 et
771 1442 939 1501 citius,
989 1455 1138 1504 qnam
1173 1440 1429 1501 maculae,
1469 1447 1518 1490 et
1555 1441 1679 1489 inter
1716 1453 1770 1488 se
1808 1437 1954 1489 valde
1990 1439 2315 1503 inaequaliter
2348 1452 2437 1489 sen
2516 1470 2522 1483 .-

174 1514 400 1576 sparsim.
477 1511 712 1562 Oriuntur
750 1516 878 1563 enim
915 1516 965 1562 in
1002 1514 1176 1563 mediis
1212 1514 1433 1579 partibus
1468 1513 1709 1563 umbrosis
1757 1510 2003 1575 quaedam
2052 1511 2205 1563 veluti
2255 1517 2439 1578 puncta

174 1587 446 1646 luminosa,
497 1600 703 1648 quornm
752 1586 915 1636 lumen
954 1594 1161 1650 augetur
1196 1595 1297 1637 tam
1337 1586 1450 1648 diu,
1500 1585 1657 1636 donec
1702 1584 1900 1635 tandem
1951 1599 2119 1636 omnes
2155 1585 2437 1649 interjectas

174 1660 373 1709 umbrae
426 1659 733 1709 eliminentur
786 1662 1150 1710 continuatione
1199 1658 1471 1710 lucidarum
1529 1660 1756 1725 partium.
1851 1658 1893 1707 E
1942 1664 2109 1708 contra
2158 1657 2438 1709 maculosae
2500 1662 2503 1667 ’

177 1740 340 1797 partes
378 1731 713 1781 illuminantur
750 1732 936 1783 tardius
973 1740 1023 1783 et
1060 1735 1233 1783 transit
1269 1748 1355 1798 per
1391 1732 1504 1783 illas
1541 1733 1774 1782 terminus
1808 1731 1935 1782 lucis
1971 1738 2021 1782 et
2059 1732 2257 1783 umbrae
2300 1728 2457 1800 (cnm,

174 1806 316 1854 Luna
356 1805 507 1854 bifida
545 1807 642 1867 est)
681 1806 877 1869 aequali
914 1815 1047 1857 recta
1083 1806 1228 1869 linea,
1266 1805 1404 1856 nulla
1438 1808 1676 1856 varietate
1713 1803 1796 1854 vel
1831 1806 2043 1855 mixtura
2077 1804 2201 1857 lucis
2237 1812 2288 1856 et
2325 1819 2436 1854 um-

176 1881 307 1928 brae.
370 1877 509 1928 Haec
537 1880 682 1943 igitur
719 1881 990 1929 certissima
1026 1887 1141 1930 sunt
1175 1895 1235 1930 ex
1260 1881 1450 1945 opticis,
1488 1881 1677 1944 nigram
1703 1880 1957 1928 materiam
1992 1877 2241 1944 aequabili
2264 1891 2439 1944 snper-
2536 1879 2537 1882 ’

174 1953 280 2001 ficie
320 1966 426 2001 esse
464 1954 512 2000 in
551 1952 771 2016 partibus
808 1953 981 2003 Lunae
1019 1952 1402 2019 depressioribus
1438 1967 1527 2003 seu
1564 1941 2513 2004 lacunis.

320 2024 436 2075 Jam
476 2025 705 2089 deinceps
742 2026 865 2076 haec
901 2028 973 2077 sic
1010 2029 1171 2091 optice
1209 2025 1542 2077 demonstrata
1576 2039 1832 2076 assumens
1868 2023 2076 2090 pbysica
2117 2030 2167 2075 et
2215 2037 2325 2074 cnm
2363 2024 2436 2086 iis,
2499 2022 2507 2078 ζ

177 2113 306 2161 quae
343 2112 493 2162 penes
543 2112 635 2148 nos
673 2099 722 2147 in
758 2099 956 2150 Tellure
994 2107 1108 2150 snnt
1144 2099 1349 2162 similia,
1387 2113 1704 2164 comparans,
1744 2113 1805 2149 ex
1842 2097 2132 2161 altitudine,
2169 2098 2436 2163 asperitate

177 2179 225 2221 et
264 2170 486 2221 claritate
524 2173 734 2235 partium
780 2171 915 2236 globi
954 2172 1124 2223 Lunae
1170 2175 1351 2224 siccam
1395 2188 1486 2223 sen
1531 2171 1746 2234 aridam,
1802 2173 2107 2222 continentes
2152 2170 2340 2222 scilicet
2387 2175 2439 2221 st
2490 2158 2539 2237 ,3

178 2251 368 2294 montes
407 2260 438 2294 a
475 2243 591 2295 Sole
628 2243 955 2308 illuminatos,
1019 2261 1079 2296 ex
1124 2246 1346 2296 maculis
1371 2260 1458 2296 sen
1496 2245 1749 2309 nigredine
1786 2251 1837 2296 et
1880 2243 2234 2308 aequabilitate
2274 2243 2438 2294 bumi-
2491 2248 2506 2299 ξ

176 2318 292 2366 dum
329 2332 416 2376 seu
455 2332 625 2381 aquae,
685 2332 744 2367 ex
782 2318 1093 2383 depressione
1137 2319 1332 2370 demum
1366 2322 1659 2384 gravitatem
1699 2333 1789 2370 sen
1828 2318 2227 2382 inclinamentum
2266 2329 2438 2369 versus
2480 2345 2507 2375 ,ι

177 2397 393 2441 centrum
430 2390 567 2454 globi
603 2393 934 2442 ratiocinatur.

179 2501 181 2503 -
328 2463 541 2522 Terrae,
595 2465 953 2527 iynobilissimo
992 2469 1141 2516 totius
1176 2466 1360 2515 mundi
1397 2468 1622 2530 corpori,
1662 2468 1893 2531 compet-’t
1926 2465 2064 2516 locus
2099 2466 2253 2515 ctiam
2289 2465 2495 2527 iono-

176 2538 301 2586 bilis.
377 2536 492 2587 Erit
527 2540 686 2600 ἐρίων
722 2541 780 2586 in
818 2545 989 2590 centro
1025 2540 1245 2589 mundi?
1295 2539 1468 2590 Multis
1504 2541 1640 2589 vitiis
1676 2539 1868 2590 laborat
1905 2544 2259 2603 argumentum.
2324 2536 2525 2595 Pri--b¹

174 2625 307 2659 mum
357 2624 455 2660 non
506 2617 581 2659 est
625 2625 848 2674 necesse,
897 2612 1007 2662 loca
1053 2612 1343 2678 respondere
1388 2613 1671 2678 corporibus
1720 2611 2004 2674 nobilitate,
2052 2613 2098 2662 si
2149 2626 2267 2661 nsns
2303 2606 2437 2660 aliud
2483 2605 2492 2643 ’-

174 2682 409 2748 postulat.
485 2682 678 2733 Deinde
732 2683 884 2735 Terra
936 2699 1034 2735 non
1092 2693 1165 2735 est
1219 2700 1394 2751 corpus
1440 2687 1875 2750 ignobilissimum,
1932 2683 2022 2735 sed
2076 2684 2139 2735 ad
2186 2685 2436 2733 minimum

173 2763 354 2819 aequat
385 2771 568 2822 corpus
610 2755 804 2820 Lunae,
849 2758 892 2807 si
928 2773 1027 2808 non
1066 2754 1237 2821 vincit,
1278 2761 1458 2825 quippe
1495 2759 1667 2810 Lunae
1704 2773 1879 2824 corpus
1916 2757 2072 2808 multo
2108 2765 2183 2809 est
2218 2757 2437 2822 asperius

177 2844 378 2894 corpore
416 2830 612 2879 Terrae.
686 2831 748 2879 Et
800 2830 922 2895 quid
968 2833 1012 2881 si
1059 2832 1201 2882 multi
1250 2831 1334 2882 alii
1382 2838 1497 2882 sunt
1542 2832 1824 2897 hujusmodi
1860 2832 1997 2895 globi
2042 2846 2105 2882 ex
2142 2831 2351 2896 planetis
2387 2833 2437 2880 et

173 2903 282 2951 fixis
300 2902 325 2951 ⁶?
375 2902 408 2953 J
415 2905 525 2952 ovis
550 2909 679 2953 certe
717 2918 892 2970 corpus
916 2905 1140 2965 umbram
1174 2907 1298 2969 Jacit
1334 2911 1388 2955 ut
1412 2905 1564 2956 Terra
1598 2913 1648 2957 et
1674 2906 1828 2968 Luna,
1868 2905 2073 2957 Veneris
2100 2918 2276 2971 corpus
2300 2907 2435 2969 parte

177 2991 207 3023 a
246 2975 362 3024 Sole
402 2991 575 3026 aversa
611 2977 796 3028 lumine
834 2984 983 3039 caret,
1021 2984 1076 3028 nt
1112 2979 1263 3029 Terra
1288 2985 1338 3029 et
1374 2978 1529 3028 Luna.
2464 2976 2475 3038 ’,

328 3048 492 3098 Tertio
532 3049 677 3113 plane
714 3051 891 3101 salsum
930 3058 1032 3113 est,
1080 3054 1231 3102 centri
1267 3052 1430 3102 locum
1467 3051 1735 3116 ignobilem
1772 3066 1895 3114 esse,
1935 3067 2046 3102 cnm
2083 3052 2134 3100 in
2171 3047 2435 3100 adumbra-

175 3122 307 3170 tione
346 3121 432 3171 SS.
473 3123 725 3173 Trinitatis
776 3127 933 3190 ipsam
986 3126 1191 3190 primam
1234 3138 1494 3190 personam
1543 3125 1638 3174 Dei
1687 3125 1871 3185 Patris,
1926 3125 2111 3175 fontem
2147 3121 2434 3173 Divinitatis
2460 3155 2473 3165 .

174 3198 561 3256 repraesentat-it.
637 3198 792 3260 Igitur
830 3201 922 3248 etsi
946 3198 1058 3249 loca
1096 3201 1291 3249 omnino
1317 3198 1610 3263 respondere
1632 3196 1875 3248 deberent
1900 3198 2202 3262 corporibus,
2240 3196 2433 3256 Terras,

176 3282 302 3329 quae
347 3270 433 3330 pro
473 3269 675 3332 ignobili
713 3271 917 3322 habetur
957 3279 1005 3322 et
1043 3288 1169 3336 qnae
1206 3272 1270 3322 ad
1307 3274 1468 3322 minus
1501 3270 1766 3336 ignobilior
1803 3277 1876 3320 est
1911 3271 2061 3336 globo
2095 3270 2241 3330 Solis,
2284 3268 2433 3320 cenni

174 3339 314 3389 locus
369 3355 467 3390 non
525 3342 792 3393 debebitur.'
866 3345 964 3395 Sed
1020 3345 1080 3396 de
1132 3346 1226 3396 bac
1278 3347 1696 3411 argumentatione
1723 3372 1726 3376 ·
1751 3343 1893 3408 plura
1942 3345 2067 3394 infra
2116 3345 2166 3391 in
2215 3342 2443 3393 doctrina
2507 3333 2517 3374 ³

176 3413 408 3463 theorica.
2435 3421 2459 3440 ··

321 3488 390 3535 At
426 3502 541 3535 cum
582 3495 809 3537 centrum
847 3493 904 3539 in
941 3493 1290 3543 convolutione
1324 3492 1459 3555 ylobi
1485 3493 1590 3543 loco
1625 3505 1718 3540 suo
1752 3497 1975 3553 maneat,
2023 3490 2208 3540 Terrae
2243 3491 2432 3553 utiquc.

177 3563 360 3623 quippe
398 3563 608 3623 'corpori
650 3565 800 3623 yravi
854 3570 900 3611 ct
945 3565 1016 3613 ad
1054 3573 1251 3616 motum
1295 3568 1476 3630 inerti,
1522 3565 1698 3614 saltem
1744 3570 1951 3628 propter
1996 3567 2218 3614 rationes
2267 3568 2441 3613 mom*

177 3635 312 3683 locus
360 3636 518 3682 centri
550 3634 852 3683 debebitur?
903 3635 1114 3686 Rursum
1160 3640 1342 3688 vitiosa
1391 3645 1466 3689 est
1511 3639 1871 3702 argumentatio
1920 3651 2018 3686 non
2069 3650 2168 3686 uno
2219 3636 2428 3685 nomine.
2498 3647 2507 3690 ς

138 3774 142 3777 χ
179 3707 395 3755 Primum
433 3707 696 3756 assumitur
734 3709 1094 3770 inconcessum,
1144 3711 1368 3761 diurnum
1404 3717 1592 3762 motum
1626 3713 1790 3765 inesse
1826 3712 1916 3760 toti
1955 3709 2210 3759 machinae
2244 3706 2428 3768 mundi,

179 3781 456 3842 quiescente
493 3779 600 3829 sola
636 3780 813 3843 Terra3
864 3782 996 3843 quod
1047 3787 1268 3846 sequenti
1315 3792 1452 3849 parte
1501 3787 1779 3834 invertatur.
1855 3783 2088 3833 Detracto
2137 3797 2254 3833 vero
2291 3786 2428 3831 motu
2496 3802 2501 3827 ε

179 3855 328 3902 totius
366 3853 500 3918 globi
546 3854 802 3918 mundani,
856 3857 1003 3907 centri
1054 3857 1361 3925 privilegium
1411 3857 1535 3911 illud
1571 3857 1716 3909 cadit.
1791 3856 1982 3910 Deinde
2018 3871 2118 3907 non
2155 3863 2229 3907 est
2263 3854 2429 3920 gravis
2496 3899 2499 3901 .
