2554 4140
260 1150 775 1248 EPITOMES
822 1149 1563 1248 ASTRONOMLAE
1611 1148 2392 1244 OOPERNIOANAE

1066 1357 1268 1408 LIBER
1305 1355 1583 1409 SEXTUS.

202 1526 616 1590 THEORICAE
639 1523 1056 1586 DOCTRINAE
1092 1519 1409 1598 TERTIUS,
1439 1525 1534 1583 DE
1564 1523 2117 1584 APPARENTIBUS
2153 1522 2452 1586 MOTIBUS

448 1627 961 1701 PLANETARUM,
1009 1628 1143 1689 SEU
1189 1627 1356 1689 IPSA
1402 1626 1776 1689 DOCTRINA
1822 1625 2208 1687 THEoRch.

349 1904 482 1968 Quot
499 1901 738 1965 partibus
773 1902 1053 1952 absolvitur
1083 1901 1208 1951 libor
1231 1901 1430 1951 sextus?
1482 1899 1733 1963 Quinque:
1777 1899 1964 1963 primae
2003 1902 2210 1962 quatuor
2249 1894 2308 1947 de
2346 1895 2450 1945 sin-

198 1977 423 2041 gulorum
458 1975 763 2040 planetarum
790 1975 1002 2024 motibus
1040 1981 1206 2038 agunt,
1248 1976 1416 2038 quinta
1441 1973 1827 2037 speculationem
1864 1978 2018 2021 totam
2045 1970 2110 2020 ad
2145 1972 2307 2021 varios
2332 1983 2451 2019 uene

200 2057 349 2114 aptat.
427 2049 590 2098 Prima
636 2050 764 2098 enim
802 2047 957 2108 Solis,
1007 2047 1222 2097 secunda
1261 2049 1402 2096 trium
1441 2047 1773 2110 superiorum,
1825 2046 1968 2095 tertia
2007 2043 2212 2093 duorum
2251 2044 2450 2092 inferio-

199 2138 319 2184 rum3
359 2128 531 2185 quarta
558 2119 829 2172 secundarii
856 2121 1100 2185 planetae,
1139 2121 1324 2170 scilicet
1350 2120 1534 2177 Lunae,
1565 2124 1785 2168 motuum
1810 2118 1944 2181 leges
1971 2117 2241 2181 explicant3
2281 2116 2452 2180 quinta

199 2197 321 2245 situs
370 2195 675 2259 planetarum
723 2198 1014 2259 apparentes
1063 2194 1189 2244 inter
1239 2207 1292 2244 ee
1341 2198 1590 2258 comparat
1638 2198 1686 2242 et
1731 2192 1912 2241 situum
1964 2189 2236 2241 accidentia
2282 2203 2450 2254 peree-

199 2269 378 2344 quitur.

982 2899 1281 3000 LIBRI
1351 2898 1674 2998 SEXTI

1111 3083 1554 3135 PARSPRIMA.

678 3236 814 3296 DE
906 3235 1285 3296 SOLIS
1377 3235 1977 3296 THEORIA.

354 3512 527 3577 Quare
560 3514 616 3576 fit
650 3516 857 3564 initium
895 3530 930 3564 α
964 3515 1157 3566 theoria
1197 3515 1365 3565 Solis?
1415 3516 1646 3576 Primum,
1683 3514 1801 3578 quia
1837 3518 1998 3563 motus
2037 3512 2168 3577 Solis
2206 3527 2447 3577 apparens

207 3585 470 3638 seeundum
506 3585 689 3648 placita
728 3586 981 3650 Copernici
1018 3604 1115 3638 non
1152 3590 1279 3638 inest
1315 3589 1407 3652 ipsi
1445 3588 1571 3649 Soli,
1621 3587 1708 3638 sed
1745 3589 1871 3636 inest
1908 3587 2113 3648 Terrae,
2153 3593 2318 3636 nostro
2357 3585 2453 3635 do-'

206 3659 412 3710 micilio:
462 3673 672 3720 aequum
709 3658 854 3721 igitur
893 3667 987 3722 est,
1027 3667 1081 3710 ut
1118 3677 1147 3710 a
1186 3662 1328 3711 nobis
1366 3663 1484 3725 ipsis
1522 3658 1777 3710 noscendis
1816 3659 2015 3709 exordio
2053 3665 2239 3720 sumto,
2277 3663 2447 3723 postea

205 3734 398 3783 demum
434 3731 498 3781 ad
536 3735 719 3781 ceteros
756 3730 976 3793 planetas
1013 3734 1285 3784 noscendos
1322 3734 1710 3798 progrediamur-3
1766 3731 2008 3793 secundo,
2048 3734 2164 3796 quia
2198 3731 2278 3781 hio
2315 3731 2446 3780 Solis

189 3811 366 3856 *motus
404 3817 641 3868 apparens
680 3807 753 3852 est
789 3801 941 3852 multo
980 3806 1243 3868 simplicior
1281 3814 1329 3856 et
1366 3806 1695 3870 aequabilior,
1753 3819 1899 3867 quam
1946 3810 2107 3854 motus
2152 3803 2446 3866 reliquorum

208 3880 530 3945 planetarum.
605 3876 730 3927 Nam
779 3880 828 3925 et
872 3874 1141 3926 latitudinis
1191 3885 1327 3929 motu
1365 3886 1518 3943 caret,
1571 3876 1734 3942 quoad
1779 3884 1938 3928 motus
1977 3877 2106 3929 Solis
2143 3877 2445 3942 apparentiae
