2560 4100
934 113 1005 158 De
1035 110 1246 169 Epitome
1273 103 1603 153 Astronomiae.
2330 96 2397 148 43

278 263 353 313 Sit
390 263 479 312 AB
519 264 677 312 4362.
750 263 881 310 Dato
930 262 1076 323 igitur
1123 270 1240 309 'arcu
1277 259 1372 317 Da,

135 336 424 400 aequevalet
461 338 506 385 ei
543 342 701 384 sector
728 336 852 384 Dssa
886 333 1124 395 daturque
1163 332 1269 395 ejus
1308 332 1378 379 si-

135 425 227 458 nus
266 409 358 470 λΖ,
404 412 454 456 in
493 409 633 471 cujus
673 408 839 470 aliquo
876 413 1058 470 puncto
1099 411 1175 455 est
1210 405 1379 453 Lunae

136 489 376 544 centrum3
428 481 570 529 datur
622 487 670 530 et
716 484 852 529 sinus
904 479 1240 542 complementi
1281 477 1381 536 BZ,

134 569 289 618 eoque
315 557 364 601 in
393 555 483 603 BA
506 554 853 619 multiplicate,
891 553 1107 603 absectis,
1135 544 1201 616 5,
1222 549 1384 614 prodit

134 624 210 689 Ββ
247 634 296 675 et
333 629 418 690 λβ,
468 629 547 675 cui
595 634 670 676 est
723 626 943 689 aequalis
986 625 1108 686 AL,
1153 624 1384 672 distantia

136 702 306 749 Lunae
343 716 374 748 a
412 700 576 749 Terra.
636 699 695 747 In
733 700 863 748 LAZ
902 700 1049 760 igitur
1088 714 1147 748 ex
1174 697 1212 744 Z
1251 702 1382 745 recto

136 781 185 824 et
201 773 307 834 LA,
347 773 432 821 AZ
473 773 597 821 datis
639 775 883 822 invenitur
921 772 1053 820 LAD
1095 776 1381 832 coaequata.

135 846 250 896 Jam
290 846 616 908 multiplicata
656 846 744 894 AB
792 852 897 894 tota
934 847 983 891 in
1023 843 1274 892 dimidium
1316 843 1384 891 λΖ

135 919 248 986 (non
297 916 416 984 LZ),
472 921 683 968 absectis
726 920 772 980 5,
799 917 986 981 *prodit
1024 933 1139 966 area
1179 917 1285 980 λβΑ
1337 919 1385 963 in

136 1007 387 1053 mensura,
446 991 665 1054 qualium
719 993 840 1041 DAF
897 996 969 1039 est
1020 989 1272 1037 dimidium
1326 988 1386 1037 de

141 1067 369 1126 314159,
423 1065 594 1114 valens
650 1061 792 1115 180⁰.
869 1063 1091 1112 Reducta
1142 1064 1288 1124 igitur
1336 1064 1385 1108 in

135 1139 316 1202 gradus
342 1146 391 1188 et
416 1138 585 1187 addita
611 1138 675 1186 ad
702 1138 839 1198 mss,
882 1138 1134 1186 constituit
1158 1135 1384 1195 mediam,

139 1210 512 1275 respondentem
551 1213 645 1274 ipsi
682 1211 837 1259 LAD.
1114 1249 1120 1255 .

280 1284 376 1333 Hic
413 1291 640 1333 manente
669 1284 805 1333 DAL
843 1289 898 1331 ut
935 1285 1068 1345 prius
1105 1287 1153 1330 et
1180 1281 1325 1331 GAH
1362 1282 1409 1327 in
1453 1280 1617 1332 Solem
1659 1288 1903 1350 tendente,
1945 1303 2053 1338 cum
2095 1287 2140 1333 D
2182 1287 2247 1334 sit
2287 1300 2412 1349 apo-

139 1374 315 1421 gaeum
342 1358 548 1418 Lunae,
601 1358 740 1405 datur
779 1356 987 1419 angulus
1027 1355 1193 1417 DAH,
1233 1355 1395 1414 DBP,
1453 1370 1508 1404 ac
1547 1360 1751 1420 proinde
1792 1367 2102 1426 computatur
2143 1361 2287 1408 etiam
2329 1359 2410 1407 BC

142 1440 191 1480 et
228 1432 328 1491 BZ,
370 1433 447 1480 cui
487 1430 709 1493 aequalis
749 1438 823 1480 est
851 1429 954 1478 CA.
1010 1429 1263 1478 Menstrua
1301 1430 1398 1491 igi-

139 1511 216 1553 tur
266 1507 498 1566 aequatio
553 1505 702 1552 habet
766 1518 911 1552 unam
967 1509 1181 1551 tantum,
1209 1508 1397 1566 partem

137 1578 406 1642 physicam,
445 1580 487 1626 si
527 1584 835 1640 comparetur
873 1591 982 1625 cum
1020 1577 1169 1639 priori
1207 1590 1395 1637 aequa-

142 1654 274 1700 tione
311 1650 505 1700 solutae
541 1651 831 1702 anomaliae.
906 1649 1046 1698 Haec
1071 1651 1219 1711 igitur
1258 1660 1398 1697 men-

140 1731 276 1773 strua
322 1727 551 1787 aequatio
606 1726 780 1775 estin
831 1737 946 1772 area
983 1722 1128 1785 GLA,
1208 1722 1306 1771 Sed
1343 1729 1398 1771 ut
1444 1751 1485 1765 r.

139 1798 261 1847 haec
298 1813 412 1846 area
447 1799 664 1860 legitime
701 1802 1020 1860 computetur,
1062 1811 1118 1845 eo
1149 1795 1280 1859 quod
1305 1798 1398 1843 mi-

141 1887 229 1921 nor
265 1878 339 1920 est
376 1873 426 1918 in
464 1871 797 1931 semicircu10,
849 1871 1148 1919 menstruum
1185 1870 1397 1918 habente

139 1946 418 2008 perigaeum
456 1945 663 2007 solutae,
705 1959 852 2007 quam
876 1945 925 1991 in
953 1945 1209 2002 contrario,
1250 1957 1397 2005 opor-

141 2024 210 2068 tet
246 2020 394 2080 igitur
442 2025 726 2081 computare.
777 2032 939 2067 aream
987 2016 1216 2078 trianguli
1253 2016 1396 2074 LBZ,

142 2091 281 2153 cujus
320 2091 530 2140 altitudo
563 2091 648 2139 LT
689 2087 771 2158 (ut
808 2090 893 2139 LT
932 2091 996 2138 sit
1033 2092 1170 2139 sinus
1206 2090 1397 2152 perfec-
1440 2121 1443 2126 -

143 2171 246 2226 tue,
294 2180 466 2227 parum
506 2167 634 2214 enim
673 2167 736 2213 ab
777 2178 834 2214 eo
875 2160 1074 2228 differt),
1117 2169 1165 2212 et
1203 2165 1266 2212 ab
1304 2155 1397 2212 hac

142 2253 260 2287 area
318 2238 504 2287 auferre
565 2238 660 2287 hac
719 2239 830 2286 *vice
893 2236 1107 2285 areolam
1166 2236 1396 2299 trianguli

145 2311 298 2372 CBA,
339 2319 454 2360 tunc
491 2312 700 2360 habetur
738 2326 851 2359 area
890 2309 1036 2358 LCA.
1115 2310 1197 2359 Sic
1235 2312 1394 2372 igitur,

142 2399 250 2434 cum
289 2387 519 2448 aequatio
555 2385 676 2434 duas
714 2391 878 2448 partes
905 2383 1101 2444 habeat,
1141 2384 1396 2448 physicam
1430 2395 1437 2412 1·

144 2465 193 2507 et
255 2461 491 2521 opticam,
555 2459 761 2522 physica
823 2457 902 2506 hic
965 2463 1039 2506 est
1100 2472 1213 2506 area
1274 2458 1395 2510 ΒλΑ

149 2536 260 2591 (Fig.
290 2535 367 2592 4),
415 2534 577 2595 optica
626 2532 835 2594 angulus
890 2530 1045 2590 BLA,
1094 2533 1136 2579 si
1191 2539 1551 2594 computaretur
1591 2540 1700 2601 ipsa
1747 2542 1795 2588 et
1833 2551 1930 2586 non
1970 2537 2136 2600 potius
2177 2548 2263 2597 pro
2306 2533 2415 2594 ipsa

148 2612 420 2667 coaequata
457 2605 610 2666 LAD,
651 2605 714 2653 ad
753 2605 1030 2666 analogiam
1071 2610 1339 2653 ceterorum
1378 2609 1703 2671 planetarum.

181 2730 184 2732 ,
296 2678 427 2727 Nota
464 2680 610 2741 igitur
648 2693 789 2726 usum
829 2678 975 2739 hujus
1014 2680 1320 2739 aequationis
1357 2682 1591 2746 physicae
1631 2690 1923 2734 menstruae.
1999 2681 2263 2743 Proposito
2303 2691 2438 2726 arcu*
2462 2706 2483 2721 ·,

153 2754 411 2801 eccentrici
451 2752 566 2813 DL,
623 2751 862 2815 siquidem
907 2757 1022 2799 tunc
1060 2751 1191 2800 linea
1228 2767 1315 2815 per
1361 2756 1422 2818 Θ
1463 2763 1512 2805 et
1551 2756 1593 2824 ὃ
1633 2757 1733 2806 HG
1782 2762 1916 2806 secat
1968 2755 2151 2804 lineam
2192 2752 2419 2816 apsidum

154 2825 245 2873 DF
284 2824 347 2873 ad
387 2831 561 2885 rectos,
602 2832 656 2873 ut
692 2827 741 2872 in
780 2826 934 2887 primo
973 2823 1234 2886 schemate,
1275 2832 1506 2890 aequatio
1546 2837 1792 2879 menstrua
1830 2828 1967 2877 nulla
2005 2834 2095 2887 est,
2140 2828 2213 2875 sin
2254 2830 2418 2874 autem

153 2897 217 2947 ad
255 2898 500 2960 obliquos,
539 2904 594 2946 ut
632 2900 680 2945 in
719 2898 964 2947 schemate
1004 2897 1172 2959 altere,
1214 2904 1328 2949 tunc
1367 2902 1508 2952 Luna
1546 2905 1733 2952 tardius
1771 2905 1821 2950 in
1855 2903 1892 2950 1,
1934 2900 2104 2951 incidit
2144 2901 2418 2961 quantitate

153 2973 397 3033 temporis,
441 2986 587 3034 quam
627 2976 875 3020 mensurat
913 2970 1041 3019 CLA
1082 2986 1209 3031 area,
1253 2977 1369 3036 quia
1405 2977 1496 3024 DL
1542 2977 1634 3026 hac
1675 2979 1782 3026 vice
1823 2974 2226 3041 distat‘longiusl
2255 2988 2283 3020 a
2323 2972 2420 3036 cirg-

156 3043 266 3093 culo
307 3045 674 3094 illuminationis
712 3044 907 3104 Terrae,
950 3046 1033 3106 qui
1071 3045 1254 3093 incedit
1290 3049 1556 3098 secundum
1596 3050 1693 3109 AZ,
1737 3051 1807 3098 sic
1845 3055 1900 3096 ut
1938 3047 2045 3109 ejus
2084 3046 2419 3096 eccentricitas

157 3126 409 3170 menstrua,
440 3119 502 3167 ab
541 3118 635 3167 hoc
674 3117 1043 3166 illuminationis
1083 3119 1263 3167 circulo
1303 3123 1366 3168 sit
1405 3121 1513 3183 OA,
1568 3122 1790 3186 aequalis
1831 3122 1926 3185 ipsi
1965 3121 2063 3169 BZ.
2140 3119 2253 3168 Hoc
2292 3118 2419 3168 alte-

162 3204 266 3239 rum
305 3190 502 3240 schema
539 3193 691 3240 servit
728 3207 759 3240 a
795 3190 878 3238 fol.
922 3192 1022 3239 793
1064 3205 1218 3253 usque
1258 3194 1306 3240 in
1347 3195 1466 3243 810.

305 3263 474 3314 Tertia
509 3265 864 3326 inaequalitate,
906 3265 1112 3311 variatio
1152 3263 1307 3323 dicta,
1347 3269 1539 3317 tertiam
1580 3267 1784 3330 figuram
1824 3257 2026 3329 requirit
2065 3266 2316 3326 servitque
2356 3263 2418 3311 ab

163 3337 261 3385 811
306 3338 354 3384 in
392 3337 476 3386 fol.
506 3338 626 3399 817,
667 3340 715 3385 in
756 3337 933 3400 quibus
973 3336 1102 3384 soliis
1140 3337 1266 3386 inest
1290 3338 1456 3403 aliqua
1481 3342 1754 3391 obscuritas
1795 3355 1855 3390 ex
1896 3353 1970 3399 ee,
2010 3338 2143 3401 quod
2169 3336 2419 3401 peculiare

161 3409 356 3458 schema
406 3425 503 3459 non
558 3416 641 3460 est
682 3411 864 3459 sactum
917 3409 1144 3471 quodque
1197 3425 1315 3461 usus
1365 3428 1471 3462 sum
1511 3406 1560 3461 in
1601 3416 1804 3477 antiquo
1843 3413 2092 3477 schemate
2130 3416 2314 3475 puncto
2356 3410 2416 3458 C:

163 3484 328 3544 itaque
364 3483 516 3533 lector
554 3486 710 3547 possit
749 3485 1040 3542 existimare,
1079 3483 1127 3530 id
1166 3491 1395 3546 punctum
1423 3490 1494 3537 sic
1521 3503 1628 3538 esse
1659 3486 1965 3547 sumendum,
2006 3487 2132 3534 sicut
2169 3483 2220 3532 id
2259 3499 2288 3532 a
2325 3497 2419 3545 po-

160 3554 334 3605 sitione
372 3558 522 3606 centri
560 3558 811 3606 eccentrici
851 3564 1239 3619 repraesentatur
1275 3574 1361 3622 per
1388 3561 1471 3610 Ac
1498 3561 1965 3624 perpendicularem.
2032 3558 2142 3607 Hoc
2182 3571 2297 3605 vero
2324 3555 2418 3603 sal-

164 3641 271 3675 sum
297 3637 438 3678 esset.
503 3630 678 3693 Itaque
705 3637 899 3679 maneat
925 3629 1064 3678 HAL
1103 3635 1156 3677 ut
1193 3633 1324 3693 prius
1363 3634 1408 3680 in
1449 3633 1666 3684 secundo
1694 3638 1798 3693 (Fig.
1835 3640 1875 3687 5)
1901 3631 2162 3691 schemate,
2205 3635 2253 3678 et
2290 3629 2420 3677 linea

163 3712 313 3763 prope
351 3704 452 3751 veri
490 3702 586 3752 loci
625 3703 794 3752 Lunae
824 3702 911 3751 AL
950 3707 1082 3751 secet
1121 3703 1363 3754 circellum
1405 3708 1778 3757 eccentricitatis
1813 3703 1998 3768 (posset
2036 3718 2143 3753 esse
2184 3703 2418 3765 quiscun-

167 3785 263 3833 que
297 3772 441 3839 alius)
475 3776 535 3835 in,
565 3776 637 3837 R,
688 3776 1023 3838 ducanturque
1062 3790 1121 3824 ex
1159 3777 1203 3825 R
1239 3779 1332 3841 ipsi
1369 3779 1465 3828 HA
1504 3778 1744 3844 parallela
1781 3777 1880 3827 ΒΧ
1921 3785 1970 3827 et
2003 3773 2418 3841 perpendicularis

170 3843 269 3906 Rx,
323 3860 448 3908 quae
484 3847 578 3899 hac
614 3851 722 3898 vice
761 3849 903 3898 cadet
941 3849 1065 3899 infra
1103 3848 1166 3911 C,
1215 3857 1447 3916 punctum
1484 3852 1684 3904 secundi
1722 3851 2003 3901 schematis.
2079 3849 2132 3899 Si
2172 3848 2318 3913 igitur
2357 3859 2416 3896 ex
