2554 4140
185 109 293 157 504
1008 98 1246 155 Epitomes
1273 98 1592 144 Astronomiae
1632 136 1634 139 .

327 249 380 291 In
420 247 649 291 schemate
674 244 748 288 *sit
776 243 878 287 IBL
919 241 1253 287 semidiameter
1293 242 1476 299 Lunae,
1513 231 1638 294 ABD
1680 244 1751 289 vel
1781 243 1907 293 ARD
1952 244 2284 290 semidiameter
2321 244 2441 290 Solis

184 319 357 371 (parum
389 311 506 355 enim
538 307 784 364 differunt),
817 307 902 350 erit
931 307 1066 363 BLR,
1097 306 1144 350 id
1176 311 1246 351 est
1277 306 1395 351 BLO
1429 307 1760 353 semidiameter
1789 309 1975 353 umbrae
2005 310 2179 355 Lunae.

327 386 379 434 Si
417 399 514 434 non
550 389 715 447 potest
752 383 856 431 fieri
891 383 1173 442 subtractio,
1214 388 1328 430 tunc
1367 382 1539 430 umbra
1575 380 1746 433 Lunae
1784 383 1931 446 plena
1967 387 2105 436 nulla
2143 392 2230 435 est.

330 463 535 521 Quanta
585 463 654 504 est
699 455 1065 504 semidiameter
1112 455 1426 518 penumbrae
1462 454 1675 519 Lunae,
1725 458 1870 516 cujus
1919 473 2008 507 cor
2056 462 2121 507 sit
2156 460 2357 520 umbra,
2397 467 2443 508 et

184 532 431 595 quomodo
470 528 767 578 invenitur?
821 528 875 577 Si
925 528 1190 590 conjeceris
1244 529 1294 574 in
1331 542 1478 575 unam
1517 542 1754 578 summam
1802 531 2189 581 semidiametros
2227 521 2365 581 Solis=
2395 540 2444 581 et

183 606 352 653 Lunae
379 607 686 667 apparentes
739 606 787 648 et
834 601 1143 663 parallaxeos
1189 599 1318 648 Solis
1374 599 1628 648 dimidium
1678 602 1890 662 circiter,
1940 606 2247 654 acervabitur
2292 607 2442 654 semi-

186 678 416 726 diameter
467 675 763 738 penumbrae
797 673 995 738 Lunae,
1051 688 1082 721 a
1121 679 1285 721 centro
1322 673 1511 722 scilicet
1548 674 1749 722 umbrae
1797 673 2070 738 plenariae,
2125 680 2168 726 si
2217 692 2314 741 qua
2354 684 2441 738 est,

184 765 338 813 usque
378 749 441 799 ad
479 748 831 797 extremitatem
869 746 1185 809 penumbrae.
2207 759 2212 775 ν

329 832 392 877 Ut
429 830 469 876 si
498 829 620 873 ABD
653 829 712 873 sit
743 829 813 873 15‘
843 830 901 873 0¹¹
933 834 978 873 et
1007 828 1106 872 IBL
1142 828 1212 873 16¹
1241 828 1326 874 20¹¹
1368 833 1413 872 et
1443 828 1690 885 parallaxis
1723 827 1842 873 Solis
1873 829 1997 874 BDE
2033 832 2072 877 1¹
2101 834 2190 888 0¹⁴,
2213 833 2444 878 dimidium

184 902 226 944 O‘
258 898 355 950 30“,
388 895 473 940 erit
492 895 607 939 BLP
639 893 967 939 semidiameter
997 893 1182 938 umbrae
1199 897 1245 936 et
1259 893 1536 949 penumbrae
1551 893 1817 950 junctarum
1847 896 1919 940 31¹
1949 897 2050 954 50‘5.
2108 898 2443 944 Demonstratio

183 962 320 1020 hujus
352 964 399 1006 ει
428 959 766 1005 adhaerentium
799 964 869 1003 est
897 959 943 1003 in
974 958 1237 1016 Hipparcho
1269 970 1382 1003 meo.
1446 961 1558 1016 (Vol.
1590 957 1667 1005 111.
1698 974 1740 1014 p.
1772 961 1887 1016 525.)

189 1088 196 1102 ⁸
332 1037 591 1099 Quomodo
629 1042 747 1084 sunt
797 1036 1109 1099 intelliyendi
1159 1038 1216 1083 in
1252 1035 1347 1083 hac
1382 1038 1607 1098 yenerali
1661 1036 2059 1086 consideratione
2095 1038 2323 1099 ecliptica
2358 1053 2447 1087 seu

192 1111 404 1160 Telluris
429 1111 694 1172 eclipsatae
729 1112 936 1157 termini
960 1109 1043 1157 hi.-
1081 1115 1246 1157 motus
1273 1108 1526 1168 horarius,
1566 1116 1612 1157 et
1648 1109 2036 1171 latitudinarius
2074 1111 2266 1158 arcus?
2320 1110 2444 1159 Sunt

186 1183 492 1246 intelligendi
532 1181 591 1230 de
627 1183 770 1231 rectis
810 1183 859 1228 in
900 1181 1033 1231 disco
1061 1181 1255 1231 Terrae.
1313 1182 1401 1230 Est
1440 1184 1569 1232 enim
1606 1181 1700 1231 hac
1741 1183 1845 1231 vice
1873 1181 2098 1244 ecliptica
2136 1181 2256 1230 nihil
2295 1182 2443 1243 aliud,

188 1272 334 1320 quam
374 1257 525 1304 sectio
565 1254 700 1318 plani
739 1254 993 1318 eclipticae
1033 1269 1142 1303 cum
1172 1253 1320 1317 plano
1362 1254 1480 1303 disci
1520 1250 1726 1321 Terrae,
1774 1269 1860 1318 per
1899 1254 2005 1316 ejus
2045 1259 2261 1304 centrum
2298 1256 2441 1304 facta.

187 1331 274 1378 Est
312 1330 532 1377 horarius
570 1327 664 1376 hac
699 1329 810 1377 vice
852 1334 986 1377 recta
1022 1329 1070 1376 in
1107 1326 1256 1391 plano
1297 1326 1417 1375 disci
1454 1326 1656 1388 Terrae,
1711 1329 1995 1377 continuato
2033 1329 2076 1375 si
2116 1342 2238 1391 opus
2278 1335 2376 1388 est,
2416 1343 2447 1376 a

188 1407 350 1451 centro
391 1402 591 1449 umbrae
630 1399 711 1449 vel
746 1402 1044 1463 penumbrae
1082 1399 1253 1449 Lunae
1291 1406 1425 1449 motu
1466 1395 1746 1463 designata,
1797 1400 1860 1448 ad
1898 1399 2172 1464 eclipticam
2211 1399 2331 1450 disci
2368 1403 2447 1448 in-

114 1539 117 1542 ⁴
188 1475 367 1523 clinata
413 1473 592 1536 angulo
646 1475 887 1523 constanti
929 1470 985 1521 5⁰
1041 1474 1136 1522 18⁴.
1213 1472 1439 1536 Denique
1488 1488 1628 1522 arcus
1673 1473 2036 1522 latitudinarius
2089 1479 2164 1522 est
2210 1481 2342 1522 recta
2387 1489 2448 1523 ex

190 1555 351 1596 centro
401 1547 602 1595 umbrae
641 1546 720 1595 vel
758 1547 1055 1609 penumbrae
1100 1545 1560 1610 perpendiculariter
1597 1548 1691 1610 ipsi
1740 1547 1852 1595 viae
1906 1549 2055 1596 centri
2103 1552 2266 1596 erecta
2301 1548 2449 1610 inque

189 1620 461 1684 eclipticam
501 1618 623 1668 disci
662 1621 963 1695 continuata.

840 1733 923 1776 mg·
949 1732 1004 1768 95.
1776 1700 1829 1746 In
1859 1701 2093 1747 schemate
2122 1700 2303 1759 eclipsis
2334 1703 2450 1750 Solis

1660 1766 1766 1810 anni
1797 1765 1924 1811 1621.
1955 1767 1996 1812 A
2027 1772 2098 1813 est
2142 1764 2467 1823 centrum,di-‘

1661 1832 1734 1879 sci'
1747 1831 1916 1876 Terrae
1935 1832 2078 1890 HQK,
2112 1833 2362 1891 eclipticam
2382 1848 2450 1880 re·

1659 1901 1926 1955 praesentat
1944 1897 2087 1954 FAG,
2110 1898 2190 1943 ΒΕ
2211 1899 2328 1944 viam
2348 1913 2450 1946 cen-

1658 1962 1716 2007 tri
1737 1960 1923 2006 umbrae
1948 1961 2019 2006 vel
2048 1965 2338 2020 penumbrae,
2369 1966 2449 2012 BL

1658 2027 1730 2072 vel
1777 2026 1879 2080 ΕΡ,
1924 2025 2033 2083 “ΑΟ,
2093 2041 2246 2074 arcum
2296 2029 2448 2075 latitu-

1659 2092 1906 2146 dinarium,
1945 2091 2026 2136 AT
2062 2092 2344 2140 latitudinem
2382 2095 2446 2152 ip-

1660 2171 1758 2202 sam
1800 2158 1961 2203 Lunae
2004 2158 2096 2214 (vel
2135 2161 2210 2205 hic
2246 2159 2446 2219 umbrae)

1660 2225 1708 2269 in
1736 2225 1837 2281 ipsa
1868 2237 1974 2270 vera
2006 2226 2185 2283 copula,

1784 2301 2042 2363 Quomodo
2067 2303 2329 2364 quantitas
2351 2301 2448 2350 ha-

1659 2389 1779 2422 rum
1833 2380 2091 2423 rectarum
2145 2376 2411 2422 invenitur
2425 2373 2453 2422 Ρ

1663 2445 1861 2507 Quanta
1886 2446 2138 2509 quaelibet
2163 2460 2327 2495 earum
2357 2461 2448 2509 ap-

1662 2525 1800 2582 paret
1823 2519 1874 2568 in
1895 2521 2004 2583 ipsa
2030 2519 2239 2583 sphaera
2263 2518 2446 2580 Lunae,

1663 2595 1883 2655 inspecta
1908 2607 1968 2642 ex
1992 2592 2156 2652 Terra,
2189 2597 2326 2640 tanta
2351 2593 2449 2641 sere

196 2890 456 2951 unicuique
495 2892 653 2951 portio
692 2889 768 2936 sui
807 2886 959 2949 ipsius
998 2891 1150 2947 tanta,
1191 2892 1375 2949 quanta
1413 2886 1572 2950 portio
1613 2885 1918 2950 parallaxeos
1948 2884 2118 2933 Lunae
2157 2900 2187 2932 a
2224 2883 2338 2933 Sole
2375 2889 2448 2933 est

196 2963 303 3024 ipsa
340 2960 603 3024 parallaxis
644 2961 787 3010 Solis.

344 3034 556 3096 Quando
593 3035 817 3082 censetur
853 3047 951 3080 esse
987 3035 1221 3081 maxima
1256 3031 1469 3081 Telluris
1506 3030 1827 3080 obscuratio?
1863 3029 2016 3088 Tunc,
2057 3042 2166 3077 cum
2193 3044 2251 3078 ex
2279 3033 2442 3078 centro

201 3105 318 3153 disci
357 3107 533 3155 Terrae
574 3105 717 3154 ducta
754 3105 1168 3168 perpendicularis
1207 3107 1257 3152 in
1294 3106 1425 3153 viam
1466 3104 1665 3152 umbrae
1705 3102 1959 3151 incidit'in
1986 3102 2200 3151 centrum
2239 3116 2448 3164 penum·
2538 3124 2546 3154 ,ι

198 3179 314 3226 brae
370 3178 449 3226 vel
505 3179 730 3239 umbrae,
790 3178 919 3241 quod
975 3178 1030 3227 fit
1084 3179 1301 3241 proxime
1352 3175 1611 3226 articulum
1665 3175 2020 3238 conjunctionis
2077 3189 2223 3223 verae
2277 3175 2445 3224 Lunae
2503 3190 2524 3243 ᾗ

204 3244 251 3299 ει
291 3249 435 3299 Solis.

343 3319 397 3363 In
433 3319 681 3375 schemate,
722 3324 873 3365 centro
910 3320 1096 3365 umbrae
1132 3320 1179 3364 in
1210 3321 1247 3365 T
1277 3325 1510 3373 versante,
1556 3319 1682 3376 quod
1711 3321 1780 3363 est
1818 3320 2034 3373 punctum
2072 3316 2216 3372 ipsius
2246 3317 2348 3374 AT,
2386 3315 2446 3361 ad
2534 3351 2540 3376 ἑ

2531 3389 2540 3427 l

2517 3454 2540 3574 ’ἕ

303 3607 305 3610 ’
349 3590 405 3639 Si
438 3591 592 3658 facies
637 3591 844 3640 Telluris
881 3594 1172 3643 illuminata
1209 3610 1242 3643 a
1283 3594 1397 3644 Sole
1431 3595 1702 3657 projicitur
1737 3593 1794 3639 in
1827 3590 2043 3653 planum
2083 3589 2230 3651 disci,
2283 3606 2444 3653 quae-
2471 3636 2475 3640 ,
2527 3596 2535 3640 ι’

202 3680 327 3713 nam
364 3665 522 3726 iqitur
558 3664 666 3711 loca
701 3663 883 3711 Terrae
917 3673 1362 3726 repraesentantur
1398 3683 1433 3716 a
1470 3673 1638 3715 centro
1674 3663 1830 3712 disci?
1864 3662 1974 3710 Non
2017 3677 2139 3710 unus
2178 3677 2368 3726 semper
2393 3669 2440 3713 et
2526 3665 2534 3701 ἓ

202 3737 330 3786 idem
375 3737 513 3784 locus
558 3750 644 3798 per
689 3741 842 3783 totam
890 3735 1212 3800 durationem,
1263 3739 1351 3788 sed
1399 3740 1618 3802 quolibet
1666 3736 1933 3784 durationis
1980 3742 2223 3784 momento
2261 3736 2440 3786 Terrae
2524 3733 2533 3796 ξ’

203 3810 339 3863 locus
378 3807 460 3859 ille
497 3812 885 3876 repraesentatur
922 3822 952 3857 a
991 3817 1150 3861 centro
1189 3811 1309 3860 disci
1346 3810 1406 3874 A,
1447 3813 1531 3876 qui
1569 3815 1685 3870 tunc
1721 3807 1886 3859 Solem
1923 3807 2072 3858 habet
2111 3810 2159 3856 in
2198 3808 2410 3858 vertice.'

200 3383 452 3440 eclipticam
481 3385 593 3429 recti
624 3399 775 3443 arcus,
817 3387 1073 3442 conjunctio
1106 3392 1317 3431 censetur
1347 3393 1520 3432 exacta.
1580 3386 1641 3431 At
1673 3390 1827 3430 centro
1868 3383 2052 3426 umbrae
2083 3388 2366 3439 transgresso
2395 3383 2443 3428 in

200 3451 364 3494 lineam
393 3449 484 3502 AC,
513 3451 928 3506 perpendicularem
958 3453 1056 3498 viae
1076 3453 1250 3508 Lunae,
1281 3453 1334 3498 fit
1364 3452 1622 3502 obscuratio
1640 3450 1854 3507 maxima3
1886 3454 1997 3511 tunc
2027 3449 2144 3494 enim
2165 3454 2272 3494 sunt
2289 3454 2444 3496 centra

202 3514 314 3559 disci
345 3518 390 3557 et
420 3513 604 3558 umbrae
635 3515 1022 3570 propinquissima.
1062 3554 1069 3560 .
1720 3522 1729 3525 ”

1665 2671 1887 2714 censetur
1918 2665 2029 2728 jam.
2061 2667 2111 2712 in
2151 2665 2284 2714 disco
2323 2664 2448 2714 Ter·
2523 2693 2533 2701 -

1664 2751 1774 2799 rae,
1812 2739 1908 2786 nisi
1933 2737 2082 2804 quod,
2111 2740 2153 2786 si
2180 2739 2449 2787 accuratis·-
2523 2779 2536 2789 .

1665 2813 1785 2860 sime
1823 2812 2028 2874 agimus,
2069 2809 2345 2874 adjicienda
2375 2815 2478 2860 est-
