2554 4140
848 125 988 173 Liber
1016 125 1206 174 Primus.
1249 125 1361 173 Pars
1392 123 1572 183 Quinta.
2237 132 2335 179 1⁷⁷

84 276 349 328 secundum
384 274 578 324 illarum
615 279 822 326 tractum
858 274 1039 326 babere
1075 276 1312 330 rationem
1351 274 1672 337 quiescentiS,
1730 270 1997 323 secundum
2035 272 2204 351 harum
2243 274 2338 322 cir-

85 349 393 400 cumductum
429 350 668 398 rationem
704 348 915 398 mobilis.

227 420 514 485 Exemplum
550 421 700 484 hujus
738 421 969 471 fibrarum
1005 421 1316 484 implexionis
1353 432 1462 467 non-
1489 419 1713 482 geminae
1751 424 1959 485 tantum,
1998 425 2053 468 ut
2089 418 2196 477 hic,
2253 417 2339 468 sed

82 495 229 560 plane
266 494 496 558 triplicis,
549 493 735 545 habent
771 494 950 544 medici
996 495 1046 541 in
1083 494 1360 543 substantia
1395 492 1677 553 ventriculi,
1737 493 1821 555 qui
1870 490 2183 542 consimiliter
2218 491 2343 541 inter

80 573 177 617 tres
212 566 326 617 illos
363 566 592 616 fibrarum
632 566 850 629 ordines,
900 567 1142 630 implexos
1179 572 1374 628 mutuo,
1427 571 1524 614 tres
1564 563 1824 614 ventriculi
1863 565 2120 615 facultates
2171 563 2336 614 distri-

84 638 264 699 buunt,
304 641 645 702 attractricem‚
685 641 1019 701 retentricem,
1059 639 1392 703 expultricem.

226 710 279 778 4)
315 712 560 776 Imprimis
599 719 712 777 apte
749 715 929 777 poterit
963 712 1079 762 huic
1115 714 1299 762 formae
1326 725 1587 775 corporeae
1625 711 1772 759 tribui
1812 716 1860 759 et
1884 710 2139 774 plagarum
2176 715 2339 760 motus

84 785 347 847 distinctio,
387 799 498 835 cum
535 793 801 851 suppetant
837 787 978 835 nobis
1017 785 1257 849 exempla,
1297 785 1381 834 ubi
1406 785 1561 834 forma
1585 786 1800 846 corporis
1839 783 1893 831 fit
1930 797 2080 832 causa
2111 786 2340 832 motionis

81 860 130 906 in
171 865 352 908 certam
387 858 602 923 plagam.
678 859 804 909 Nam
841 861 968 908 sicut
1020 873 1224 922 magnes
1261 873 1359 908 una
1392 865 1530 923 parte
1567 858 1745 905 ferrum
1793 855 1857 905 ad
1894 870 1946 906 se
1990 856 2164 917 trahit,
2220 870 2340 905 con-

81 933 231 980 traria
265 937 404 995 parte
442 947 473 982 a
510 947 564 982 se
600 932 807 996 repellit,
847 933 917 981 sic
955 932 1103 981 etiam
1139 937 1356 996 propter
1372 930 1500 980 hanc
1538 930 1821 979 circularem
1859 929 1995 992 globi
2033 930 2340 978 informatio-

90 1018 218 1066 nem,
255 1005 321 1054 ab
358 1006 596 1069 impresso
633 1007 858 1070 primitus
893 1010 1031 1053 motu
1067 1010 1250 1064 ortam,
1289 1004 1467 1067 globus
1499 1004 1603 1093 jam
1642 1005 1691 1051 in
1730 1002 1866 1052 illam
1902 1002 2101 1066 plagam
2138 1007 2342 1067 rotatur,

83 1078 135 1126 in
172 1091 319 1141 quam
355 1077 508 1128 fibrae
551 1078 809 1128 circulares
844 1082 1066 1141 promtae
1105 1084 1235 1126 sunt.

223 1152 384 1214 Atqui
421 1150 621 1200 videtur
654 1151 982 1214 impossibile,
1033 1156 1094 1199 ut
1125 1151 1458 1199 materiatum
1495 1148 1696 1211 aliquid
1728 1163 1800 1196 se
1814 1150 1984 1210 ipsum
2022 1151 2196 1210 primo
2236 1163 2339 1198 mo·

82 1230 207 1273 veat-
282 1224 488 1273 Etiamsi
533 1224 657 1274 haec
704 1225 860 1274 forma
897 1236 1131 1287 corporea
1167 1222 1396 1272 fibrarum
1433 1220 1656 1270 solitaria
1706 1227 1867 1270 motus
1906 1235 2060 1270 causa
2097 1229 2340 1272 statuere-

80 1303 173 1358 tur,
211 1310 309 1346 non
347 1304 478 1347 esset
512 1303 676 1347 tamen
715 1297 845 1346 idem
883 1303 932 1347 et
970 1295 1103 1360 quod
1140 1301 1364 1345 movetur
1402 1301 1450 1344 et
1488 1293 1620 1357 quod
1649 1300 1832 1344 movet.
1909 1292 1977 1343 Ut
2015 1297 2142 1344 enim
2179 1302 2254 1344 est
2290 1295 2338 1342 in

78 1369 270 1434 lapide,
321 1384 431 1419 cum
465 1370 692 1420 deorsum
731 1371 886 1432 cadit,
933 1371 1005 1419 sic
1058 1371 1204 1420 etiam
1256 1368 1423 1426 hicxin
1474 1366 1611 1431 globi
1659 1367 1792 1416 fibris
1832 1367 2149 1418 circularibus
2197 1369 2332 1418 aliud

82 1450 244 1493 essent
291 1442 387 1493 hae
424 1445 563 1508 ipsae
613 1443 764 1494 fibrae
819 1443 1101 1504 circulareS,
1152 1443 1342 1492 ratione
1388 1440 1724 1504 dispositionis
1778 1455 1945 1491 earum
1995 1443 2045 1489 in
2084 1441 2336 1502 circulum,

78 1515 215 1566 aliud
249 1516 407 1566 forma
442 1517 709 1567 secundum
745 1516 873 1567 hanc
910 1518 1125 1581 corporis
1163 1515 1538 1566 circularitatem
1576 1514 1780 1578 ejusque
1817 1514 2024 1565 facultas
2047 1515 2250 1577 motrix3
2290 1522 2339 1565 et

79 1595 135 1639 ut
173 1590 337 1639 omnia
373 1589 609 1641 hactenus
646 1590 878 1640 distincta
914 1589 1148 1639 fasciculo
1188 1589 1444 1652 colligam:
1492 1587 1672 1650 globus
1710 1587 1840 1638 idem
1877 1591 2066 1638 ratione
2105 1588 2334 1638 fibrarum

79 1670 320 1712 rectarum
357 1665 577 1727 quiescet
624 1669 673 1714 et
708 1665 864 1713 motui
902 1663 1173 1725 substabit,
1220 1663 1408 1712 ratione
1445 1660 1674 1711 fibrarum
1713 1661 2019 1712 circularium
2057 1662 2341 1711 movebitur

82 1751 345 1800 earumque
398 1736 638 1788 materiali
692 1736 756 1787 ad
807 1742 993 1786 motum
1046 1737 1223 1786 inertia
1256 1737 1518 1798 'concipiet
1571 1736 1835 1799 impetum3
1895 1735 2107 1800 denique
2152 1737 2370 1787 ratione.

80 1809 278 1871 formae,
317 1822 404 1873 per
441 1811 530 1860 has
567 1809 826 1860 circulares
862 1809 1012 1859 fibras
1048 1814 1316 1873 porrectae,
1353 1807 1589 1859 movebit.

231 1883 428 1948 Quibus
463 1885 777 1946 aryumemis
814 1885 1026 1946 insuper
1062 1885 1215 1932 etiam
1252 1885 1487 1932 animam
1524 1882 1642 1931 huic
1678 1884 1844 1931 motui
1865 1884 2035 1946 primo
2070 1882 2339 1946 praeficies,

10 1963 11 1967 ’
81 1955 325 2006 sedentem
362 1958 420 2005 in
464 1956 678 2006 Telluris
713 1955 958 2019 corpore?
1030 1956 1229 2018 Multis,
1268 1958 1445 2020 partim
1484 1955 1548 2005 ab
1587 1957 1694 2020 ipso
1732 1962 1895 2018 motu,
1946 1957 2122 2020 partim
2161 1956 2223 2005 ab
2262 1957 2342 2004 in-

84 2028 223 2079 diciis
260 2031 455 2079 animae
491 2029 618 2092 aliia,
657 2032 835 2095 partim
872 2030 936 2080 ab
976 2029 1212 2094 exemplis
1251 2044 1506 2093 corporum
1543 2027 1899 2078 mundanorum
1945 2029 2195 2080 desumtiS.

235 2103 379 2167 Quae
417 2103 565 2152 habes
601 2119 636 2152 a
661 2111 803 2154 motu
840 2103 990 2166 ipso?
1061 2103 1255 2163 Primo,
1305 2105 1349 2153 si
1393 2104 1604 2152 maxime
1641 2102 1809 2152 Tellus
1861 2105 1932 2153 sic
1970 2104 2229 2152 informata
2278 2104 2341 2151 sit

34 2195 37 2200 ’
83 2188 169 2240 per
202 2180 387 2226 tractus
426 2175 708 2239 circulares,
760 2183 816 2226 ut
852 2191 939 2240 per
977 2191 1062 2227 eos
1108 2182 1226 2241 apta
1264 2175 1489 2227 videatur
1539 2175 1602 2226 ad
1641 2182 1828 2225 motum
1876 2177 1972 2226 sibi
2019 2175 2339 2239 inserendum,

86 2246 313 2299 videntur
347 2255 511 2300 tamen
548 2249 672 2300 haec
709 2265 815 2301 esse
853 2252 1019 2314 potius
1055 2252 1378 2300 instrumenta
1410 2264 1588 2300 causae
1613 2251 1842 2312 motricis‚
1884 2265 2032 2314 quam
2055 2252 2164 2314 ipsa
2190 2265 2342 2301 causa

84 2325 276 2373 motrix.
349 2322 434 2373 Sic
469 2325 519 2371 in
555 2322 771 2373 humano
810 2337 1011 2387 corpore
1034 2326 1186 2388 nervi,
1226 2323 1451 2390 musculi,
1487 2323 1768 2388 ligamenta,
1808 2324 2018 2384 articuli,
2059 2339 2187 2386 ossa,
2226 2324 2343 2374 licet

85 2396 182 2444 sint
232 2395 296 2446 ad
332 2403 519 2446 motum
568 2403 740 2461 aptata
787 2398 1164 2461 perfectissime,
1217 2412 1317 2448 non
1366 2404 1528 2447 tamen
1577 2403 1691 2447 sunt
1728 2412 1878 2448 causa
1927 2412 2132 2448 movens
2168 2399 2348 2462 prima,

86 2468 175 2520 sed
211 2470 405 2521 animae
441 2469 615 2520 saltem
652 2472 972 2520 instrumenta
1008 2470 1073 2520 ad
1110 2485 1286 2535 corpus
1320 2470 1632 2521 movendum.

229 2542 471 2604 Secundo,
513 2549 742 2594 constans
777 2544 927 2608 huJus
963 2545 1220 2594 rotationis
1257 2546 1397 2609 vigor
1445 2559 1534 2595 seu
1573 2544 1794 2595 celeritas
1832 2545 2108 2608 aequabilis
2158 2545 2347 2592 tutiora?

84 2615 271 2666 invenit
307 2618 358 2664 in
395 2618 560 2666 anima
596 2617 863 2681 praesidia,
917 2632 1063 2680 quam
1101 2619 1152 2667 in
1187 2618 1422 2668 facultate
1461 2632 1710 2682 corporea.
1789 2616 1955 2668 Oritur
1993 2619 2122 2668 enim
2161 2615 2334 2666 celeri-

85 2690 200 2738 tatis
244 2689 394 2753 hujus
442 2689 669 2740 modulus
715 2705 775 2740 ex
810 2693 1148 2755 proportione,
1205 2706 1331 2755 quae
1379 2697 1453 2742 est
1508 2692 1634 2741 inter
1680 2693 1811 2741 vires
1857 2693 2060 2742 motoris
2111 2696 2160 2739 et
2214 2690 2338 2740 inter

85 2761 307 2812 inertiam
343 2777 432 2812 seu
468 2765 793 2814 resistentiam
829 2766 1088 2823 materiae,
1138 2766 1365 2814 nimirum
1416 2779 1476 2814 ex
1513 2765 1707 2814 illarum
1753 2779 1957 2815 excessu
2008 2778 2156 2828 super
2191 2761 2333 2826 hanc,

85 2847 171 2884 neu
218 2836 437 2886 victoria.
515 2835 936 2899 Quemadmodum
982 2839 1129 2902 igitur
1174 2844 1321 2888 antea
1367 2837 1600 2899 diximus,
1664 2839 1826 2887 minus
1882 2838 2076 2901 fatigari
2130 2837 2333 2886 formam

86 2907 323 2958 internam
362 2912 604 2974 corporis,
656 2924 804 2973 quam
841 2913 1053 2974 speciem
1100 2917 1262 2961 motus
1301 2911 1363 2962 ab
1403 2916 1539 2961 extra
1576 2910 1727 2973 illati,
1775 2918 2034 2976 propterea
2082 2909 2214 2974 quod
2251 2910 2351 2961 illa'

89 2981 310 3045 subjecto
346 2985 543 3047 proprio
581 2983 782 3032 suffulta
818 2984 1037 3034 inhaeret
1075 2987 1344 3035 comminus
1382 2990 1432 3034 et
1468 2986 1710 3046 continue,
1751 2986 1860 3047 ista,
1905 2985 1955 3032 in
1994 2983 2156 3035 alieno
2194 2998 2335 3049 pere-

21 3066 25 3120 ζ
88 3056 277 3118 grinata
312 3055 564 3119 subjecto,
616 3062 753 3105 tanto
806 3056 862 3106 fit
897 3072 950 3108 se
988 3059 1097 3122 ipsa
1146 3058 1376 3119 debilior,
1430 3063 1614 3121 quanto
1653 3057 1764 3121 plus
1802 3059 2033 3122 temporis
2081 3059 2335 3120 acquirens

23 3161 25 3173 ,
87 3125 238 3178 veluti
274 3127 469 3193 longius
515 3145 547 3179 a
583 3144 674 3179 suo
719 3129 853 3178 fonte
899 3130 1131 3180 discedit:
1183 3132 1254 3181 sic
1299 3144 1429 3180 nunc
1476 3132 1622 3180 etiam
1661 3131 1818 3193 magis
1855 3131 1955 3181 fida
2006 3136 2054 3181 et
2107 3137 2335 3180 constans

24 3224 28 3242 ι
88 3204 163 3249 est
198 3202 273 3250 vis
307 3203 515 3264 animae,
556 3217 701 3266 quam
740 3202 896 3252 forma
933 3217 1191 3268 corporea,
1247 3205 1365 3267 quia
1402 3205 1565 3253 anima
1603 3202 1822 3267 quidem*
1851 3204 1911 3255 de
1949 3218 2056 3254 sese
2094 3204 2335 3254 secundos

26 3291 29 3333 χ
91 3274 263 3324 emittit
301 3283 441 3325 actus
477 3278 583 3326 sine
622 3275 799 3325 damno
838 3276 1009 3337 fontis,
1052 3291 1162 3326 cum
1200 3278 1264 3326 sit
1301 3276 1587 3338 entelechia,
1627 3291 1682 3327 se
1721 3278 1876 3342 ipsam
1917 3280 2220 3327 continenter
2256 3293 2337 3327 re·-

87 3342 282 3410 ssciens3
318 3348 474 3398 forma
509 3363 627 3400 vero
654 3363 886 3413 corporea
922 3351 1128 3413 tempori
1152 3349 1376 3412 subjecta
1403 3355 1492 3410 est,
1531 3363 1622 3399 nec
1658 3351 1762 3400 sine
1790 3350 2076 3401 detrimento
2102 3354 2353 3415 perennat

29 3424 31 3434 ¹
87 3430 148 3468 ne
184 3420 292 3484 ipsa
328 3421 548 3485 quidem,
598 3421 712 3472 licet
759 3422 1103 3472 insensibiliter
1150 3427 1419 3472 marcescat
1457 3423 1520 3472 ob
1558 3425 1790 3488 temporis
1829 3424 2211 3487 diuturnitatem,
2256 3439 2336 3475 se-

31 3503 34 3570 2
89 3491 294 3542 eundum
331 3493 475 3545 illud:
514 3510 650 3545 mors
686 3498 839 3545 etiam
876 3498 1013 3546 saxis
1048 3496 1491 3560 mar-moribusque
1526 3499 1677 3546 venit.
2347 3508 2350 3514 '

33 3606 36 3620 ἵ
229 3565 419 3631 Tertio,
471 3569 579 3632 ipsa
615 3571 817 3619 motoris
855 3569 1001 3632 hujus
1049 3570 1184 3631 origo
1222 3570 1356 3632 prius
1393 3569 1572 3620 tradita
1608 3570 1823 3620 nobilius
1862 3577 1911 3621 et
1949 3573 2206 3635 augustius
2243 3571 2337 3620 ali-

34 3636 37 3714 ¹,
90 3636 207 3700 quid
240 3653 358 3703 prae
394 3655 447 3692 se
483 3643 575 3692 fert
610 3642 766 3692 forma
804 3656 1051 3705 corporea.
1126 3642 1251 3690 Nam
1303 3642 1343 3691 ei
1383 3648 1457 3692 est
1505 3645 1695 3708 species
1733 3645 1981 3694 abstracta
2017 3660 2106 3695 seu
2145 3644 2354 3693 defluxa*

35 3732 39 3755 1
90 3721 123 3758 a
155 3712 309 3774 prima
346 3728 495 3765 causa
532 3722 777 3776 movente,
818 3730 942 3779 quae
980 3720 1142 3764 motus
1180 3714 1326 3778 hujus
1363 3717 1553 3765 initium
1591 3717 1759 3767 fecerit
1795 3719 1858 3767 ab
1897 3725 2058 3779 extra,
2112 3718 2338 3766 nimirum

19 3793 42 3849 ἦ
90 3780 153 3832 ab
187 3785 296 3847 ipso
332 3786 456 3850 Deo,
496 3788 615 3852 quid
652 3786 786 3838 aliud
825 3790 914 3839 erit
938 3803 1085 3851 quam
1122 3789 1329 3851 primum
1352 3789 1569 3851 movens,
1610 3792 1771 3854 ipsum
1808 3804 1904 3840 non
1945 3791 2137 3853 mobile,
2178 3789 2227 3838 id
2266 3796 2338 3839 est

38 3869 41 3882 ·
89 3856 286 3906 anima?
334 3858 415 3909 Sic
452 3863 581 3911 enim
619 3867 668 3913 et
702 3862 838 3912 Deus
878 3860 1352 3925 superessentialiter
1389 3868 1465 3913 est
1500 3866 1657 3927 prima
1695 3878 1844 3914 causa
1869 3878 2073 3916 movens
2115 3869 2162 3911 et
2201 3877 2337 3911 crea-

174 3939 328 3982 Kopion-¹
351 3942 475 3986 Opera
495 3945 559 3979 vl.
1925 3954 1987 3999 12
