<?xml version="1.0" encoding="UTF-8"?>
<!DOCTYPE html PUBLIC "-//W3C//DTD XHTML 1.0 Transitional//EN"
    "http://www.w3.org/TR/xhtml1/DTD/xhtml1-transitional.dtd">
<html xmlns="http://www.w3.org/1999/xhtml" xml:lang="en" lang="en">
 <head>
  <title>
</title>
<meta http-equiv="Content-Type" content="text/html;charset=utf-8" />
  <meta name='ocr-system' content='tesseract 3.04.00' />
  <meta name='ocr-capabilities' content='ocr_page ocr_carea ocr_par ocr_line ocrx_word'/>
</head>
<body>
  <div class='ocr_page' id='page_1' title='image "./operaomniaedidit06kepluoft_0240.png"; bbox 0 0 2554 4140; ppageno 0'>
   <div class='ocr_carea' id='block_1_1' title="bbox 193 101 1597 177">
    <p class='ocr_par' dir='ltr' id='par_1_1' title="bbox 193 101 1597 177">
     <span class='ocr_line' id='line_1_1' title="bbox 193 101 1597 177; baseline -0.014 -9"><span class='ocrx_word' id='word_1_1' title='bbox 193 115 298 174; x_wconf 77' lang='lat'>226</span> <span class='ocrx_word' id='word_1_2' title='bbox 722 175 725 177; x_wconf 7' lang='lat' dir='ltr'>g</span> <span class='ocrx_word' id='word_1_3' title='bbox 1020 104 1254 167; x_wconf 77' lang='lat' dir='ltr'>Fpi&#39;tomes</span> <span class='ocrx_word' id='word_1_4' title='bbox 1283 101 1597 152; x_wconf 77' lang='lat' dir='ltr'>Astronorniae</span> 
     </span>
    </p>
   </div>
   <div class='ocr_carea' id='block_1_2' title="bbox 195 237 2523 327">
    <p class='ocr_par' dir='ltr' id='par_1_2' title="bbox 195 237 2523 327">
     <span class='ocr_line' id='line_1_2' title="bbox 195 237 2523 327; baseline -0.006 -15"><span class='ocrx_word' id='word_1_5' title='bbox 195 261 468 327; x_wconf 81' lang='lat' dir='ltr'>parallela·</span> <span class='ocrx_word' id='word_1_6' title='bbox 506 258 675 309; x_wconf 87' lang='lat' dir='ltr'>eodem</span> <span class='ocrx_word' id='word_1_7' title='bbox 714 258 899 306; x_wconf 88' lang='lat' dir='ltr'>scilicet</span> <span class='ocrx_word' id='word_1_8' title='bbox 935 257 1081 306; x_wconf 89' lang='lat' dir='ltr'>modo</span> <span class='ocrx_word' id='word_1_9' title='bbox 1120 258 1238 304; x_wconf 85' lang='lat' dir='ltr'>sit-as</span> <span class='ocrx_word' id='word_1_10' title='bbox 1276 253 1413 304; x_wconf 79' lang='lat' dir='ltr'>videt</span> <span class='ocrx_word' id='word_1_11' title='bbox 1449 258 1547 299; x_wconf 87' lang='lat' dir='ltr'>tam</span> <span class='ocrx_word' id='word_1_12' title='bbox 1584 251 1712 300; x_wconf 85' lang='lat' dir='ltr'>altas</span> <span class='ocrx_word' id='word_1_13' title='bbox 1751 253 1801 298; x_wconf 91' lang='lat' dir='ltr'>in</span> <span class='ocrx_word' id='word_1_14' title='bbox 1837 251 1984 316; x_wconf 83' lang='lat' dir='ltr'>plaga</span> <span class='ocrx_word' id='word_1_15' title='bbox 2020 249 2253 311; x_wconf 80' lang='lat' dir='ltr'>meridiei,</span> <span class='ocrx_word' id='word_1_16' title='bbox 2293 265 2436 313; x_wconf 87' lang='lat' dir='ltr'>quam</span> <span class='ocrx_word' id='word_1_17' title='bbox 2507 237 2523 250; x_wconf 60' lang='grc'><em>“</em></span> 
     </span>
    </p>
   </div>
   <div class='ocr_carea' id='block_1_3' title="bbox 194 324 2440 698">
    <p class='ocr_par' dir='ltr' id='par_1_3' title="bbox 194 324 2440 685">
     <span class='ocr_line' id='line_1_3' title="bbox 198 324 2439 394; baseline -0.006 -10"><span class='ocrx_word' id='word_1_18' title='bbox 198 335 407 387; x_wconf 82' lang='lat' dir='ltr'><strong>humiles</strong></span> <span class='ocrx_word' id='word_1_19' title='bbox 446 335 494 379; x_wconf 93' lang='lat' dir='ltr'>in</span> <span class='ocrx_word' id='word_1_20' title='bbox 533 332 682 394; x_wconf 81' lang='lat' dir='ltr'>plaga</span> <span class='ocrx_word' id='word_1_21' title='bbox 719 331 1076 394; x_wconf 71' lang='lat' dir='ltr'>septentrionis</span> <span class='ocrx_word' id='word_1_22' title='bbox 1150 327 1246 376; x_wconf 90' lang='lat' dir='ltr'>Hic</span> <span class='ocrx_word' id='word_1_23' title='bbox 1285 328 1432 388; x_wconf 90' lang='lat' dir='ltr'>igitur</span> <span class='ocrx_word' id='word_1_24' title='bbox 1471 326 1724 372; x_wconf 85' lang='lat' dir='ltr'>conversio</span> <span class='ocrx_word' id='word_1_25' title='bbox 1765 325 1927 373; x_wconf 78' lang='lat' dir='ltr'>vultus</span> <span class='ocrx_word' id='word_1_26' title='bbox 1965 325 2212 387; x_wconf 68' lang='lat' dir='ltr'>sequentis</span> <span class='ocrx_word' id='word_1_27' title='bbox 2251 324 2439 373; x_wconf 89' lang='lat' dir='ltr'>stellam</span> 
     </span>
     <span class='ocr_line' id='line_1_4' title="bbox 196 395 2436 467; baseline -0.006 -11"><span class='ocrx_word' id='word_1_28' title='bbox 196 413 350 467; x_wconf 88' lang='lat' dir='ltr'>cavet,</span> <span class='ocrx_word' id='word_1_29' title='bbox 391 421 452 455; x_wconf 92' lang='lat' dir='ltr'>ne</span> <span class='ocrx_word' id='word_1_30' title='bbox 491 406 613 453; x_wconf 90' lang='lat' dir='ltr'>situs</span> <span class='ocrx_word' id='word_1_31' title='bbox 653 410 913 453; x_wconf 83' lang='lat' dir='ltr'>evertatur</span> <span class='ocrx_word' id='word_1_32' title='bbox 990 401 1127 462; x_wconf 83' lang='lat' dir='ltr'>Quae</span> <span class='ocrx_word' id='word_1_33' title='bbox 1168 414 1283 448; x_wconf 89' lang='lat' dir='ltr'>vero</span> <span class='ocrx_word' id='word_1_34' title='bbox 1321 405 1434 446; x_wconf 86' lang='lat' dir='ltr'>sunt</span> <span class='ocrx_word' id='word_1_35' title='bbox 1470 399 1597 444; x_wconf 88' lang='lat' dir='ltr'>intra</span> <span class='ocrx_word' id='word_1_36' title='bbox 1633 396 1938 458; x_wconf 83' lang='lat' dir='ltr'>complexum</span> <span class='ocrx_word' id='word_1_37' title='bbox 1970 396 2059 458; x_wconf 84' lang='lat' dir='ltr'>VQ</span> <span class='ocrx_word' id='word_1_38' title='bbox 2094 395 2313 458; x_wconf 85' lang='lat' dir='ltr'>paralleli</span> <span class='ocrx_word' id='word_1_39' title='bbox 2350 411 2436 458; x_wconf 90' lang='lat' dir='ltr'>per</span> 
     </span>
     <span class='ocr_line' id='line_1_5' title="bbox 197 468 2440 538; baseline -0.005 -11"><span class='ocrx_word' id='word_1_40' title='bbox 197 481 456 538; x_wconf 89' lang='lat' dir='ltr'>verticem,</span> <span class='ocrx_word' id='word_1_41' title='bbox 509 478 579 525; x_wconf 90' lang='lat' dir='ltr'>sic</span> <span class='ocrx_word' id='word_1_42' title='bbox 625 483 679 525; x_wconf 85' lang='lat' dir='ltr'>ut</span> <span class='ocrx_word' id='word_1_43' title='bbox 728 476 803 525; x_wconf 87' lang='lat' dir='ltr'>bis</span> <span class='ocrx_word' id='word_1_44' title='bbox 854 476 903 521; x_wconf 91' lang='lat' dir='ltr'>in</span> <span class='ocrx_word' id='word_1_45' title='bbox 942 470 1311 536; x_wconf 81' lang='lat' dir='ltr'>septentrionali</span> <span class='ocrx_word' id='word_1_46' title='bbox 1349 469 1617 532; x_wconf 80' lang='lat' dir='ltr'>quadrante</span> <span class='ocrx_word' id='word_1_47' title='bbox 1653 469 1908 518; x_wconf 88' lang='lat' dir='ltr'>meridiani</span> <span class='ocrx_word' id='word_1_48' title='bbox 1947 471 2147 518; x_wconf 83' lang='lat' dir='ltr'>veniant</span> <span class='ocrx_word' id='word_1_49' title='bbox 2194 468 2256 517; x_wconf 89' lang='lat' dir='ltr'>ad</span> <span class='ocrx_word' id='word_1_50' title='bbox 2292 470 2440 518; x_wconf 88' lang='lat' dir='ltr'>meri-</span> 
     </span>
     <span class='ocr_line' id='line_1_6' title="bbox 194 540 2440 607; baseline -0.005 -8"><span class='ocrx_word' id='word_1_51' title='bbox 194 551 417 607; x_wconf 79' lang='lat' dir='ltr'>dianum‚</span> <span class='ocrx_word' id='word_1_52' title='bbox 472 549 620 598; x_wconf 90' lang='lat' dir='ltr'>semel</span> <span class='ocrx_word' id='word_1_53' title='bbox 671 561 780 597; x_wconf 92' lang='lat' dir='ltr'>cum</span> <span class='ocrx_word' id='word_1_54' title='bbox 818 552 929 596; x_wconf 87' lang='lat' dir='ltr'>sunt</span> <span class='ocrx_word' id='word_1_55' title='bbox 966 546 1233 595; x_wconf 85' lang='lat' dir='ltr'>altissimae</span> <span class='ocrx_word' id='word_1_56' title='bbox 1271 545 1320 591; x_wconf 90' lang='lat' dir='ltr'>in</span> <span class='ocrx_word' id='word_1_57' title='bbox 1358 543 1419 603; x_wconf 88' lang='lat' dir='ltr'>S,</span> <span class='ocrx_word' id='word_1_58' title='bbox 1459 540 1609 590; x_wconf 91' lang='lat' dir='ltr'>semel</span> <span class='ocrx_word' id='word_1_59' title='bbox 1647 555 1756 592; x_wconf 86' lang='lat' dir='ltr'>eum</span> <span class='ocrx_word' id='word_1_60' title='bbox 1793 541 2093 594; x_wconf 73' lang='lat' dir='ltr'>humillimae</span> <span class='ocrx_word' id='word_1_61' title='bbox 2133 543 2181 588; x_wconf 90' lang='lat' dir='ltr'>in</span> <span class='ocrx_word' id='word_1_62' title='bbox 2220 541 2272 601; x_wconf 91' lang='grc' dir='ltr'>Ι,</span> <span class='ocrx_word' id='word_1_63' title='bbox 2326 543 2440 602; x_wconf 91' lang='lat' dir='ltr'>quia</span> 
     </span>
     <span class='ocr_line' id='line_1_7' title="bbox 195 613 2440 698; baseline -0.005 -26"><span class='ocrx_word' id='word_1_64' title='bbox 195 631 308 673; x_wconf 85' lang='lat' dir='ltr'>tunc</span> <span class='ocrx_word' id='word_1_65' title='bbox 347 623 602 685; x_wconf 84' lang='lat' dir='ltr'>utrobique</span> <span class='ocrx_word' id='word_1_66' title='bbox 653 620 814 671; x_wconf 86' lang='lat' dir='ltr'>vultus</span> <span class='ocrx_word' id='word_1_67' title='bbox 865 619 1128 682; x_wconf 86' lang='lat' dir='ltr'>spectantis</span> <span class='ocrx_word' id='word_1_68' title='bbox 1178 618 1228 662; x_wconf 91' lang='lat' dir='ltr'>in</span> <span class='ocrx_word' id='word_1_69' title='bbox 1281 614 1485 668; x_wconf 88' lang='lat' dir='ltr'>eandem</span> <span class='ocrx_word' id='word_1_70' title='bbox 1521 613 1720 698; x_wconf 84' lang='lat' dir='ltr'>plagam</span> <span class='ocrx_word' id='word_1_71' title='bbox 1765 615 1866 678; x_wconf 80' lang='lat' dir='ltr'>poli</span> <span class='ocrx_word' id='word_1_72' title='bbox 1902 614 2220 674; x_wconf 84' lang='lat' dir='ltr'>convertitur,</span> <span class='ocrx_word' id='word_1_73' title='bbox 2277 627 2440 665; x_wconf 86' lang='lat' dir='ltr'>earum</span> 
     </span>
    </p>
   </div>
   <div class='ocr_carea' id='block_1_4' title="bbox 196 685 2479 780">
    <p class='ocr_par' dir='ltr' id='par_1_4' title="bbox 196 685 2479 780">
     <span class='ocr_line' id='line_1_8' title="bbox 196 685 2479 780; baseline -0.004 -38"><span class='ocrx_word' id='word_1_74' title='bbox 196 698 343 780; x_wconf 71' lang='lat' dir='ltr'>igitur</span> <span class='ocrx_word' id='word_1_75' title='bbox 380 697 524 748; x_wconf 85' lang='lat' dir='ltr'>situm</span> <span class='ocrx_word' id='word_1_76' title='bbox 565 708 763 744; x_wconf 87' lang='lat' dir='ltr'>necesse</span> <span class='ocrx_word' id='word_1_77' title='bbox 802 699 875 742; x_wconf 87' lang='lat' dir='ltr'>est</span> <span class='ocrx_word' id='word_1_78' title='bbox 914 692 1073 739; x_wconf 87' lang='lat' dir='ltr'>everti</span> <span class='ocrx_word' id='word_1_79' title='bbox 1104 688 1349 751; x_wconf 71' lang='lat' dir='ltr'>plenarie,</span> <span class='ocrx_word' id='word_1_80' title='bbox 1389 686 1592 737; x_wconf 86' lang='lat' dir='ltr'>aliarum</span> <span class='ocrx_word' id='word_1_81' title='bbox 1631 688 1756 740; x_wconf 84' lang='lat' dir='ltr'>enim</span> <span class='ocrx_word' id='word_1_82' title='bbox 1793 693 1957 749; x_wconf 85' lang='lat' dir='ltr'>partes</span> <span class='ocrx_word' id='word_1_83' title='bbox 1993 701 2023 735; x_wconf 84' lang='lat' dir='ltr'>a</span> <span class='ocrx_word' id='word_1_84' title='bbox 2058 685 2174 749; x_wconf 89' lang='lat' dir='ltr'>polo</span> <span class='ocrx_word' id='word_1_85' title='bbox 2213 688 2479 758; x_wconf 51' lang='lat' dir='ltr'>remotis·-x</span> 
     </span>
    </p>
   </div>
   <div class='ocr_carea' id='block_1_5' title="bbox 195 757 2450 1409">
    <p class='ocr_par' dir='ltr' id='par_1_5' title="bbox 195 757 1966 829">
     <span class='ocr_line' id='line_1_9' title="bbox 195 757 1966 829; baseline -0.005 -13"><span class='ocrx_word' id='word_1_86' title='bbox 195 770 348 823; x_wconf 82' lang='lat' dir='ltr'>simae</span> <span class='ocrx_word' id='word_1_87' title='bbox 386 775 497 820; x_wconf 87' lang='lat' dir='ltr'>sunt</span> <span class='ocrx_word' id='word_1_88' title='bbox 534 780 807 829; x_wconf 85' lang='lat' dir='ltr'>supremae,</span> <span class='ocrx_word' id='word_1_89' title='bbox 847 762 1101 816; x_wconf 84' lang='lat' dir='ltr'>humilium</span> <span class='ocrx_word' id='word_1_90' title='bbox 1141 766 1307 815; x_wconf 83' lang='lat' dir='ltr'>contra</span> <span class='ocrx_word' id='word_1_91' title='bbox 1343 766 1505 822; x_wconf 84' lang='lat' dir='ltr'>partes</span> <span class='ocrx_word' id='word_1_92' title='bbox 1542 757 1656 822; x_wconf 89' lang='lat' dir='ltr'>polo</span> <span class='ocrx_word' id='word_1_93' title='bbox 1695 761 1966 822; x_wconf 58' lang='lat' dir='ltr'>proximae„</span> 
     </span>
    </p>

    <p class='ocr_par' dir='ltr' id='par_1_6' title="bbox 195 829 2447 1339">
     <span class='ocr_line' id='line_1_10' title="bbox 342 829 2442 894; baseline -0.005 -6"><span class='ocrx_word' id='word_1_94' title='bbox 342 840 646 889; x_wconf 75' lang='lat' dir='ltr'>Contrarium</span> <span class='ocrx_word' id='word_1_95' title='bbox 686 837 738 885; x_wconf 87' lang='lat' dir='ltr'>fit</span> <span class='ocrx_word' id='word_1_96' title='bbox 777 839 824 883; x_wconf 89' lang='lat' dir='ltr'>in</span> <span class='ocrx_word' id='word_1_97' title='bbox 864 834 1035 892; x_wconf 90' lang='lat' dir='ltr'>stellis,</span> <span class='ocrx_word' id='word_1_98' title='bbox 1076 848 1200 894; x_wconf 90' lang='lat' dir='ltr'>quae</span> <span class='ocrx_word' id='word_1_99' title='bbox 1242 833 1460 880; x_wconf 89' lang='lat' dir='ltr'>oriuntur</span> <span class='ocrx_word' id='word_1_100' title='bbox 1486 838 1535 880; x_wconf 93' lang='lat' dir='ltr'>et</span> <span class='ocrx_word' id='word_1_101' title='bbox 1573 831 1814 881; x_wconf 85' lang='lat' dir='ltr'>occidunt.</span> <span class='ocrx_word' id='word_1_102' title='bbox 1887 830 2012 884; x_wconf 79' lang='lat' dir='ltr'>Nam</span> <span class='ocrx_word' id='word_1_103' title='bbox 2039 832 2289 879; x_wconf 85' lang='lat' dir='ltr'>conversio</span> <span class='ocrx_word' id='word_1_104' title='bbox 2329 829 2442 879; x_wconf 83' lang='lat' dir='ltr'>vul-</span> 
     </span>
     <span class='ocr_line' id='line_1_11' title="bbox 196 905 2444 971; baseline -0.004 -10"><span class='ocrx_word' id='word_1_105' title='bbox 196 919 288 971; x_wconf 92' lang='lat' dir='ltr'>tus,</span> <span class='ocrx_word' id='word_1_106' title='bbox 326 912 742 961; x_wconf 87' lang='lat' dir='ltr'>constellationem</span> <span class='ocrx_word' id='word_1_107' title='bbox 770 909 1018 969; x_wconf 87' lang='lat' dir='ltr'>sequentis</span> <span class='ocrx_word' id='word_1_108' title='bbox 1046 908 1094 952; x_wconf 91' lang='lat' dir='ltr'>in</span> <span class='ocrx_word' id='word_1_109' title='bbox 1118 905 1292 970; x_wconf 83' lang='lat' dir='ltr'>plagas</span> <span class='ocrx_word' id='word_1_110' title='bbox 1318 906 1600 966; x_wconf 87' lang='lat' dir='ltr'>contrarias,</span> <span class='ocrx_word' id='word_1_111' title='bbox 1640 919 1862 954; x_wconf 81' lang='lat' dir='ltr'>eversum</span> <span class='ocrx_word' id='word_1_112' title='bbox 1887 917 2052 958; x_wconf 83' lang='lat' dir='ltr'>earum</span> <span class='ocrx_word' id='word_1_113' title='bbox 2077 906 2222 952; x_wconf 88' lang='lat' dir='ltr'>situm</span> <span class='ocrx_word' id='word_1_114' title='bbox 2249 918 2444 966; x_wconf 85' lang='lat' dir='ltr'>reprae-</span> 
     </span>
     <span class='ocr_line' id='line_1_12' title="bbox 195 975 2446 1042; baseline -0.004 -8"><span class='ocrx_word' id='word_1_115' title='bbox 195 991 370 1036; x_wconf 78' lang='lat' dir='ltr'>sentat.</span> <span class='ocrx_word' id='word_1_116' title='bbox 466 983 735 1032; x_wconf 89' lang='lat' dir='ltr'>Orientium</span> <span class='ocrx_word' id='word_1_117' title='bbox 792 983 920 1029; x_wconf 89' lang='lat' dir='ltr'>enim</span> <span class='ocrx_word' id='word_1_118' title='bbox 976 986 1139 1042; x_wconf 88' lang='lat' dir='ltr'>partes</span> <span class='ocrx_word' id='word_1_119' title='bbox 1194 977 1539 1040; x_wconf 76' lang='lat' dir='ltr'>praecedentes</span> <span class='ocrx_word' id='word_1_120' title='bbox 1595 983 1708 1025; x_wconf 88' lang='lat' dir='ltr'>sunt</span> <span class='ocrx_word' id='word_1_121' title='bbox 1761 979 2060 1038; x_wconf 88' lang='lat' dir='ltr'>superiores,</span> <span class='ocrx_word' id='word_1_122' title='bbox 2118 975 2446 1028; x_wconf 83' lang='lat' dir='ltr'>occidentium</span> 
     </span>
     <span class='ocr_line' id='line_1_13' title="bbox 195 1047 2445 1122; baseline -0.005 -16"><span class='ocrx_word' id='word_1_123' title='bbox 195 1064 357 1122; x_wconf 88' lang='lat' dir='ltr'>partes</span> <span class='ocrx_word' id='word_1_124' title='bbox 395 1062 666 1119; x_wconf 83' lang='lat' dir='ltr'>sequentes.</span> <span class='ocrx_word' id='word_1_125' title='bbox 739 1054 795 1101; x_wconf 93' lang='lat' dir='ltr'>In</span> <span class='ocrx_word' id='word_1_126' title='bbox 834 1052 1042 1115; x_wconf 89' lang='lat' dir='ltr'>sphaera</span> <span class='ocrx_word' id='word_1_127' title='bbox 1081 1052 1228 1113; x_wconf 85' lang='lat' dir='ltr'>igitur</span> <span class='ocrx_word' id='word_1_128' title='bbox 1264 1058 1398 1103; x_wconf 87' lang='lat' dir='ltr'>recta</span> <span class='ocrx_word' id='word_1_129' title='bbox 1432 1049 1487 1099; x_wconf 91' lang='lat' dir='ltr'>fit</span> <span class='ocrx_word' id='word_1_130' title='bbox 1523 1049 1616 1097; x_wconf 90' lang='lat' dir='ltr'>hoc</span> <span class='ocrx_word' id='word_1_131' title='bbox 1654 1049 1799 1097; x_wconf 89' lang='lat' dir='ltr'>modo</span> <span class='ocrx_word' id='word_1_132' title='bbox 1840 1047 2007 1098; x_wconf 86' lang='lat' dir='ltr'>itidem</span> <span class='ocrx_word' id='word_1_133' title='bbox 2043 1047 2263 1111; x_wconf 85' lang='lat' dir='ltr'>plenaria</span> <span class='ocrx_word' id='word_1_134' title='bbox 2302 1062 2445 1097; x_wconf 85' lang='lat' dir='ltr'>ever-</span> 
     </span>
     <span class='ocr_line' id='line_1_14' title="bbox 196 1122 2447 1193; baseline -0.004 -15"><span class='ocrx_word' id='word_1_135' title='bbox 196 1132 294 1191; x_wconf 88' lang='lat' dir='ltr'>si0,</span> <span class='ocrx_word' id='word_1_136' title='bbox 348 1132 395 1177; x_wconf 90' lang='lat' dir='ltr'>in</span> <span class='ocrx_word' id='word_1_137' title='bbox 447 1129 665 1193; x_wconf 86' lang='lat' dir='ltr'>sphaeris</span> <span class='ocrx_word' id='word_1_138' title='bbox 714 1125 926 1187; x_wconf 89' lang='lat' dir='ltr'>obliquis</span> <span class='ocrx_word' id='word_1_139' title='bbox 972 1123 1270 1186; x_wconf 80' lang='lat' dir='ltr'>semiplena3</span> <span class='ocrx_word' id='word_1_140' title='bbox 1324 1137 1450 1186; x_wconf 84' lang='lat' dir='ltr'>quae</span> <span class='ocrx_word' id='word_1_141' title='bbox 1490 1124 1618 1170; x_wconf 89' lang='lat' dir='ltr'>enim</span> <span class='ocrx_word' id='word_1_142' title='bbox 1657 1123 1872 1170; x_wconf 89' lang='lat' dir='ltr'>oriuntur</span> <span class='ocrx_word' id='word_1_143' title='bbox 1911 1127 2100 1182; x_wconf 84' lang='lat' dir='ltr'>erecta,</span> <span class='ocrx_word' id='word_1_144' title='bbox 2154 1122 2447 1170; x_wconf 90' lang='lat' dir='ltr'>occumbunt</span> 
     </span>
     <span class='ocr_line' id='line_1_15' title="bbox 197 1193 2445 1267; baseline -0.004 -16"><span class='ocrx_word' id='word_1_145' title='bbox 197 1209 363 1262; x_wconf 88' lang='lat' dir='ltr'>strata,</span> <span class='ocrx_word' id='word_1_146' title='bbox 403 1217 557 1267; x_wconf 78' lang='lat' dir='ltr'>prona</span> <span class='ocrx_word' id='word_1_147' title='bbox 597 1199 674 1247; x_wconf 89' lang='lat' dir='ltr'>vel</span> <span class='ocrx_word' id='word_1_148' title='bbox 698 1200 887 1261; x_wconf 89' lang='lat' dir='ltr'>supina,</span> <span class='ocrx_word' id='word_1_149' title='bbox 926 1196 1078 1259; x_wconf 90' lang='lat' dir='ltr'>idque</span> <span class='ocrx_word' id='word_1_150' title='bbox 1107 1198 1240 1245; x_wconf 80' lang='lat' dir='ltr'>varie</span> <span class='ocrx_word' id='word_1_151' title='bbox 1265 1210 1353 1260; x_wconf 88' lang='lat' dir='ltr'>pro</span> <span class='ocrx_word' id='word_1_152' title='bbox 1392 1195 1565 1257; x_wconf 90' lang='lat' dir='ltr'>majori</span> <span class='ocrx_word' id='word_1_153' title='bbox 1592 1194 1672 1243; x_wconf 91' lang='lat' dir='ltr'>vel</span> <span class='ocrx_word' id='word_1_154' title='bbox 1697 1196 1870 1244; x_wconf 87' lang='lat' dir='ltr'>minori</span> <span class='ocrx_word' id='word_1_155' title='bbox 1896 1193 2183 1256; x_wconf 79' lang='lat' dir='ltr'>obliquitate</span> <span class='ocrx_word' id='word_1_156' title='bbox 2210 1193 2445 1257; x_wconf 78' lang='lat' dir='ltr'>sphaerae</span> 
     </span>
     <span class='ocr_line' id='line_1_16' title="bbox 196 1266 1886 1339; baseline -0.005 -15"><span class='ocrx_word' id='word_1_157' title='bbox 196 1289 380 1339; x_wconf 87' lang='lat' dir='ltr'>proque</span> <span class='ocrx_word' id='word_1_158' title='bbox 417 1276 512 1322; x_wconf 89' lang='lat' dir='ltr'>situ</span> <span class='ocrx_word' id='word_1_159' title='bbox 553 1271 977 1327; x_wconf 84' lang='lat' dir='ltr'>constellationum</span> <span class='ocrx_word' id='word_1_160' title='bbox 1016 1271 1064 1316; x_wconf 90' lang='lat' dir='ltr'>in</span> <span class='ocrx_word' id='word_1_161' title='bbox 1103 1269 1356 1332; x_wconf 83' lang='lat' dir='ltr'>superficie</span> <span class='ocrx_word' id='word_1_162' title='bbox 1395 1267 1630 1330; x_wconf 76' lang='lat' dir='ltr'>sphaerae</span> <span class='ocrx_word' id='word_1_163' title='bbox 1668 1266 1886 1317; x_wconf 84' lang='lat' dir='ltr'>fixarum.</span> 
     </span>
    </p>

    <p class='ocr_par' dir='ltr' id='par_1_7' title="bbox 340 1339 2450 1409">
     <span class='ocr_line' id='line_1_17' title="bbox 340 1339 2450 1409; baseline -0.004 -15"><span class='ocrx_word' id='word_1_164' title='bbox 340 1350 387 1395; x_wconf 83' lang='lat'>5.</span> <span class='ocrx_word' id='word_1_165' title='bbox 448 1344 708 1409; x_wconf 80' lang='lat' dir='ltr'>Quomodo</span> <span class='ocrx_word' id='word_1_166' title='bbox 747 1345 1058 1406; x_wconf 75' lang='lat' dir='ltr'>coynoscitur</span> <span class='ocrx_word' id='word_1_167' title='bbox 1095 1356 1243 1390; x_wconf 79' lang='lat' dir='ltr'>mora</span> <span class='ocrx_word' id='word_1_168' title='bbox 1277 1341 1444 1389; x_wconf 80' lang='lat' dir='ltr'>stellae</span> <span class='ocrx_word' id='word_1_169' title='bbox 1483 1340 1560 1391; x_wconf 85' lang='lat' dir='ltr'>vel</span> <span class='ocrx_word' id='word_1_170' title='bbox 1602 1342 1785 1401; x_wconf 76' lang='lat' dir='ltr'>puncti</span> <span class='ocrx_word' id='word_1_171' title='bbox 1822 1341 2066 1402; x_wconf 60' lang='lat' dir='ltr'>emurque</span> <span class='ocrx_word' id='word_1_172' title='bbox 2109 1354 2271 1401; x_wconf 67' lang='lat' dir='ltr'>supra</span> <span class='ocrx_word' id='word_1_173' title='bbox 2309 1339 2450 1390; x_wconf 79' lang='lat' dir='ltr'>hori-</span> 
     </span>
    </p>
   </div>
   <div class='ocr_carea' id='block_1_6' title="bbox 197 1411 2554 1479">
    <p class='ocr_par' dir='ltr' id='par_1_8' title="bbox 197 1411 2554 1479">
     <span class='ocr_line' id='line_1_18' title="bbox 197 1411 2554 1479; baseline -0.004 -12"><span class='ocrx_word' id='word_1_174' title='bbox 197 1418 432 1469; x_wconf 81' lang='lat' dir='ltr'>zontem?</span> <span class='ocrx_word' id='word_1_175' title='bbox 469 1416 717 1465; x_wconf 87' lang='lat' dir='ltr'>Beneficio</span> <span class='ocrx_word' id='word_1_176' title='bbox 752 1415 975 1479; x_wconf 87' lang='lat' dir='ltr'>paralleli</span> <span class='ocrx_word' id='word_1_177' title='bbox 1016 1428 1101 1477; x_wconf 88' lang='lat' dir='ltr'>per</span> <span class='ocrx_word' id='word_1_178' title='bbox 1138 1413 1454 1463; x_wconf 78' lang='lat' dir='ltr'>stellamseu</span> <span class='ocrx_word' id='word_1_179' title='bbox 1491 1419 1722 1475; x_wconf 82' lang='lat' dir='ltr'>punctum</span> <span class='ocrx_word' id='word_1_180' title='bbox 1764 1411 1920 1465; x_wconf 87' lang='lat' dir='ltr'>ducti:</span> <span class='ocrx_word' id='word_1_181' title='bbox 1971 1418 2105 1464; x_wconf 83' lang='lat' dir='ltr'>secat</span> <span class='ocrx_word' id='word_1_182' title='bbox 2145 1414 2272 1462; x_wconf 88' lang='lat' dir='ltr'>enim</span> <span class='ocrx_word' id='word_1_183' title='bbox 2311 1411 2451 1466; x_wconf 74' lang='lat' dir='ltr'>illum</span> <span class='ocrx_word' id='word_1_184' title='bbox 2519 1425 2554 1466; x_wconf 46' lang='lat'>2·</span> 
     </span>
    </p>
   </div>
   <div class='ocr_carea' id='block_1_7' title="bbox 198 1483 2449 1552">
    <p class='ocr_par' dir='ltr' id='par_1_9' title="bbox 198 1483 2449 1552">
     <span class='ocr_line' id='line_1_19' title="bbox 198 1483 2449 1552; baseline -0.003 -13"><span class='ocrx_word' id='word_1_185' title='bbox 198 1492 423 1551; x_wconf 86' lang='lat' dir='ltr'>horizon,</span> <span class='ocrx_word' id='word_1_186' title='bbox 471 1491 637 1552; x_wconf 89' lang='lat' dir='ltr'>itaque</span> <span class='ocrx_word' id='word_1_187' title='bbox 690 1504 802 1551; x_wconf 88' lang='lat' dir='ltr'>pars</span> <span class='ocrx_word' id='word_1_188' title='bbox 852 1489 943 1536; x_wconf 89' lang='lat' dir='ltr'>sub</span> <span class='ocrx_word' id='word_1_189' title='bbox 995 1487 1246 1535; x_wconf 86' lang='lat' dir='ltr'>horizonte</span> <span class='ocrx_word' id='word_1_190' title='bbox 1284 1485 1441 1535; x_wconf 87' lang='lat' dir='ltr'>latens</span> <span class='ocrx_word' id='word_1_191' title='bbox 1489 1492 1562 1533; x_wconf 89' lang='lat' dir='ltr'>est</span> <span class='ocrx_word' id='word_1_192' title='bbox 1608 1493 1946 1546; x_wconf 82' lang='lat' dir='ltr'>argumentum</span> <span class='ocrx_word' id='word_1_193' title='bbox 1985 1485 2238 1536; x_wconf 85' lang='lat' dir='ltr'>absentiae</span> <span class='ocrx_word' id='word_1_194' title='bbox 2276 1483 2449 1536; x_wconf 79' lang='lat' dir='ltr'>stellae</span> 
     </span>
    </p>
   </div>
   <div class='ocr_carea' id='block_1_8' title="bbox 199 1557 2541 1700">
    <p class='ocr_par' dir='ltr' id='par_1_10' title="bbox 199 1557 2541 1700">
     <span class='ocr_line' id='line_1_20' title="bbox 199 1557 2541 1623; baseline -0.003 -12"><span class='ocrx_word' id='word_1_195' title='bbox 199 1564 322 1612; x_wconf 88' lang='lat' dir='ltr'>infra</span> <span class='ocrx_word' id='word_1_196' title='bbox 359 1562 678 1622; x_wconf 86' lang='lat' dir='ltr'>horizontem,</span> <span class='ocrx_word' id='word_1_197' title='bbox 720 1561 825 1620; x_wconf 89' lang='lat' dir='ltr'>vel,</span> <span class='ocrx_word' id='word_1_198' title='bbox 865 1562 906 1608; x_wconf 90' lang='lat' dir='ltr'>si</span> <span class='ocrx_word' id='word_1_199' title='bbox 944 1559 1002 1608; x_wconf 89' lang='lat' dir='ltr'>de</span> <span class='ocrx_word' id='word_1_200' title='bbox 1044 1559 1157 1608; x_wconf 89' lang='lat' dir='ltr'>Sole</span> <span class='ocrx_word' id='word_1_201' title='bbox 1196 1560 1400 1622; x_wconf 80' lang='lat' dir='ltr'>agimus,</span> <span class='ocrx_word' id='word_1_202' title='bbox 1441 1559 1625 1618; x_wconf 79' lang='lat' dir='ltr'>noctis,</span> <span class='ocrx_word' id='word_1_203' title='bbox 1667 1557 1937 1621; x_wconf 70' lang='lat' dir='ltr'>diciturque</span> <span class='ocrx_word' id='word_1_204' title='bbox 1975 1572 2116 1607; x_wconf 85' lang='lat' dir='ltr'>arcus</span> <span class='ocrx_word' id='word_1_205' title='bbox 2154 1564 2450 1618; x_wconf 82' lang='lat' dir='ltr'>nocturnus;</span> <span class='ocrx_word' id='word_1_206' title='bbox 2512 1575 2541 1623; x_wconf 37' lang='lat' dir='ltr'>s.</span> 
     </span>
     <span class='ocr_line' id='line_1_21' title="bbox 199 1628 2516 1700; baseline -0.003 -15"><span class='ocrx_word' id='word_1_207' title='bbox 199 1651 311 1700; x_wconf 89' lang='lat' dir='ltr'>pars</span> <span class='ocrx_word' id='word_1_208' title='bbox 350 1641 544 1683; x_wconf 88' lang='lat' dir='ltr'>exstans</span> <span class='ocrx_word' id='word_1_209' title='bbox 584 1640 657 1682; x_wconf 91' lang='lat' dir='ltr'>est</span> <span class='ocrx_word' id='word_1_210' title='bbox 695 1639 1032 1696; x_wconf 86' lang='lat' dir='ltr'>argumentum</span> <span class='ocrx_word' id='word_1_211' title='bbox 1071 1645 1238 1681; x_wconf 88' lang='lat' dir='ltr'>morae</span> <span class='ocrx_word' id='word_1_212' title='bbox 1274 1646 1424 1694; x_wconf 80' lang='lat' dir='ltr'>supra</span> <span class='ocrx_word' id='word_1_213' title='bbox 1459 1630 1776 1691; x_wconf 76' lang='lat' dir='ltr'>horizontem,</span> <span class='ocrx_word' id='word_1_214' title='bbox 1815 1645 1918 1691; x_wconf 88' lang='lat' dir='ltr'>seu,</span> <span class='ocrx_word' id='word_1_215' title='bbox 1961 1645 2070 1696; x_wconf 83' lang='lat' dir='ltr'>curn</span> <span class='ocrx_word' id='word_1_216' title='bbox 2110 1628 2171 1679; x_wconf 85' lang='lat' dir='ltr'>de</span> <span class='ocrx_word' id='word_1_217' title='bbox 2189 1630 2303 1683; x_wconf 63' lang='lat' dir='ltr'>SoLe</span> <span class='ocrx_word' id='word_1_218' title='bbox 2341 1631 2451 1693; x_wconf 83' lang='lat' dir='ltr'>agi·</span> <span class='ocrx_word' id='word_1_219' title='bbox 2513 1675 2516 1689; x_wconf 75' lang='grc'><em>,</em></span> 
     </span>
    </p>
   </div>
   <div class='ocr_carea' id='block_1_9' title="bbox 199 1702 2445 1843">
    <p class='ocr_par' dir='ltr' id='par_1_11' title="bbox 199 1702 2445 1843">
     <span class='ocr_line' id='line_1_22' title="bbox 199 1702 2445 1770; baseline -0.001 -14"><span class='ocrx_word' id='word_1_220' title='bbox 199 1724 326 1770; x_wconf 90' lang='lat' dir='ltr'>mus,</span> <span class='ocrx_word' id='word_1_221' title='bbox 377 1708 495 1768; x_wconf 89' lang='lat' dir='ltr'>diei,</span> <span class='ocrx_word' id='word_1_222' title='bbox 553 1706 822 1768; x_wconf 89' lang='lat' dir='ltr'>diciturque</span> <span class='ocrx_word' id='word_1_223' title='bbox 870 1719 1009 1753; x_wconf 90' lang='lat' dir='ltr'>arcus</span> <span class='ocrx_word' id='word_1_224' title='bbox 1049 1703 1262 1765; x_wconf 90' lang='lat' dir='ltr'>diurnus,</span> <span class='ocrx_word' id='word_1_225' title='bbox 1311 1718 1459 1767; x_wconf 78' lang='lat' dir='ltr'>quem</span> <span class='ocrx_word' id='word_1_226' title='bbox 1506 1702 1622 1755; x_wconf 82' lang='lat' dir='ltr'>lieet</span> <span class='ocrx_word' id='word_1_227' title='bbox 1670 1702 1755 1754; x_wconf 81' lang='lat' dir='ltr'>vel</span> <span class='ocrx_word' id='word_1_228' title='bbox 1807 1705 1984 1757; x_wconf 86' lang='lat' dir='ltr'>circino</span> <span class='ocrx_word' id='word_1_229' title='bbox 2032 1703 2238 1754; x_wconf 87' lang='lat' dir='ltr'>dimetiri</span> <span class='ocrx_word' id='word_1_230' title='bbox 2285 1702 2445 1766; x_wconf 83' lang='lat' dir='ltr'>adque</span> 
     </span>
     <span class='ocr_line' id='line_1_23' title="bbox 201 1779 1018 1843; baseline -0.005 -13"><span class='ocrx_word' id='word_1_231' title='bbox 201 1787 357 1831; x_wconf 91' lang='lat' dir='ltr'>totum</span> <span class='ocrx_word' id='word_1_232' title='bbox 394 1779 682 1843; x_wconf 86' lang='lat' dir='ltr'>parallelum</span> <span class='ocrx_word' id='word_1_233' title='bbox 720 1791 1018 1840; x_wconf 87' lang='lat' dir='ltr'>comparare.</span> 
     </span>
    </p>
   </div>
   <div class='ocr_carea' id='block_1_10' title="bbox 201 1848 2451 1986">
    <p class='ocr_par' dir='ltr' id='par_1_12' title="bbox 201 1848 2451 1986">
     <span class='ocr_line' id='line_1_24' title="bbox 347 1848 2451 1915; baseline -0.003 -13"><span class='ocrx_word' id='word_1_234' title='bbox 347 1854 650 1915; x_wconf 79' lang='lat' dir='ltr'>Sequeretur</span> <span class='ocrx_word' id='word_1_235' title='bbox 686 1851 790 1913; x_wconf 85' lang='lat' dir='ltr'>hoc,</span> <span class='ocrx_word' id='word_1_236' title='bbox 830 1853 871 1898; x_wconf 80' lang='lat' dir='ltr'>si</span> <span class='ocrx_word' id='word_1_237' title='bbox 908 1851 1047 1899; x_wconf 82' lang='lat' dir='ltr'>stella</span> <span class='ocrx_word' id='word_1_238' title='bbox 1084 1849 1160 1897; x_wconf 85' lang='lat' dir='ltr'>vel</span> <span class='ocrx_word' id='word_1_239' title='bbox 1194 1848 1282 1896; x_wconf 80' lang='lat' dir='ltr'>Sol</span> <span class='ocrx_word' id='word_1_240' title='bbox 1320 1848 1610 1896; x_wconf 72' lang='lat' dir='ltr'>describeret</span> <span class='ocrx_word' id='word_1_241' title='bbox 1646 1854 1788 1896; x_wconf 81' lang='lat' dir='ltr'>motu</span> <span class='ocrx_word' id='word_1_242' title='bbox 1812 1862 1919 1897; x_wconf 86' lang='lat' dir='ltr'>suo</span> <span class='ocrx_word' id='word_1_243' title='bbox 1941 1848 2090 1897; x_wconf 83' lang='lat' dir='ltr'>talem</span> <span class='ocrx_word' id='word_1_244' title='bbox 2110 1848 2451 1910; x_wconf 77' lang='lat' dir='ltr'>parallelum;</span> 
     </span>
     <span class='ocr_line' id='line_1_25' title="bbox 201 1921 2450 1986; baseline -0.003 -11"><span class='ocrx_word' id='word_1_245' title='bbox 201 1926 284 1975; x_wconf 81' lang='lat' dir='ltr'>sed</span> <span class='ocrx_word' id='word_1_246' title='bbox 321 1926 489 1975; x_wconf 75' lang='lat' dir='ltr'>dixisti</span> <span class='ocrx_word' id='word_1_247' title='bbox 527 1940 701 1986; x_wconf 82' lang='lat' dir='ltr'>supra,</span> <span class='ocrx_word' id='word_1_248' title='bbox 739 1924 932 1973; x_wconf 82' lang='lat' dir='ltr'>stellam</span> <span class='ocrx_word' id='word_1_249' title='bbox 970 1923 1048 1970; x_wconf 85' lang='lat' dir='ltr'>vel</span> <span class='ocrx_word' id='word_1_250' title='bbox 1087 1921 1252 1970; x_wconf 85' lang='lat' dir='ltr'>Solem</span> <span class='ocrx_word' id='word_1_251' title='bbox 1290 1936 1398 1969; x_wconf 80' lang='lat' dir='ltr'>non</span> <span class='ocrx_word' id='word_1_252' title='bbox 1441 1923 1608 1972; x_wconf 72' lang='lat' dir='ltr'>venire</span> <span class='ocrx_word' id='word_1_253' title='bbox 1645 1924 1702 1969; x_wconf 78' lang='lat' dir='ltr'>in</span> <span class='ocrx_word' id='word_1_254' title='bbox 1739 1921 1845 1969; x_wconf 85' lang='lat' dir='ltr'>alia</span> <span class='ocrx_word' id='word_1_255' title='bbox 1866 1927 2064 1982; x_wconf 78' lang='lat' dir='ltr'>puncta</span> <span class='ocrx_word' id='word_1_256' title='bbox 2099 1922 2235 1969; x_wconf 80' lang='lat' dir='ltr'>illius</span> <span class='ocrx_word' id='word_1_257' title='bbox 2260 1921 2450 1982; x_wconf 80' lang='lat' dir='ltr'>circuli,</span> 
     </span>
    </p>
   </div>
   <div class='ocr_carea' id='block_1_11' title="bbox 202 1992 2535 2279">
    <p class='ocr_par' dir='ltr' id='par_1_13' title="bbox 202 1992 2452 2059">
     <span class='ocr_line' id='line_1_26' title="bbox 202 1992 2452 2059; baseline -0.003 -11"><span class='ocrx_word' id='word_1_258' title='bbox 202 1999 286 2048; x_wconf 79' lang='lat' dir='ltr'>sed</span> <span class='ocrx_word' id='word_1_259' title='bbox 322 2013 416 2047; x_wconf 79' lang='lat' dir='ltr'>esse</span> <span class='ocrx_word' id='word_1_260' title='bbox 453 1998 528 2045; x_wconf 84' lang='lat' dir='ltr'>illi</span> <span class='ocrx_word' id='word_1_261' title='bbox 566 1998 700 2045; x_wconf 81' lang='lat' dir='ltr'>velut</span> <span class='ocrx_word' id='word_1_262' title='bbox 738 1997 955 2059; x_wconf 75' lang='lat' dir='ltr'>affiaeum</span> <span class='ocrx_word' id='word_1_263' title='bbox 993 1996 1049 2042; x_wconf 77' lang='lat' dir='ltr'>in</span> <span class='ocrx_word' id='word_1_264' title='bbox 1087 1996 1238 2043; x_wconf 78' lang='lat' dir='ltr'>unico</span> <span class='ocrx_word' id='word_1_265' title='bbox 1271 2000 1475 2055; x_wconf 72' lang='lat' dir='ltr'>puncto</span> <span class='ocrx_word' id='word_1_266' title='bbox 1551 1992 1686 2042; x_wconf 86' lang='lat' dir='ltr'>Nihil</span> <span class='ocrx_word' id='word_1_267' title='bbox 1724 1992 1817 2042; x_wconf 86' lang='lat' dir='ltr'>hoc</span> <span class='ocrx_word' id='word_1_268' title='bbox 1843 1993 2059 2057; x_wconf 88' lang='lat' dir='ltr'>impedit,</span> <span class='ocrx_word' id='word_1_269' title='bbox 2102 2009 2212 2041; x_wconf 86' lang='lat' dir='ltr'>nam</span> <span class='ocrx_word' id='word_1_270' title='bbox 2240 2000 2291 2041; x_wconf 92' lang='lat' dir='ltr'>ut</span> <span class='ocrx_word' id='word_1_271' title='bbox 2328 1992 2452 2041; x_wconf 90' lang='lat' dir='ltr'>libro</span> 
     </span>
    </p>

    <p class='ocr_par' dir='ltr' id='par_1_14' title="bbox 202 2062 2535 2279">
     <span class='ocr_line' id='line_1_27' title="bbox 202 2062 2535 2131; baseline -0.004 -9"><span class='ocrx_word' id='word_1_272' title='bbox 202 2070 416 2122; x_wconf 88' lang='lat' dir='ltr'>secundo</span> <span class='ocrx_word' id='word_1_273' title='bbox 455 2071 666 2119; x_wconf 85' lang='lat' dir='ltr'>monitus</span> <span class='ocrx_word' id='word_1_274' title='bbox 706 2083 772 2130; x_wconf 76' lang='lat' dir='ltr'>eS,</span> <span class='ocrx_word' id='word_1_275' title='bbox 811 2068 1007 2131; x_wconf 85' lang='lat' dir='ltr'>fingitur</span> <span class='ocrx_word' id='word_1_276' title='bbox 1046 2066 1172 2115; x_wconf 84' lang='lat' dir='ltr'>alius</span> <span class='ocrx_word' id='word_1_277' title='bbox 1210 2065 1474 2129; x_wconf 85' lang='lat' dir='ltr'>parallelus</span> <span class='ocrx_word' id='word_1_278' title='bbox 1513 2065 1790 2127; x_wconf 87' lang='lat' dir='ltr'>immobilis,</span> <span class='ocrx_word' id='word_1_279' title='bbox 1831 2073 2112 2129; x_wconf 81' lang='lat' dir='ltr'>superstans</span> <span class='ocrx_word' id='word_1_280' title='bbox 2151 2066 2264 2114; x_wconf 89' lang='lat' dir='ltr'>huic</span> <span class='ocrx_word' id='word_1_281' title='bbox 2288 2065 2451 2129; x_wconf 85' lang='lat' dir='ltr'>paral·</span> <span class='ocrx_word' id='word_1_282' title='bbox 2512 2062 2535 2124; x_wconf 67' lang='grc' dir='ltr'>’,ξ</span> 
     </span>
     <span class='ocr_line' id='line_1_28' title="bbox 203 2138 2527 2204; baseline -0.003 -11"><span class='ocrx_word' id='word_1_283' title='bbox 203 2144 301 2194; x_wconf 91' lang='lat' dir='ltr'>lelo</span> <span class='ocrx_word' id='word_1_284' title='bbox 339 2143 508 2192; x_wconf 79' lang='lat' dir='ltr'>mobili</span> <span class='ocrx_word' id='word_1_285' title='bbox 546 2144 594 2190; x_wconf 88' lang='lat' dir='ltr'>in</span> <span class='ocrx_word' id='word_1_286' title='bbox 634 2141 804 2191; x_wconf 88' lang='lat' dir='ltr'>eodem</span> <span class='ocrx_word' id='word_1_287' title='bbox 841 2140 987 2204; x_wconf 89' lang='lat' dir='ltr'>plano</span> <span class='ocrx_word' id='word_1_288' title='bbox 1029 2141 1324 2201; x_wconf 84' lang='lat' dir='ltr'>continuato,</span> <span class='ocrx_word' id='word_1_289' title='bbox 1366 2154 1508 2201; x_wconf 89' lang='lat' dir='ltr'>quem</span> <span class='ocrx_word' id='word_1_290' title='bbox 1547 2138 1835 2202; x_wconf 84' lang='lat' dir='ltr'>parallelum</span> <span class='ocrx_word' id='word_1_291' title='bbox 1873 2139 2015 2188; x_wconf 85' lang='lat' dir='ltr'>stella</span> <span class='ocrx_word' id='word_1_292' title='bbox 2042 2138 2285 2189; x_wconf 88' lang='lat' dir='ltr'>describat</span> <span class='ocrx_word' id='word_1_293' title='bbox 2323 2138 2454 2188; x_wconf 85' lang='lat' dir='ltr'>velut</span> <span class='ocrx_word' id='word_1_294' title='bbox 2525 2167 2527 2172; x_wconf 36' lang='lat'><strong>¹</strong></span> 
     </span>
     <span class='ocr_line' id='line_1_29' title="bbox 204 2209 2519 2279; baseline -0.001 -16"><span class='ocrx_word' id='word_1_295' title='bbox 204 2218 253 2264; x_wconf 91' lang='lat' dir='ltr'>in</span> <span class='ocrx_word' id='word_1_296' title='bbox 293 2215 456 2279; x_wconf 90' lang='lat' dir='ltr'>aliquo</span> <span class='ocrx_word' id='word_1_297' title='bbox 496 2214 716 2264; x_wconf 88' lang='lat' dir='ltr'>tabulato</span> <span class='ocrx_word' id='word_1_298' title='bbox 757 2228 904 2274; x_wconf 71' lang='lat' dir='ltr'>cam,</span> <span class='ocrx_word' id='word_1_299' title='bbox 956 2211 1086 2274; x_wconf 86' lang='lat' dir='ltr'>quod</span> <span class='ocrx_word' id='word_1_300' title='bbox 1125 2212 1246 2260; x_wconf 86' lang='lat' dir='ltr'>fixas</span> <span class='ocrx_word' id='word_1_301' title='bbox 1295 2217 1443 2275; x_wconf 89' lang='lat' dir='ltr'>tegat.</span> <span class='ocrx_word' id='word_1_302' title='bbox 1518 2209 1689 2261; x_wconf 87' lang='lat' dir='ltr'>Talem</span> <span class='ocrx_word' id='word_1_303' title='bbox 1727 2212 1876 2275; x_wconf 89' lang='lat' dir='ltr'>igitur</span> <span class='ocrx_word' id='word_1_304' title='bbox 1912 2211 2210 2262; x_wconf 90' lang='lat' dir='ltr'>immobilem</span> <span class='ocrx_word' id='word_1_305' title='bbox 2257 2225 2454 2276; x_wconf 88' lang='lat' dir='ltr'>reprae-</span> <span class='ocrx_word' id='word_1_306' title='bbox 2508 2239 2519 2269; x_wconf 73' lang='grc'>,-</span> 
     </span>
    </p>
   </div>
   <div class='ocr_carea' id='block_1_12' title="bbox 210 2285 2454 2422">
    <p class='ocr_par' dir='ltr' id='par_1_15' title="bbox 210 2285 2454 2422">
     <span class='ocr_line' id='line_1_30' title="bbox 210 2285 1029 2348; baseline -0.01 -9"><span class='ocrx_word' id='word_1_307' title='bbox 210 2294 369 2339; x_wconf 89' lang='lat' dir='ltr'>sentat</span> <span class='ocrx_word' id='word_1_308' title='bbox 405 2289 485 2336; x_wconf 90' lang='lat' dir='ltr'>hic</span> <span class='ocrx_word' id='word_1_309' title='bbox 521 2287 715 2336; x_wconf 91' lang='lat' dir='ltr'>mobilis</span> <span class='ocrx_word' id='word_1_310' title='bbox 752 2285 1029 2348; x_wconf 86' lang='lat' dir='ltr'>parallelus</span> 
     </span>
     <span class='ocr_line' id='line_1_31' title="bbox 351 2357 2454 2422; baseline -0.002 -13"><span class='ocrx_word' id='word_1_311' title='bbox 351 2363 419 2410; x_wconf 84' lang='lat' dir='ltr'>At</span> <span class='ocrx_word' id='word_1_312' title='bbox 463 2361 554 2408; x_wconf 83' lang='lat' dir='ltr'>hoc</span> <span class='ocrx_word' id='word_1_313' title='bbox 590 2360 883 2422; x_wconf 74' lang='lat' dir='ltr'>flymentum</span> <span class='ocrx_word' id='word_1_314' title='bbox 923 2357 1146 2420; x_wconf 80' lang='lat' dir='ltr'>quadrat</span> <span class='ocrx_word' id='word_1_315' title='bbox 1181 2362 1382 2405; x_wconf 80' lang='lat' dir='ltr'>tantum</span> <span class='ocrx_word' id='word_1_316' title='bbox 1423 2357 1492 2405; x_wconf 87' lang='lat' dir='ltr'>ad</span> <span class='ocrx_word' id='word_1_317' title='bbox 1525 2363 1721 2405; x_wconf 81' lang='lat' dir='ltr'>motum</span> <span class='ocrx_word' id='word_1_318' title='bbox 1758 2358 1902 2419; x_wconf 81' lang='lat' dir='ltr'>coeli3</span> <span class='ocrx_word' id='word_1_319' title='bbox 1955 2364 2012 2407; x_wconf 83' lang='lat' dir='ltr'>tu</span> <span class='ocrx_word' id='word_1_320' title='bbox 2059 2371 2178 2408; x_wconf 81' lang='lat' dir='ltr'>vero</span> <span class='ocrx_word' id='word_1_321' title='bbox 2215 2360 2291 2406; x_wconf 76' lang='lat' dir='ltr'>vis</span> <span class='ocrx_word' id='word_1_322' title='bbox 2336 2357 2454 2406; x_wconf 75' lang='lat' dir='ltr'>Ter-</span> 
     </span>
    </p>
   </div>
   <div class='ocr_carea' id='block_1_13' title="bbox 205 2428 2554 2568">
    <p class='ocr_par' dir='ltr' id='par_1_16' title="bbox 205 2428 2554 2568">
     <span class='ocr_line' id='line_1_32' title="bbox 205 2428 2554 2498; baseline -0.002 -14"><span class='ocrx_word' id='word_1_323' title='bbox 205 2449 321 2484; x_wconf 79' lang='lat' dir='ltr'>ram</span> <span class='ocrx_word' id='word_1_324' title='bbox 371 2435 579 2482; x_wconf 81' lang='lat' dir='ltr'>moveri.</span> <span class='ocrx_word' id='word_1_325' title='bbox 647 2431 813 2494; x_wconf 81' lang='lat' dir='ltr'>&#39;Saepe</span> <span class='ocrx_word' id='word_1_326' title='bbox 863 2444 1150 2492; x_wconf 88' lang='lat' dir='ltr'>responsum</span> <span class='ocrx_word' id='word_1_327' title='bbox 1199 2435 1295 2490; x_wconf 90' lang='lat' dir='ltr'>est,</span> <span class='ocrx_word' id='word_1_328' title='bbox 1349 2431 1587 2478; x_wconf 89' lang='lat' dir='ltr'>rationem</span> <span class='ocrx_word' id='word_1_329' title='bbox 1639 2442 1745 2479; x_wconf 91' lang='lat' dir='ltr'>esse</span> <span class='ocrx_word' id='word_1_330' title='bbox 1793 2429 1939 2494; x_wconf 90' lang='lat' dir='ltr'>plane</span> <span class='ocrx_word' id='word_1_331' title='bbox 1991 2429 2209 2482; x_wconf 88' lang='lat' dir='ltr'>eandem.</span> <span class='ocrx_word' id='word_1_332' title='bbox 2250 2428 2455 2492; x_wconf 68' lang='lat' dir='ltr'>⁴Qualis</span> <span class='ocrx_word' id='word_1_333' title='bbox 2512 2437 2554 2498; x_wconf 34' lang='grc' dir='ltr'>ζ’</span> 
     </span>
     <span class='ocr_line' id='line_1_33' title="bbox 207 2501 2463 2568; baseline -0.002 -13"><span class='ocrx_word' id='word_1_334' title='bbox 207 2508 334 2556; x_wconf 90' lang='lat' dir='ltr'>enim</span> <span class='ocrx_word' id='word_1_335' title='bbox 357 2506 439 2554; x_wconf 86' lang='lat' dir='ltr'>hic</span> <span class='ocrx_word' id='word_1_336' title='bbox 465 2505 657 2568; x_wconf 85' lang='lat' dir='ltr'>fingitur</span> <span class='ocrx_word' id='word_1_337' title='bbox 694 2502 956 2567; x_wconf 86' lang='lat' dir='ltr'>parallelus</span> <span class='ocrx_word' id='word_1_338' title='bbox 982 2501 1242 2551; x_wconf 89' lang='lat' dir='ltr'>immobilis</span> <span class='ocrx_word' id='word_1_339' title='bbox 1280 2504 1331 2549; x_wconf 94' lang='lat' dir='ltr'>in</span> <span class='ocrx_word' id='word_1_340' title='bbox 1356 2502 1577 2551; x_wconf 90' lang='lat' dir='ltr'>tabulato</span> <span class='ocrx_word' id='word_1_341' title='bbox 1617 2501 1781 2566; x_wconf 92' lang='lat' dir='ltr'>aliquo</span> <span class='ocrx_word' id='word_1_342' title='bbox 1822 2517 1970 2568; x_wconf 88' lang='lat' dir='ltr'>supra</span> <span class='ocrx_word' id='word_1_343' title='bbox 1994 2502 2137 2566; x_wconf 79' lang='lat' dir='ltr'>fixas,¹</span> <span class='ocrx_word' id='word_1_344' title='bbox 2171 2503 2282 2553; x_wconf 86' lang='lat' dir='ltr'>talis</span> <span class='ocrx_word' id='word_1_345' title='bbox 2311 2506 2463 2554; x_wconf 36' lang='lat' dir='ltr'>etiam*</span> 
     </span>
    </p>
   </div>
   <div class='ocr_carea' id='block_1_14' title="bbox 2504 1478 2554 2094">
    <p class='ocr_par' dir='ltr' id='par_1_17' title="bbox 2504 1478 2554 2094">
     <span class='ocr_line' id='line_1_34' title="bbox 2504 1478 2554 2094; baseline 0 2046"><span class='ocrx_word' id='word_1_346' title='bbox 2504 1478 2554 2094; x_wconf 95' lang='lat' dir='ltr'> </span> 
     </span>
    </p>
   </div>
   <div class='ocr_carea' id='block_1_15' title="bbox 206 2567 2537 2790">
    <p class='ocr_par' dir='ltr' id='par_1_18' title="bbox 206 2567 2537 2790">
     <span class='ocr_line' id='line_1_35' title="bbox 210 2567 2537 2644; baseline -0.001 -17"><span class='ocrx_word' id='word_1_347' title='bbox 210 2577 473 2644; x_wconf 85' lang='lat' dir='ltr'>respondet</span> <span class='ocrx_word' id='word_1_348' title='bbox 509 2576 770 2641; x_wconf 88' lang='lat' dir='ltr'>parallelus</span> <span class='ocrx_word' id='word_1_349' title='bbox 809 2579 857 2624; x_wconf 89' lang='lat' dir='ltr'>in</span> <span class='ocrx_word' id='word_1_350' title='bbox 895 2575 1069 2637; x_wconf 84' lang='lat' dir='ltr'>Terra,</span> <span class='ocrx_word' id='word_1_351' title='bbox 1122 2574 1467 2624; x_wconf 89' lang='lat' dir='ltr'>subordinatus</span> <span class='ocrx_word' id='word_1_352' title='bbox 1504 2574 1738 2638; x_wconf 86' lang='lat' dir='ltr'>parallelo</span> <span class='ocrx_word' id='word_1_353' title='bbox 1792 2576 2016 2636; x_wconf 85' lang='lat' dir='ltr'>coelesti,</span> <span class='ocrx_word' id='word_1_354' title='bbox 2070 2567 2130 2624; x_wconf 29' lang='lat' dir='ltr'>ut*</span> <span class='ocrx_word' id='word_1_355' title='bbox 2158 2582 2360 2640; x_wconf 86' lang='lat' dir='ltr'>apparet</span> <span class='ocrx_word' id='word_1_356' title='bbox 2398 2589 2457 2625; x_wconf 87' lang='lat' dir='ltr'>ex</span> <span class='ocrx_word' id='word_1_357' title='bbox 2493 2639 2499 2644; x_wconf 17' lang='grc' dir='ltr'><strong><em>η</em></strong></span> <span class='ocrx_word' id='word_1_358' title='bbox 2535 2604 2537 2611; x_wconf 91' lang='lat'>·</span> 
     </span>
     <span class='ocr_line' id='line_1_36' title="bbox 206 2646 2534 2718; baseline -0.002 -17"><span class='ocrx_word' id='word_1_359' title='bbox 206 2654 373 2715; x_wconf 86' lang='lat' dir='ltr'>genesi</span> <span class='ocrx_word' id='word_1_360' title='bbox 423 2649 778 2714; x_wconf 88' lang='lat' dir='ltr'>parallelorum.</span> <span class='ocrx_word' id='word_1_361' title='bbox 851 2649 1006 2711; x_wconf 82' lang='lat' dir='ltr'>Finge</span> <span class='ocrx_word' id='word_1_362' title='bbox 1061 2662 1175 2711; x_wconf 87' lang='lat' dir='ltr'>ergo</span> <span class='ocrx_word' id='word_1_363' title='bbox 1227 2647 1352 2714; x_wconf 83' lang='lat' dir='ltr'>fieri,</span> <span class='ocrx_word' id='word_1_364' title='bbox 1411 2654 1465 2696; x_wconf 89' lang='lat' dir='ltr'>ut</span> <span class='ocrx_word' id='word_1_365' title='bbox 1514 2647 1764 2697; x_wconf 85' lang='lat' dir='ltr'>volutione</span> <span class='ocrx_word' id='word_1_366' title='bbox 1804 2647 2014 2697; x_wconf 78' lang='lat' dir='ltr'>Telluris</span> <span class='ocrx_word' id='word_1_367' title='bbox 2065 2646 2209 2698; x_wconf 87' lang='lat' dir='ltr'>stella</span> <span class='ocrx_word' id='word_1_368' title='bbox 2254 2651 2301 2697; x_wconf 92' lang='lat' dir='ltr'>in</span> <span class='ocrx_word' id='word_1_369' title='bbox 2349 2650 2457 2713; x_wconf 81' lang='lat' dir='ltr'>ipsa</span> <span class='ocrx_word' id='word_1_370' title='bbox 2501 2667 2534 2718; x_wconf 10' lang='lat' dir='ltr'>{y</span> 
     </span>
     <span class='ocr_line' id='line_1_37' title="bbox 206 2718 2513 2790; baseline -0.002 -17"><span class='ocrx_word' id='word_1_371' title='bbox 206 2725 457 2790; x_wconf 87' lang='lat' dir='ltr'>superficie</span> <span class='ocrx_word' id='word_1_372' title='bbox 482 2723 660 2772; x_wconf 88' lang='lat' dir='ltr'>Terrae</span> <span class='ocrx_word' id='word_1_373' title='bbox 699 2736 784 2786; x_wconf 92' lang='lat' dir='ltr'>per</span> <span class='ocrx_word' id='word_1_374' title='bbox 823 2721 933 2770; x_wconf 80' lang='lat' dir='ltr'>loca</span> <span class='ocrx_word' id='word_1_375' title='bbox 972 2718 1040 2768; x_wconf 91' lang='lat' dir='ltr'>illi</span> <span class='ocrx_word' id='word_1_376' title='bbox 1080 2720 1318 2784; x_wconf 84' lang='lat' dir='ltr'>parallelo</span> <span class='ocrx_word' id='word_1_377' title='bbox 1358 2723 1538 2770; x_wconf 86' lang='lat' dir='ltr'>inserta</span> <span class='ocrx_word' id='word_1_378' title='bbox 1575 2726 1802 2781; x_wconf 84' lang='lat' dir='ltr'>transeat,</span> <span class='ocrx_word' id='word_1_379' title='bbox 1844 2727 2090 2785; x_wconf 87' lang='lat' dir='ltr'>spectator</span> <span class='ocrx_word' id='word_1_380' title='bbox 2115 2736 2231 2770; x_wconf 91' lang='lat' dir='ltr'>vero</span> <span class='ocrx_word' id='word_1_381' title='bbox 2270 2736 2366 2771; x_wconf 91' lang='lat' dir='ltr'>non</span> <span class='ocrx_word' id='word_1_382' title='bbox 2395 2721 2456 2769; x_wconf 88' lang='lat' dir='ltr'>sit</span> <span class='ocrx_word' id='word_1_383' title='bbox 2509 2766 2513 2774; x_wconf 91' lang='grc'>,</span> 
     </span>
    </p>
   </div>
   <div class='ocr_carea' id='block_1_16' title="bbox 207 2786 2514 2860">
    <p class='ocr_par' dir='ltr' id='par_1_19' title="bbox 207 2786 2514 2860">
     <span class='ocr_line' id='line_1_38' title="bbox 207 2786 2514 2860; baseline -0.002 -15"><span class='ocrx_word' id='word_1_384' title='bbox 207 2799 256 2845; x_wconf 90' lang='lat' dir='ltr'>in</span> <span class='ocrx_word' id='word_1_385' title='bbox 295 2796 546 2860; x_wconf 86' lang='lat' dir='ltr'>superficie</span> <span class='ocrx_word' id='word_1_386' title='bbox 585 2795 734 2857; x_wconf 88' lang='lat' dir='ltr'>globi,</span> <span class='ocrx_word' id='word_1_387' title='bbox 774 2794 858 2843; x_wconf 89' lang='lat' dir='ltr'>sed</span> <span class='ocrx_word' id='word_1_388' title='bbox 895 2796 1024 2842; x_wconf 88' lang='lat' dir='ltr'>intus</span> <span class='ocrx_word' id='word_1_389' title='bbox 1063 2794 1112 2840; x_wconf 92' lang='lat' dir='ltr'>in</span> <span class='ocrx_word' id='word_1_390' title='bbox 1150 2799 1338 2854; x_wconf 90' lang='lat' dir='ltr'>centro,</span> <span class='ocrx_word' id='word_1_391' title='bbox 1377 2793 1559 2842; x_wconf 88' lang='lat' dir='ltr'>habeat</span> <span class='ocrx_word' id='word_1_392' title='bbox 1596 2792 1898 2843; x_wconf 90' lang='lat' dir='ltr'>horizontem</span> <span class='ocrx_word' id='word_1_393' title='bbox 1937 2793 2222 2857; x_wconf 77' lang='lat' dir='ltr'>parallelum</span> <span class='ocrx_word' id='word_1_394' title='bbox 2261 2797 2334 2856; x_wconf 93' lang='lat' dir='ltr'>ei,</span> <span class='ocrx_word' id='word_1_395' title='bbox 2374 2793 2460 2855; x_wconf 82' lang='lat' dir='ltr'>qui</span> <span class='ocrx_word' id='word_1_396' title='bbox 2506 2786 2514 2814; x_wconf 62' lang='lat'>¹¹</span> 
     </span>
    </p>
   </div>
   <div class='ocr_carea' id='block_1_17' title="bbox 208 2865 2455 2932">
    <p class='ocr_par' dir='ltr' id='par_1_20' title="bbox 208 2865 2455 2932">
     <span class='ocr_line' id='line_1_39' title="bbox 208 2865 2455 2932; baseline -0.002 -14"><span class='ocrx_word' id='word_1_397' title='bbox 208 2873 365 2932; x_wconf 86' lang='lat' dir='ltr'>tangit</span> <span class='ocrx_word' id='word_1_398' title='bbox 416 2868 719 2932; x_wconf 87' lang='lat' dir='ltr'>superficiem</span> <span class='ocrx_word' id='word_1_399' title='bbox 762 2869 811 2914; x_wconf 86' lang='lat' dir='ltr'>in</span> <span class='ocrx_word' id='word_1_400' title='bbox 854 2865 966 2915; x_wconf 88' lang='lat' dir='ltr'>loeo</span> <span class='ocrx_word' id='word_1_401' title='bbox 1013 2867 1328 2929; x_wconf 86' lang='lat' dir='ltr'>spectatoris:</span> <span class='ocrx_word' id='word_1_402' title='bbox 1377 2872 1603 2915; x_wconf 83' lang='lat' dir='ltr'>nascetur</span> <span class='ocrx_word' id='word_1_403' title='bbox 1654 2865 1798 2929; x_wconf 88' lang='lat' dir='ltr'>plane</span> <span class='ocrx_word' id='word_1_404' title='bbox 1848 2866 2019 2915; x_wconf 88' lang='lat' dir='ltr'>eadem</span> <span class='ocrx_word' id='word_1_405' title='bbox 2068 2870 2279 2932; x_wconf 85' lang='lat' dir='ltr'>species,</span> <span class='ocrx_word' id='word_1_406' title='bbox 2331 2879 2455 2930; x_wconf 88' lang='lat' dir='ltr'>quae</span> 
     </span>
    </p>
   </div>
   <div class='ocr_carea' id='block_1_18' title="bbox 206 2934 2457 3007">
    <p class='ocr_par' dir='ltr' id='par_1_21' title="bbox 206 2934 2550 3007">
     <span class='ocr_line' id='line_1_40' title="bbox 206 2934 2457 3007; baseline -0.001 -18"><span class='ocrx_word' id='word_1_407' title='bbox 206 2944 365 3007; x_wconf 89' lang='lat' dir='ltr'>prius,</span> <span class='ocrx_word' id='word_1_408' title='bbox 406 2956 515 2990; x_wconf 89' lang='lat' dir='ltr'>cum</span> <span class='ocrx_word' id='word_1_409' title='bbox 552 2944 802 3004; x_wconf 88' lang='lat' dir='ltr'>ponimus,</span> <span class='ocrx_word' id='word_1_410' title='bbox 842 2937 1034 2989; x_wconf 86' lang='lat' dir='ltr'>stellam</span> <span class='ocrx_word' id='word_1_411' title='bbox 1072 2941 1122 2986; x_wconf 92' lang='lat' dir='ltr'>in</span> <span class='ocrx_word' id='word_1_412' title='bbox 1161 2934 1360 2987; x_wconf 91' lang='lat' dir='ltr'>sublimi</span> <span class='ocrx_word' id='word_1_413' title='bbox 1400 2939 1535 2988; x_wconf 89' lang='lat' dir='ltr'>coelo</span> <span class='ocrx_word' id='word_1_414' title='bbox 1574 2939 1839 3000; x_wconf 87' lang='lat' dir='ltr'>circumire,</span> <span class='ocrx_word' id='word_1_415' title='bbox 1878 2946 2200 3003; x_wconf 88' lang='lat' dir='ltr'>spectatorem</span> <span class='ocrx_word' id='word_1_416' title='bbox 2238 2942 2285 2987; x_wconf 91' lang='lat' dir='ltr'>in</span> <span class='ocrx_word' id='word_1_417' title='bbox 2323 2939 2457 3002; x_wconf 84' lang='lat' dir='ltr'>globi</span> 
     </span>
    </p>
   </div>
   <div class='ocr_carea' id='block_1_19' title="bbox 213 3014 644 3079">
    <p class='ocr_par' dir='ltr' id='par_1_22' title="bbox 213 3014 644 3079">
     <span class='ocr_line' id='line_1_41' title="bbox 213 3014 644 3079; baseline -0.002 -16"><span class='ocrx_word' id='word_1_418' title='bbox 213 3014 462 3079; x_wconf 85' lang='lat' dir='ltr'>superficie</span> <span class='ocrx_word' id='word_1_419' title='bbox 501 3019 644 3063; x_wconf 86' lang='lat' dir='ltr'>stare.</span> 
     </span>
    </p>
   </div>
   <div class='ocr_carea' id='block_1_20' title="bbox 364 3084 2458 3145">
    <p class='ocr_par' dir='ltr' id='par_1_23' title="bbox 364 3084 2552 3145">
     <span class='ocr_line' id='line_1_42' title="bbox 364 3084 2458 3145; baseline -0.001 -10"><span class='ocrx_word' id='word_1_420' title='bbox 364 3087 547 3135; x_wconf 81' lang='lat' dir='ltr'>Vellem</span> <span class='ocrx_word' id='word_1_421' title='bbox 599 3086 734 3134; x_wconf 85' lang='lat' dir='ltr'>hunc</span> <span class='ocrx_word' id='word_1_422' title='bbox 771 3099 952 3134; x_wconf 83' lang='lat' dir='ltr'>arcum</span> <span class='ocrx_word' id='word_1_423' title='bbox 1001 3084 1170 3132; x_wconf 79' lang='lat' dir='ltr'>stellae</span> <span class='ocrx_word' id='word_1_424' title='bbox 1208 3084 1284 3132; x_wconf 82' lang='lat' dir='ltr'>vel</span> <span class='ocrx_word' id='word_1_425' title='bbox 1314 3085 1497 3144; x_wconf 77' lang='lat' dir='ltr'>puncti</span> <span class='ocrx_word' id='word_1_426' title='bbox 1532 3086 1847 3145; x_wconf 78' lang='lat' dir='ltr'>superiorem</span> <span class='ocrx_word' id='word_1_427' title='bbox 1893 3098 1999 3134; x_wconf 81' lang='lat' dir='ltr'>non</span> <span class='ocrx_word' id='word_1_428' title='bbox 2037 3087 2224 3135; x_wconf 77' lang='lat' dir='ltr'>circino</span> <span class='ocrx_word' id='word_1_429' title='bbox 2260 3085 2458 3133; x_wconf 73' lang='lat' dir='ltr'>mecha-</span> 
     </span>
    </p>
   </div>
   <div class='ocr_carea' id='block_1_21' title="bbox 213 3155 2459 3294">
    <p class='ocr_par' dir='ltr' id='par_1_24' title="bbox 213 3155 2459 3294">
     <span class='ocr_line' id='line_1_43' title="bbox 213 3155 2457 3221; baseline 0 -15"><span class='ocrx_word' id='word_1_430' title='bbox 213 3161 338 3220; x_wconf 74' lang='lat' dir='ltr'>nice,</span> <span class='ocrx_word' id='word_1_431' title='bbox 375 3159 458 3206; x_wconf 79' lang='lat' dir='ltr'>sed</span> <span class='ocrx_word' id='word_1_432' title='bbox 493 3165 734 3207; x_wconf 77' lang='lat' dir='ltr'>accurato</span> <span class='ocrx_word' id='word_1_433' title='bbox 771 3158 964 3206; x_wconf 81' lang='lat' dir='ltr'>calculo</span> <span class='ocrx_word' id='word_1_434' title='bbox 1002 3157 1238 3205; x_wconf 79' lang='lat' dir='ltr'>dimetiri.</span> <span class='ocrx_word' id='word_1_435' title='bbox 1313 3155 1371 3203; x_wconf 90' lang='lat' dir='ltr'>Id</span> <span class='ocrx_word' id='word_1_436' title='bbox 1406 3155 1461 3204; x_wconf 89' lang='lat' dir='ltr'>fit</span> <span class='ocrx_word' id='word_1_437' title='bbox 1482 3169 1672 3207; x_wconf 76' lang='lat' dir='ltr'>rursum</span> <span class='ocrx_word' id='word_1_438' title='bbox 1709 3157 1758 3204; x_wconf 88' lang='lat' dir='ltr'>in</span> <span class='ocrx_word' id='word_1_439' title='bbox 1804 3158 1958 3219; x_wconf 82' lang='lat' dir='ltr'>primo</span> <span class='ocrx_word' id='word_1_440' title='bbox 1997 3156 2081 3206; x_wconf 92' lang='lat' dir='ltr'>illo</span> <span class='ocrx_word' id='word_1_441' title='bbox 2121 3159 2259 3221; x_wconf 84' lang='lat' dir='ltr'>primi</span> <span class='ocrx_word' id='word_1_442' title='bbox 2297 3163 2457 3206; x_wconf 81' lang='lat' dir='ltr'>motus</span> 
     </span>
     <span class='ocr_line' id='line_1_44' title="bbox 213 3228 2459 3294; baseline 0 -15"><span class='ocrx_word' id='word_1_443' title='bbox 213 3230 484 3292; x_wconf 89' lang='lat' dir='ltr'>triangulo,</span> <span class='ocrx_word' id='word_1_444' title='bbox 537 3230 668 3292; x_wconf 91' lang='lat' dir='ltr'>quod</span> <span class='ocrx_word' id='word_1_445' title='bbox 707 3237 781 3279; x_wconf 88' lang='lat' dir='ltr'>est</span> <span class='ocrx_word' id='word_1_446' title='bbox 816 3231 945 3279; x_wconf 57' lang='lat' dir='ltr'>interv</span> <span class='ocrx_word' id='word_1_447' title='bbox 977 3230 1168 3292; x_wconf 90' lang='lat' dir='ltr'>polum,</span> <span class='ocrx_word' id='word_1_448' title='bbox 1227 3230 1457 3281; x_wconf 84' lang='lat' dir='ltr'>verticem</span> <span class='ocrx_word' id='word_1_449' title='bbox 1506 3234 1555 3277; x_wconf 91' lang='lat' dir='ltr'>et</span> <span class='ocrx_word' id='word_1_450' title='bbox 1591 3228 1799 3282; x_wconf 79' lang='lat' dir='ltr'>stellam.</span> <span class='ocrx_word' id='word_1_451' title='bbox 1874 3230 2059 3278; x_wconf 89' lang='lat' dir='ltr'>Datum</span> <span class='ocrx_word' id='word_1_452' title='bbox 2107 3233 2233 3278; x_wconf 89' lang='lat' dir='ltr'>enim</span> <span class='ocrx_word' id='word_1_453' title='bbox 2271 3234 2459 3294; x_wconf 77' lang='lat' dir='ltr'>oportet</span> 
     </span>
    </p>
   </div>
   <div class='ocr_carea' id='block_1_22' title="bbox 215 3297 2535 3366">
    <p class='ocr_par' dir='ltr' id='par_1_25' title="bbox 215 3297 2535 3366">
     <span class='ocr_line' id='line_1_45' title="bbox 215 3297 2535 3366; baseline 0 -15"><span class='ocrx_word' id='word_1_454' title='bbox 215 3317 321 3352; x_wconf 90' lang='lat' dir='ltr'>esse</span> <span class='ocrx_word' id='word_1_455' title='bbox 357 3303 487 3350; x_wconf 90' lang='lat' dir='ltr'>latus</span> <span class='ocrx_word' id='word_1_456' title='bbox 523 3302 611 3350; x_wconf 92' lang='lat' dir='ltr'>PV</span> <span class='ocrx_word' id='word_1_457' title='bbox 657 3308 763 3361; x_wconf 84' lang='lat' dir='ltr'>(Fig.</span> <span class='ocrx_word' id='word_1_458' title='bbox 794 3306 872 3362; x_wconf 84' lang='lat'>37)</span> <span class='ocrx_word' id='word_1_459' title='bbox 911 3305 1034 3351; x_wconf 89' lang='lat' dir='ltr'>inter</span> <span class='ocrx_word' id='word_1_460' title='bbox 1071 3302 1238 3365; x_wconf 91' lang='lat' dir='ltr'>polum</span> <span class='ocrx_word' id='word_1_461' title='bbox 1274 3316 1500 3365; x_wconf 89' lang='lat' dir='ltr'>superum</span> <span class='ocrx_word' id='word_1_462' title='bbox 1539 3305 1588 3350; x_wconf 92' lang='lat' dir='ltr'>et</span> <span class='ocrx_word' id='word_1_463' title='bbox 1627 3297 1879 3363; x_wconf 87' lang='lat' dir='ltr'>verticem,</span> <span class='ocrx_word' id='word_1_464' title='bbox 1925 3302 2054 3350; x_wconf 89' lang='lat' dir='ltr'>latus</span> <span class='ocrx_word' id='word_1_465' title='bbox 2092 3301 2170 3351; x_wconf 87' lang='lat' dir='ltr'>PS</span> <span class='ocrx_word' id='word_1_466' title='bbox 2207 3303 2332 3352; x_wconf 87' lang='lat' dir='ltr'>inter</span> <span class='ocrx_word' id='word_1_467' title='bbox 2367 3315 2460 3366; x_wconf 83' lang='lat' dir='ltr'>po·-</span> <span class='ocrx_word' id='word_1_468' title='bbox 2520 3316 2535 3324; x_wconf 74' lang='grc'><strong><em>’</em></strong></span> 
     </span>
    </p>
   </div>
   <div class='ocr_carea' id='block_1_23' title="bbox 214 3373 2458 3438">
    <p class='ocr_par' dir='ltr' id='par_1_26' title="bbox 214 3373 2458 3438">
     <span class='ocr_line' id='line_1_46' title="bbox 214 3373 2458 3438; baseline 0 -16"><span class='ocrx_word' id='word_1_469' title='bbox 214 3374 317 3425; x_wconf 90' lang='lat' dir='ltr'>lum</span> <span class='ocrx_word' id='word_1_470' title='bbox 362 3380 410 3423; x_wconf 90' lang='lat' dir='ltr'>et</span> <span class='ocrx_word' id='word_1_471' title='bbox 460 3374 650 3422; x_wconf 89' lang='lat' dir='ltr'>stellam</span> <span class='ocrx_word' id='word_1_472' title='bbox 697 3375 916 3436; x_wconf 89' lang='lat' dir='ltr'>ejusdem</span> <span class='ocrx_word' id='word_1_473' title='bbox 954 3374 1322 3438; x_wconf 89' lang='lat' dir='ltr'>hemisphaerii,</span> <span class='ocrx_word' id='word_1_474' title='bbox 1376 3373 1506 3436; x_wconf 90' lang='lat' dir='ltr'>quod</span> <span class='ocrx_word' id='word_1_475' title='bbox 1545 3380 1619 3423; x_wconf 86' lang='lat' dir='ltr'>est</span> <span class='ocrx_word' id='word_1_476' title='bbox 1665 3373 2069 3437; x_wconf 89' lang='lat' dir='ltr'>complementum</span> <span class='ocrx_word' id='word_1_477' title='bbox 2108 3374 2458 3434; x_wconf 84' lang='lat' dir='ltr'>declinationis,</span> 
     </span>
    </p>
   </div>
   <div class='ocr_carea' id='block_1_24' title="bbox 216 3445 2554 3512">
    <p class='ocr_par' dir='ltr' id='par_1_27' title="bbox 216 3445 2554 3512">
     <span class='ocr_line' id='line_1_47' title="bbox 216 3445 2554 3512; baseline 0 -17"><span class='ocrx_word' id='word_1_478' title='bbox 216 3447 423 3509; x_wconf 86' lang='lat' dir='ltr'>denique</span> <span class='ocrx_word' id='word_1_479' title='bbox 459 3446 588 3494; x_wconf 89' lang='lat' dir='ltr'>latus</span> <span class='ocrx_word' id='word_1_480' title='bbox 627 3445 710 3494; x_wconf 90' lang='lat' dir='ltr'>VS</span> <span class='ocrx_word' id='word_1_481' title='bbox 749 3447 873 3496; x_wconf 87' lang='lat' dir='ltr'>inter</span> <span class='ocrx_word' id='word_1_482' title='bbox 909 3450 1140 3496; x_wconf 80' lang='lat' dir='ltr'>verticem</span> <span class='ocrx_word' id='word_1_483' title='bbox 1180 3454 1228 3495; x_wconf 92' lang='lat' dir='ltr'>et</span> <span class='ocrx_word' id='word_1_484' title='bbox 1253 3446 1459 3507; x_wconf 89' lang='lat' dir='ltr'>stellam,</span> <span class='ocrx_word' id='word_1_485' title='bbox 1499 3445 1630 3510; x_wconf 87' lang='lat' dir='ltr'>quod</span> <span class='ocrx_word' id='word_1_486' title='bbox 1657 3451 1730 3496; x_wconf 90' lang='lat' dir='ltr'>est</span> <span class='ocrx_word' id='word_1_487' title='bbox 1765 3461 1954 3509; x_wconf 91' lang='lat' dir='ltr'>semper</span> <span class='ocrx_word' id='word_1_488' title='bbox 1980 3446 2239 3510; x_wconf 89' lang='lat' dir='ltr'>quadrans,</span> <span class='ocrx_word' id='word_1_489' title='bbox 2279 3449 2477 3512; x_wconf 71' lang='lat' dir='ltr'>quippe</span> <span class='ocrx_word' id='word_1_490' title='bbox 2550 3470 2554 3502; x_wconf 60' lang='grc' dir='ltr'><strong><em>ε</em></strong></span> 
     </span>
    </p>
   </div>
   <div class='ocr_carea' id='block_1_25' title="bbox 217 3518 2462 3584">
    <p class='ocr_par' dir='ltr' id='par_1_28' title="bbox 217 3518 2462 3584">
     <span class='ocr_line' id='line_1_48' title="bbox 217 3518 2462 3584; baseline -0.001 -15"><span class='ocrx_word' id='word_1_491' title='bbox 217 3534 326 3569; x_wconf 91' lang='lat' dir='ltr'>cum</span> <span class='ocrx_word' id='word_1_492' title='bbox 366 3518 509 3569; x_wconf 88' lang='lat' dir='ltr'>stella</span> <span class='ocrx_word' id='word_1_493' title='bbox 545 3518 638 3566; x_wconf 93' lang='lat' dir='ltr'>hoc</span> <span class='ocrx_word' id='word_1_494' title='bbox 677 3519 726 3564; x_wconf 89' lang='lat' dir='ltr'>iu</span> <span class='ocrx_word' id='word_1_495' title='bbox 763 3533 990 3581; x_wconf 83' lang='lat' dir='ltr'>processu</span> <span class='ocrx_word' id='word_1_496' title='bbox 1029 3533 1217 3584; x_wconf 88' lang='lat' dir='ltr'>semper</span> <span class='ocrx_word' id='word_1_497' title='bbox 1254 3521 1318 3570; x_wconf 88' lang='lat' dir='ltr'>sit</span> <span class='ocrx_word' id='word_1_498' title='bbox 1354 3522 1404 3567; x_wconf 92' lang='lat' dir='ltr'>in</span> <span class='ocrx_word' id='word_1_499' title='bbox 1444 3525 1550 3568; x_wconf 90' lang='lat' dir='ltr'>ortu</span> <span class='ocrx_word' id='word_1_500' title='bbox 1589 3518 1671 3567; x_wconf 88' lang='lat' dir='ltr'>vel</span> <span class='ocrx_word' id='word_1_501' title='bbox 1708 3532 1887 3567; x_wconf 89' lang='lat' dir='ltr'>occasu</span> <span class='ocrx_word' id='word_1_502' title='bbox 1909 3519 2152 3583; x_wconf 87' lang='lat' dir='ltr'>ponenda.</span> <span class='ocrx_word' id='word_1_503' title='bbox 2208 3521 2281 3568; x_wconf 82' lang='lat' dir='ltr'>Ex</span> <span class='ocrx_word' id='word_1_504' title='bbox 2305 3521 2462 3569; x_wconf 78' lang='lat' dir='ltr'>tribus</span> 
     </span>
    </p>
   </div>
   <div class='ocr_carea' id='block_1_26' title="bbox 216 3591 2554 3729">
    <p class='ocr_par' dir='ltr' id='par_1_29' title="bbox 216 3591 2554 3729">
     <span class='ocr_line' id='line_1_49' title="bbox 216 3591 2554 3656; baseline 0 -16"><span class='ocrx_word' id='word_1_505' title='bbox 216 3593 294 3640; x_wconf 91' lang='lat' dir='ltr'>his</span> <span class='ocrx_word' id='word_1_506' title='bbox 332 3591 657 3656; x_wconf 89' lang='lat' dir='ltr'>praecognitis</span> <span class='ocrx_word' id='word_1_507' title='bbox 696 3593 944 3652; x_wconf 89' lang='lat' dir='ltr'>quaeritur</span> <span class='ocrx_word' id='word_1_508' title='bbox 980 3592 1106 3641; x_wconf 88' lang='lat' dir='ltr'>VPS</span> <span class='ocrx_word' id='word_1_509' title='bbox 1144 3592 1351 3653; x_wconf 89' lang='lat' dir='ltr'>angulus</span> <span class='ocrx_word' id='word_1_510' title='bbox 1390 3591 1452 3643; x_wconf 88' lang='lat' dir='ltr'>ad</span> <span class='ocrx_word' id='word_1_511' title='bbox 1491 3592 1682 3655; x_wconf 86' lang='lat' dir='ltr'>polum,</span> <span class='ocrx_word' id='word_1_512' title='bbox 1735 3593 1939 3646; x_wconf 86' lang='lat' dir='ltr'>metiens</span> <span class='ocrx_word' id='word_1_513' title='bbox 1985 3607 2149 3642; x_wconf 90' lang='lat' dir='ltr'>arcum</span> <span class='ocrx_word' id='word_1_514' title='bbox 2185 3592 2275 3643; x_wconf 89' lang='lat' dir='ltr'>SM</span> <span class='ocrx_word' id='word_1_515' title='bbox 2312 3593 2459 3641; x_wconf 85' lang='lat' dir='ltr'>semi·-</span> <span class='ocrx_word' id='word_1_516' title='bbox 2550 3619 2554 3629; x_wconf 58' lang='grc' dir='ltr'>ι</span> 
     </span>
     <span class='ocr_line' id='line_1_50' title="bbox 218 3654 2554 3729; baseline 0 -17"><span class='ocrx_word' id='word_1_517' title='bbox 218 3664 439 3712; x_wconf 89' lang='lat' dir='ltr'>diurnum</span> <span class='ocrx_word' id='word_1_518' title='bbox 491 3661 677 3711; x_wconf 90' lang='lat' dir='ltr'>stellae.</span> <span class='ocrx_word' id='word_1_519' title='bbox 755 3662 877 3710; x_wconf 82' lang='lat' dir='ltr'>Cum</span> <span class='ocrx_word' id='word_1_520' title='bbox 928 3677 1040 3725; x_wconf 91' lang='lat' dir='ltr'>ergo</span> <span class='ocrx_word' id='word_1_521' title='bbox 1092 3664 1352 3713; x_wconf 89' lang='lat' dir='ltr'>declinatio</span> <span class='ocrx_word' id='word_1_522' title='bbox 1402 3668 1467 3714; x_wconf 91' lang='lat' dir='ltr'>sit</span> <span class='ocrx_word' id='word_1_523' title='bbox 1504 3666 1657 3714; x_wconf 85' lang='lat' dir='ltr'>minor</span> <span class='ocrx_word' id='word_1_524' title='bbox 1694 3663 1952 3714; x_wconf 89' lang='lat' dir='ltr'>altitudine</span> <span class='ocrx_word' id='word_1_525' title='bbox 1989 3667 2272 3729; x_wconf 88' lang='lat' dir='ltr'>aequatoris</span> <span class='ocrx_word' id='word_1_526' title='bbox 2316 3654 2477 3729; x_wconf 78' lang='lat' dir='ltr'>(alias.</span> <span class='ocrx_word' id='word_1_527' title='bbox 2550 3683 2554 3691; x_wconf 62' lang='lat'><strong>⁴</strong></span> 
     </span>
    </p>
   </div>
   <div class='ocr_carea' id='block_1_27' title="bbox 214 3731 2187 3802">
    <p class='ocr_par' dir='ltr' id='par_1_30' title="bbox 214 3731 2187 3802">
     <span class='ocr_line' id='line_1_51' title="bbox 214 3731 2187 3802; baseline 0.002 -17"><span class='ocrx_word' id='word_1_528' title='bbox 214 3751 312 3786; x_wconf 92' lang='lat' dir='ltr'>non</span> <span class='ocrx_word' id='word_1_529' title='bbox 351 3741 565 3786; x_wconf 88' lang='lat' dir='ltr'>oreretur</span> <span class='ocrx_word' id='word_1_530' title='bbox 603 3733 940 3798; x_wconf 89' lang='lat' dir='ltr'>occideretque</span> <span class='ocrx_word' id='word_1_531' title='bbox 978 3735 1132 3798; x_wconf 88' lang='lat' dir='ltr'>stella,</span> <span class='ocrx_word' id='word_1_532' title='bbox 1172 3743 1227 3787; x_wconf 91' lang='lat' dir='ltr'>ut</span> <span class='ocrx_word' id='word_1_533' title='bbox 1261 3739 1393 3802; x_wconf 84' lang='lat' dir='ltr'>prius</span> <span class='ocrx_word' id='word_1_534' title='bbox 1434 3731 1634 3802; x_wconf 84' lang='lat' dir='ltr'>dietum)</span> <span class='ocrx_word' id='word_1_535' title='bbox 1670 3750 1925 3801; x_wconf 86' lang='lat' dir='ltr'>processus</span> <span class='ocrx_word' id='word_1_536' title='bbox 1961 3739 2017 3787; x_wconf 82' lang='lat' dir='ltr'>fit</span> <span class='ocrx_word' id='word_1_537' title='bbox 2051 3738 2187 3789; x_wconf 85' lang='lat' dir='ltr'>talis:</span> 
     </span>
    </p>
   </div>
  </div>
 </body>
</html>
