2554 4140
832 120 973 166 Liber
1002 119 1186 166 Sextus.
1246 119 1360 165 Pars
1391 118 1573 175 Quinta.
2045 107 2048 111 ⁴
2215 121 2329 191 *515

37 269 316 332 ,eclipsinm
354 269 401 315 in
439 268 590 316 variis
626 267 750 316 locis
789 269 1069 319 observatio
1109 283 1267 332 exque
1307 269 1734 318 observationibus
1762 269 2061 332 computatio
2101 268 2205 318 'veri
2231 266 2347 317 loci-

66 341 233 391 Lunae
271 340 335 390 ad
373 348 564 403 tempus
603 343 989 405 uniuscnjusque
1027 342 1140 391 loci.

209 417 257 463 2.
306 413 362 461 In
412 423 586 476 genere
638 414 842 476 eclipses
881 416 1190 464 luminarium
1241 420 1354 463 sunt
1390 412 1668 477 paedagogi
1719 414 1782 462 ad
1823 414 2106 464 discendum
2144 419 2330 463 motum

67 495 116 537 et
160 486 467 535 altitudinem
510 486 679 535 Lunae
729 503 758 535 a
803 487 968 537 Terra.
1044 489 1275 537 Vicissim
1330 489 1380 534 in
1436 485 1625 534 theoria
1664 486 1833 535 Lunae
1886 490 2151 536 astronomi
2189 486 2328 535 rudi-

63 565 225 609 menta
261 559 411 608 edunt
448 561 599 609 totius
638 561 933 622 cognitionis
972 563 1316 610 astronomiae.
1392 559 1517 608 Nam
1560 564 1721 607 motus
1761 559 1930 609 Lunae
1968 563 2152 623 passim
2188 561 2331 610 nobis

62 632 344 697 praelucent
382 632 443 679 ad
484 634 741 681 veritatem
780 633 1027 683 doctrinae
1068 634 1126 683 de
1165 634 1379 682 motibus
1417 638 1686 681 ceterorum
1726 634 1872 680 etiam
1911 633 2232 695 planetarum.

26 749 32 756 .
210 707 256 753 3.
310 705 398 752 Est
439 706 585 753 etiam
622 705 766 755 Luna
804 707 957 755 veluti
995 709 1180 770 primus
1219 705 1400 769 gradus
1449 707 1498 752 in
1537 704 1672 753 scala
1709 705 2002 765 mundana,⁴
2035 709 2150 768 quia
2202 706 2330 755 orbis

10 825 14 827 .
64 779 232 828 Lunae
273 784 346 826 est
383 778 599 826 medium
636 779 1000 842 proportionale
1039 782 1164 829 inter
1202 779 1403 842 globum
1442 778 1622 827 Terrae
1663 783 1711 826 et
1751 779 1914 826 orbem
1956 778 2086 827 Solis
2124 794 2210 828 seu
2250 793 2333 827 or-
2416 783 2421 785 “

64 853 171 901 bem
210 865 454 913 magnum,
495 858 550 899 ut
590 852 972 901 demonstratum
1012 859 1087 901 est
1123 853 1249 901 libro
1284 853 1534 914 Epitomes
1574 851 1662 899 IV.
1703 851 1802 899 fol.-
1828 853 1948 899 327.
2027 849 2171 900 Orbis
2210 866 2329 902 vero

62 925 266 987 magnus
317 931 391 972 est
441 924 655 973 medium
706 926 1072 988 proportionale
1130 927 1256 974 inter
1304 926 1551 988 proximas
1594 923 1894 986 ‚superficies
1946 924 2225 972 inferiorum
2283 929 2331 973 et

47 999 362 1060 superiorum
399 997 670 1046 mobilium.
747 998 822 1046 De
862 1013 959 1061 quo
998 998 1112 1046 vide
1150 998 1474 1046 Harmonices
1512 996 1687 1045 Mundi
1726 997 1902 1045 librum
1942 997 2002 1044 V.
2045 997 2136 1045 sub
2170 997 2330 1046 finem.

66 1069 207 1120 Orbis
247 1069 456 1132 denique
495 1069 695 1119 ultimus
733 1071 989 1133 mobilium
1038 1086 1124 1120 seu
1165 1071 1363 1120 Saturni
1415 1076 1487 1120 est
1532 1069 1745 1119 medium
1796 1070 2163 1133 proportionale
2209 1071 2333 1119 inter

43 1157 236 1206 *corpus
275 1142 405 1192 Solis
446 1150 494 1191 et
532 1144 788 1206 sphaeram
829 1143 1061 1203 fixarum,
1102 1143 1217 1192 vide
1258 1144 1384 1206 Epit.
1427 1144 1550 1192 libro
1588 1143 1678 1191 IV.
1718 1142 1802 1193 fol.
1846 1145 1949 1192 332
1989 1158 2028 1191 s,

148 1251 155 1258 .
207 1217 255 1263 4.
307 1217 535 1278 Denique
574 1219 678 1265 sinc
716 1219 995 1280 cognitione
1034 1219 1363 1266 astronomiae
1410 1231 1499 1267 seu
1537 1216 1793 1266 machinae
1831 1216 2108 1286 mundanae
2156 1230 2334 1265 secun-

7 1286 29 1305 ·’
65 1288 176 1339 dum
215 1304 383 1338 omnes
422 1295 585 1352 partes
623 1304 800 1339 manca
838 1296 912 1338 est
946 1292 1103 1339 omnis
1143 1291 1357 1353 cognitio
1395 1282 1615 1354 physica,
1656 1289 1896 1339 nulla.est
1936 1291 2150 1352 cognitio
2174 1296 2334 1338 meta-

0 1362 277 1427 thysica.
352 1362 430 1410 Ita
477 1378 563 1425 per
611 1362 734 1412 haec
781 1363 976 1412 horrida
1021 1363 1332 1413 luminarium
1388 1368 1529 1426 παθη
1578 1363 1872 1426 laboresque
1923 1364 2062 1412 initio
2102 1377 2334 1412 ascensus

37 1434 222 1496 tacto,
275 1435 470 1484 tandem
510 1438 821 1498 pervenimus
861 1436 924 1486 ad
963 1436 1334 1500 sublimissima,
1377 1436 1535 1485 Deum
1577 1442 1842 1486 creatorem
1884 1443 2234 1500 cognoscentes
2274 1451 2334 1486 cx

51 1509 183 1559 ‘libro
220 1515 422 1558 naturae
462 1510 792 1573 operibusque
831 1525 1064 1559 manuum
1105 1510 1227 1573 ejus.

359 1625 458 1675 IX.
511 1625 599 1676 De
639 1625 1022 1676 harmonicis
1061 1633 1341 1676 motuum
1380 1621 2031 1690 proportionibusffl)

214 1726 353 1776 Unde
390 1730 711 1791 coynoscitur
748 1729 975 1777 celeritas
1011 1731 1091 1777 vel
1128 1730 1346 1778 tarditas
1383 1735 1548 1778 motus
1573 1728 1909 1791 apparentis?
1946 1728 2018 1775 Ex
2059 1730 2332 1791 quantitate

62 1813 217 1862 neus,
257 1815 402 1863 quem
438 1801 640 1864 planeta
679 1799 873 1850 conficit
909 1803 958 1849 in
997 1817 1096 1851 una
1135 1803 1211 1851 die
1251 1802 1331 1851 vel
1368 1801 1488 1850 hora
1527 1803 1759 1864 temporis
1810 1802 2072 1864 propositi,
2126 1801 2220 1850 hoc
2261 1807 2334 1851 est

10 1925 15 1929 ,
73 1889 132 1925 ex
171 1877 534 1937 comparatione
574 1874 857 1923 diurnorum
896 1874 976 1924 vel
1014 1875 1334 1924 horariorum.

26 1943 35 1948 “
206 1949 575 2010 quotupliciter
625 1948 940 1997 considerari
981 1955 1196 2010 possunt
1234 1949 1593 2010 proportiones
1642 1947 1990 2006 diurnorum?
2042 1946 2332 2010 Dupliciter,

66 2026 122 2071 nt
141 2027 258 2069 sunt
294 2020 419 2070 duae
444 2022 754 2085 planetarum
780 2022 1175 2084 inaequalitates
1254 2021 1354 2069 Aut
1391 2022 1540 2083 igitur
1565 2019 1933 2069 considerantur
1972 2020 2129 2068 diurni
2156 2035 2359 2084 secun--

68 2091 180 2144 flam
218 2096 423 2157 primam
463 2094 620 2144 solam
658 2094 1084 2157 inaequalitatem,
1127 2096 1295 2158 quanti
1335 2094 1521 2143 scilicet
1560 2100 1827 2157 appareant
1867 2094 2009 2142 oculo
2047 2107 2135 2157 per
2172 2092 2334 2142 fictio-

65 2179 171 2215 nem
208 2169 256 2214 in
295 2173 457 2216 centro
490 2167 621 2216 Solis
661 2167 917 2229 collocate,
957 2174 1043 2216 aut
1081 2167 1450 2218 considerantur
1488 2165 2053 2230 secundum'utramque
2091 2168 2334 2229 inaequa-

66 2237 266 2301 litatem,
307 2243 476 2302 quanti
516 2248 787 2305 appareant
825 2242 904 2290 hic
943 2242 991 2288 in
1030 2241 1208 2291 Terris

212 2314 358 2375 Quod
401 2320 470 2362 est
519 2315 790 2363 discrimen
835 2316 1026 2364 harum
1072 2316 1299 2363 duarum
1339 2312 1806 2364 considerationum
1845 2319 2072 2376 respectu
2110 2318 2337 2377 contem-

64 2389 338 2448 perationis
393 2387 765 2437 harmonicae?
836 2388 893 2436 In
951 2389 1100 2451 priori
1156 2388 1298 2436 certis
1355 2387 1566 2449 planetis
1622 2388 1945 2442 harmonicae·
1990 2387 2332 2450 proportiones

70 2463 225 2509 certae
263 2465 376 2516 sunt
412 2462 694 2522 attributae,
732 2462 781 2508 in
819 2463 1105 2524 posteriori,
1147 2475 1256 2509 cum
1294 2458 1521 2522 planetae
1560 2460 1681 2510 fiant
1717 2453 2022 2521 stationarii,
2074 2458 2333 2523 perdentes

69 2543 253 2581 omnem
292 2539 478 2582 motum
517 2540 859 2597 apparentem,
910 2548 1079 2583 omnes
1117 2535 1266 2597 igitur
1302 2533 1584 2583 harmoniae
1626 2534 1853 2583 omnibus
1894 2535 2192 2582 conveniunt
2229 2533 2334 2581 sine

69 2601 351 2655 discrimine.
427 2607 761 2656 Veruntamen
812 2609 946 2670 prior
996 2607 1084 2656 illa
1133 2611 1220 2655 aut
1263 2620 1352 2655 nos
1391 2606 1643 2656 terricolas
1695 2606 1816 2654 nihil
1853 2607 2055 2666 attinet,
2111 2620 2219 2654 cum
2272 2606 2337 2653 sit

66 2674 257 2739 solaris,
297 2687 383 2728 aut
421 2686 548 2730 certe
587 2680 935 2729 intellectualis
973 2679 1312 2730 tantummodo
1353 2685 1453 2742 est,
1505 2681 1601 2728 ista
1646 2693 1765 2729 vero
1817 2693 1876 2728 ex
1915 2678 2066 2727 Terra
2113 2682 2336 2741 spectata

69 2754 227 2814 potest
255 2754 402 2801 etiam
428 2768 537 2803 esse
575 2753 818 2803 sensualis
855 2755 905 2801 in
932 2754 1101 2815 Terra,
1139 2751 1358 2815 intellige
1384 2755 1468 2815 sic,
1511 2751 1643 2816 quod
1682 2752 1916 2815 astrologi
1943 2751 2135 2814 possint
2171 2755 2335 2799 atten-

69 2819 193 2884 dere,
233 2839 330 2886 quo
371 2832 589 2889 tempore
629 2828 890 2890 contingit,
941 2833 1103 2875 motus
1142 2826 1449 2890 planetarum
1486 2841 1573 2889 per
1610 2826 1915 2874 harmoniam
1964 2824 2332 2885 contemperari,

67 2900 179 2952 num
227 2898 333 2960 ejus
387 2902 847 2963 contemperationis
899 2900 1079 2964 aliquis
1126 2901 1190 2949 sit
1237 2900 1439 2948 effectus
1491 2901 1539 2947 in
1577 2900 1831 2958 meteoriS,
1885 2898 2028 2946 sicuti
2081 2896 2336 2958 diligentia

70 2975 180 3016 sunt
216 2969 312 3019 hoc
350 2974 627 3033 consecuti,
668 2979 722 3021 ut
759 2975 946 3035 sciant,
989 2987 1087 3036 quo
1128 2979 1345 3035 tempore
1382 2971 1611 3034 planetae
1651 2971 2016 3034 configurantur
2054 2969 2334 3019 harmonice

68 3042 249 3091 ratione
288 3045 429 3106 situs,
468 3051 585 3094 tunc
621 3047 934 3107 potissimum
974 3047 1163 3095 incitari
1203 3052 1443 3094 naturam.

209 3118 339 3177 Quot
373 3124 492 3166 sunt
525 3121 884 3179 proportiones
921 3118 1285 3168 harmonicae?
1336 3117 1651 3181 Compositae
1693 3114 1891 3179 quidem
1945 3120 2058 3164 sunt
2095 3114 2347 3176 infinitae,

68 3184 306 3250 simplices
362 3205 478 3239 vero
529 3199 643 3239 sunt
691 3195 828 3239 octo:
884 3193 1078 3239 unisoni
1127 3193 1254 3241 inter
1290 3205 1430 3240 arcus
1476 3189 1732 3252 aequales,
1783 3189 1954 3238 tertiae
2005 3186 2168 3237 mollis
2196 3190 2336 3238 'inter

69 3270 218 3320 arcus,
258 3263 340 3324 qui
376 3263 559 3312 habent
596 3265 961 3326 proportionem
1001 3264 1061 3312 ad
1103 3279 1154 3313 se
1193 3269 1379 3325 mutue,
1422 3278 1549 3326 quae
1590 3268 1664 3311 est
1701 3263 1825 3310 inter
1863 3275 2091 3311 numeros
2134 3262 2162 3310 6
2205 3267 2253 3311 et
2285 3261 2330 3322 5,

72 3334 236 3382 tertiae
261 3334 423 3385 durae
475 3339 598 3385 inter
641 3337 668 3384 5
710 3342 757 3385 et
797 3338 854 3397 4,
909 3337 1213 3386 diatessaron
1253 3337 1377 3384 inter
1416 3338 1448 3383 4
1489 3340 1538 3385 et
1578 3336 1634 3394 3,
1690 3334 1919 3399 diapente
1957 3335 2099 3385 inter
2123 3335 2151 3383 3
2194 3339 2243 3384 et
2283 3337 2332 3396 2,

72 3411 232 3455 sextae
268 3408 429 3457 mollis
470 3411 608 3458 inter
633 3411 662 3458 8
704 3415 753 3458 et
794 3410 839 3470 5,
879 3415 1047 3458 sextae
1087 3409 1237 3458 durae
1277 3410 1400 3456 inter
1442 3408 1470 3456 5
1512 3413 1560 3457 et
1600 3410 1646 3469 3,
1689 3407 1932 3478 diapason
1957 3409 2084 3459 inter
2123 3410 2153 3456 2
2195 3413 2243 3458 et
2287 3409 2331 3455 1

67 3472 254 3527 Causas
293 3486 341 3529 et
378 3488 536 3531 ortum
575 3497 741 3532 earum
780 3481 892 3530 vide
930 3481 1054 3530 libro
1093 3481 1186 3532 111.
1229 3480 1543 3529 Harmoniae

208 3554 345 3612 Quae
381 3557 516 3603 ratio
555 3563 623 3604 est
671 3557 1042 3618 compositionis
1088 3553 1528 3602 harmoniarum?
1582 3553 1684 3601 Etsi
1739 3552 1911 3604 harum
1959 3558 2070 3603 octo
2121 3557 2333 3616 quatuor

68 3622 251 3708 possint
286 3627 433 3675 etiam
473 3627 569 3677 dici
608 3630 908 3691 compositae
948 3628 1150 3690 (quippe
1191 3626 1425 3689 diapason
1467 3626 1675 3675 solvitur
1713 3627 1763 3673 in
1801 3625 1997 3676 tertiam
2036 3633 2084 3674 et
2123 3631 2330 3684 sextam,

69 3691 147 3742 vel
190 3696 237 3742 in
276 3696 501 3761 diapente
553 3707 600 3750 et
639 3702 968 3760 diatessaron,
1020 3705 1197 3748 sexta
1212 3701 1260 3746 in
1308 3700 1499 3747 tertiam
1540 3704 1587 3748 et
1626 3697 1956 3760 diatessaron,
2010 3698 2239 3761 diapente
2280 3699 2327 3743 in

69 3767 278 3830 tertias),
315 3774 511 3835 proprie
550 3779 710 3824 tamen
751 3774 1052 3836 compositae
1093 3772 1333 3832 dicuntur,
1375 3770 1573 3834 quando
1612 3786 1721 3821 cum
1748 3787 1847 3822 una
1887 3771 2178 3835 simplicium
2208 3783 2331 3817 con-

63 3833 280 3901 iungitur
314 3857 414 3893 una
451 3845 530 3895 vel
567 3846 731 3910 plures
771 3846 1033 3910 diapason:
1090 3851 1144 3893 ut
1191 3851 1266 3894 est
1317 3843 1555 3908 diapason
1608 3845 1916 3911 epidiapente
1957 3846 2081 3894 inter
2121 3846 2150 3893 3
2192 3848 2240 3891 et
2284 3845 2331 3892 1.

1817 3932 1944 3982 33⁹*
