2554 4140
803 1062 1138 1186 LIBRI
1210 961 1619 1186 mm
1722 1239 1730 1248 x

956 1287 1129 1338 PARS
1169 1285 1442 1350 QUINTA.

76 1443 166 1542 DE
219 1442 663 1513 APPARITIONE
718 1445 809 1513 ET
875 1444 1392 1515 occULTATloNE
1440 1443 1754 1513 SIDERUM
1817 1446 1948 1540 PER
1988 1419 2351 1513 *D1VERSAS'

963 1534 1127 1618 ANNI
1171 1547 1456 1618 PARTES.

1113 1725 1304 1736 -——-

858 1845 953 1894 De
1003 1859 1184 1894 anno
1237 1845 1550 1895 sidere0.

223 1943 482 1992 Hactenus
519 1943 579 1992 de
615 1959 757 1995 anno
795 1949 1009 1995 vertenti
1045 1962 1132 1996 seu
1169 1950 1388 2010 tropico,
1430 1949 1546 2008 jam
1585 1948 1740 1995 etiam
1777 1944 1837 1992 de
1882 1943 2073 1993 sidereo
2110 1957 2341 2006 cyamus,

78 2013 140 2063 de
174 2030 281 2078 quo
311 2019 487 2079 primo
526 2032 733 2081 quaero,
776 2034 848 2068 an
885 2035 992 2070 non
1028 2023 1093 2069 sit
1129 2021 1348 2080 ejusdem
1387 2020 1724 2083 lonyitudinis
1760 2033 1878 2067 cum
1916 2022 2057 2067 anno
2094 2015 2349 2085 vertente?

77 2086 188 2136 Non
227 2095 301 2138 est
338 2089 558 2152 eJusdem
599 2106 707 2140 cum
753 2107 812 2142 eo
850 2092 1204 2157 longitudinis,
1244 2093 1332 2143 sed
1368 2095 1518 2157 paulo
1556 2092 1778 2156 longior:
1820 2090 1994 2141 stellae
2033 2091 2177 2152 enim‘,
2217 2103 2341 2153 quas

7 2183 9 2231 ς
38 2225 42 2229 .
81 2174 170 2224 pro
206 2169 339 2211 meta
374 2163 523 2226 hujus
560 2167 676 2214 anni
711 2167 966 2228 ponimus,
1016 2166 1254 2231 paulatim
1297 2172 1490 2216 mutant
1525 2166 1638 2215 loca
1675 2181 1766 2214 sua
1810 2170 2035 2228 respectu
2074 2162 2344 2226 ecliptieae,

54 2239 129 2283 et
166 2235 375 2284 circulus
412 2251 499 2299 per
534 2238 678 2302 polos
716 2239 971 2303 eclipticae
1003 2246 1073 2291 .et
1108 2240 1302 2291 stellam
1353 2245 1490 2290 secat
1528 2240 1806 2304 eclipticam
1843 2252 2036 2301 semper
2083 2237 2279 2300 longius
2318 2250 2349 2284 a

10 2322 13 2379 [
79 2316 263 2371 puncto
300 2310 531 2359 sectionis
569 2311 677 2375 ejus
713 2326 823 2361 cum
862 2319 1144 2376 aequatore.

226 2381 484 2431 Putabam
520 2399 625 2450 eqo,
659 2385 789 2448 fiaeas
822 2387 966 2448 apud
994 2376 1330 2450 Copernicum
1367 2401 1483 2440 vere
1507 2386 1563 2435 id
1597 2400 1709 2447 esse,
1749 2385 1887 2449 quod
1909 2385 2152 2434 dicuntur
2160 2399 2181 2445 ‚-
2217 2397 2347 2431 num

85 2455 246 2515 iyitur
281 2457 437 2504 etiam
473 2456 589 2506 illae
625 2460 932 2508 moventur?
981 2459 1208 2521 Minime,
1254 2459 1350 2509 sed
1399 2460 1693 2523 principium
1743 2458 2096 2507 numerationis
2134 2458 2347 2519 partium

14 2543 17 2557 ³
78 2524 295 2588 zodiaci,
332 2542 419 2577 sen
457 2531 609 2579 sectio
649 2531 754 2593 ejus
781 2546 891 2581 cum
928 2539 1196 2596 aequatore
1235 2533 1449 2582 vernalis
1488 2539 1715 2581 movetur
1751 2538 2029 2581 retrorsum.
2107 2529 2349 2577 Punctum

16 2614 17 2643 1
79 2599 227 2662 igitur
265 2599 534 2664 ecliptieae‚
575 2604 625 2651 in
661 2603 795 2667 quod
833 2620 865 2654 a
900 2605 1000 2655 fixa
1037 2605 1182 2656 stella
1219 2605 1473 2655 descendit
1509 2620 1652 2656 arcus
1691 2603 2122 2670 perpendiculariS‚
2161 2615 2351 2666 semper

17 2699 19 2719 2
79 2671 275 2735 quidem
314 2673 443 2723 idem
479 2689 531 2725 re
567 2676 678 2739 ipsa
713 2684 948 2742 punctum
986 2686 1074 2740 est,
1114 2685 1167 2729 at
1203 2693 1300 2728 non
1340 2693 1532 2742 semper
1569 2693 1658 2744 pro
1698 2678 1871 2728 eodem
1897 2681 2192 2736 numeratur,
2230 2689 2348 2723 mu-

18 2752 21 2790 ῑ
77 2750 182 2795 tato
220 2748 568 2796 numerationis
605 2751 815 2813 partium
854 2747 1111 2815 eclipticas
1147 2754 1387 2816 principio
1439 2766 1732 2816 semperque
1767 2753 2009 2811 anteriuS,
2064 2765 2095 2799 a
2130 2749 2348 2798 sectione

80 2830 148 2883 sc.
186 2822 470 2882 aequatoris
508 2821 834 2874 ambulatoria
869 2826 1081 2888 incepto.

220 2891 533 2943 Demonstra
570 2910 630 2945 ex
667 2899 831 2945 causis
860 2900 1105 2960 propriis,
1144 2900 1378 2948 sectiones
1413 2913 1502 2947 seu
1539 2898 1865 2960 aequinoctia
1901 2898 1957 2943 in
1988 2893 2350 2959 praecedentia

81 2968 287 3015 moveri.
362 2966 473 3016 Non
515 2967 741 3030 equidem
778 2977 961 3033 puncta
997 2973 1285 3035 incorporea
1322 2973 1512 3021 moveri
1550 2975 1831 3019 statuuntur
1865 2982 1954 3032 per
1989 2982 2041 3017 se
2081 2967 2348 3031 ipsa,'sed

79 3033 283 3100 «Tellus,⁸
305 3054 385 3090 res
423 3054 671 3104 corporea,
716 3056 826 3091 cum
862 3058 955 3095 axe
992 3050 1041 3094 et
1077 3043 1211 3093 fibris
1250 3045 1555 3107 magneticis,
1597 3043 1724 3091 circa
1749 3056 1873 3106 quas
1912 3040 2050 3091 velut
2075 3040 2348 3091 immobiles

81 3107 190 3173 ipsa
226 3110 397 3162 diurno
435 3120 574 3163 motu
613 3113 850 3177 volvitur,
890 3116 1151 3167 inclinatur
1186 3117 1428 3181 paulatim
1466 3131 1497 3165 a
1533 3115 1631 3164 fixa
1669 3130 1768 3164 una
1806 3114 1870 3163 ad
1909 3113 2079 3175 aliam,
2130 3119 2184 3163 ut
2220 3113 2346 3163 libro

20 3202 25 3248 3
82 3183 236 3246 primo
263 3184 358 3236 dici
385 3193 612 3251 coeptum
637 3191 933 3253 saepiusque
968 3191 1242 3255 repetitum.
1319 3190 1416 3239 Hic
1454 3189 1602 3252 igitur
1626 3190 1749 3249 axis,
1786 3193 2027 3251 quatenus
2052 3189 2180 3236 intra
2204 3189 2349 3236 unius

22 3284 26 3300 ι
83 3257 197 3305 anni
233 3260 446 3322 spatium
484 3260 688 3310 eandem
738 3277 927 3325 semper
970 3264 1117 3312 fixam
1156 3269 1242 3311 aut
1279 3269 1513 3326 punctum
1550 3262 1642 3311 sub
1689 3261 1799 3310 fixis
1836 3267 2054 3326 spectat,
2094 3261 2239 3321 facit,
2292 3266 2348 3309 ut

85 3325 209 3379 fixae
246 3332 338 3381 sub
376 3334 604 3398 ecliptica
641 3349 740 3383 non
779 3335 1036 3384 videantur
1073 3336 1277 3385 moveri.
1354 3334 1609 3397 Quatenus
1647 3334 1764 3384 vero
1803 3348 2034 3384 successu
2070 3333 2344 3383 seculorum

86 3402 336 3465 pristinam
372 3406 519 3455 fixam
558 3406 638 3457 vel
676 3414 911 3472 punctum
949 3407 1188 3473 paulatim
1216 3406 1396 3457 deserit
1433 3407 1595 3471 adque
1619 3407 1745 3457 alias
1783 3408 1971 3457 vicinas
1996 3409 2181 3469 annuit,
2221 3408 2348 3455 ima-

28 3523 29 3527 ,
85 3473 380 3536 ginationem
430 3480 576 3545 facit,
626 3482 770 3544 quasi
817 3481 960 3546 polus
1014 3479 1182 3529 mundi
1231 3494 1319 3530 seu
1370 3480 1609 3545 sphaerae
1654 3479 1718 3529 ad
1756 3480 1893 3530 illam
1931 3480 2077 3530 fixam
2114 3485 2345 3529 transeat,

87 3542 201 3596 Jam
252 3565 368 3600 vero
419 3551 599 3602 dictum
651 3561 726 3604 est
763 3553 886 3603 libro
924 3553 1166 3615 secundo,
1215 3552 1432 3603 colurum
1480 3552 1800 3603 solstitiorum
1848 3553 2038 3603 traduci
2083 3568 2168 3618 per
2206 3552 2346 3617 polos

30 3636 33 3646 ·
66 3617 337 3684 'eclipticas
374 3630 424 3674 et
458 3625 647 3675 mundi:
699 3628 828 3691 polis
867 3629 1013 3691 igitur
1050 3625 1217 3675 mundi
1260 3626 1388 3676 circa
1423 3627 1567 3691 polos
1605 3627 1861 3690 eclipticas
1900 3627 2126 3676 euntibus
2165 3625 2345 3675 tardis-

89 3691 211 3742 simo
245 3701 408 3759 motu,
462 3699 657 3749 colurus
695 3702 844 3749 etiam
880 3702 1115 3763 sequitur.
1194 3699 1258 3747 At
1293 3701 1447 3749 sectio
1486 3700 1640 3749 coluri
1676 3699 1996 3764 solstitiorum
2043 3714 2151 3749 cum
2190 3695 2346 3762 eclipss

89 3762 189 3814 tica
223 3764 427 3819 babetur
474 3787 560 3835 pro
596 3774 837 3837 principio
865 3774 1075 3836 Cancri,
1125 3786 1275 3835 quare
1310 3773 1603 3837 principium
1642 3772 1816 3822 Cancri
1864 3772 1927 3822 ad
1980 3772 2343 3822 inclinationem

88 3835 194 3886 axis
229 3837 435 3892 Telluris
471 3847 659 3896 moveri
695 3846 889 3899 videtur
926 3847 1019 3897 sub
1057 3846 1166 3895 fixis
1214 3850 1265 3895 et
1312 3848 1384 3895 sic
1434 3848 1582 3896 etiam
1632 3847 1924 3911 principium
1962 3845 2168 3907 Arietis,
2217 3857 2342 3907 qua-

175 3932 330 3978 Kopion
354 3937 491 3982 Opera.
528 3941 593 3978 Vl.
1934 3933 1997 3980 18
