2554 4140
1031 109 1170 155 Liber
1200 109 1444 166 Septimus.
2263 111 2365 160 525

114 260 285 308 mulce.
360 256 522 320 Quare
573 257 615 304 si
654 256 770 318 quid
811 257 988 306 accidit
1037 258 1151 308 huic
1189 260 1267 307 axi
1308 257 1538 318 Telluris,
1591 272 1687 321 quo
1726 256 1808 306 ille
1847 271 1936 306 suo
1975 258 2073 305 situ
2113 257 2371 305 enormiter

117 337 433 390 emoveretnr,
474 329 525 376 id
562 329 652 376 fuit
691 331 815 378 inter
852 330 1187 394 Hipparchum
1224 337 1274 380 et
1298 330 1652 392 Ptolemaeum,
1694 331 1905 379 breviori
1943 344 2089 392 quam
2131 330 2235 378 300
2274 343 2366 376 an-

116 420 286 453 norum
326 404 512 466 spatie,
552 404 924 466 restitutumque
965 410 1038 453 est
1075 406 1201 452 inter
1239 403 1576 452 Ptolemaeum
1613 411 1662 453 et
1698 402 1948 464 Proclum,
1996 405 2139 451 trium
2177 415 2368 449 rursum

116 477 388 536 seculorum
445 474 819 537 intercapedine.
916 475 1076 537 Quare
1131 491 1228 525 non
1279 476 1456 538 injuria
1512 476 1572 524 de
1621 475 1893 525 Ptolemaei
1947 475 2372 525 observationibus

116 549 534 612 aequinoctiorum
574 546 784 596 dubitari
822 555 1001 612 potest.
1076 549 1205 598 Vide
1244 549 1397 612 Tych.
1443 548 1623 597 Brahei
1650 548 2140 612 Progymnasmatum
2165 548 2306 597 Tom.
2333 546 2371 595 I.

117 622 202 672 fol.
244 623 366 670 254.
418 627 466 671 et
505 620 689 668 Comm.
730 621 903 670 Martis
952 637 1058 685 cap.
1098 621 1294 670 LXIX.
2202 647 2204 649 ·

265 695 420 742 Estne
470 693 724 757 possibile,
779 696 1126 744 Ptolemaeum
1181 709 1373 743 errasse
1425 696 1560 742 circa
1608 694 2004 743 observationem
2059 699 2220 742 certae
2279 692 2377 740 diei

120 769 573 831 aequinoctiorum,
613 773 659 814 et
697 767 987 829 quomodo?
1022 767 1124 816 Nec
1163 768 1213 815 in
1252 767 1509 816 altitudine
1547 767 1651 829 poli
1679 767 1882 825 erravit,
1913 770 1966 813 ut
2004 780 2130 828 quae
2157 765 2376 828 pluribus

121 841 424 889 documentis
464 847 537 887 cst
576 839 885 901 confirmata,
940 855 1030 891 uec
1070 842 1117 887 in
1157 840 1412 889 altitudine
1453 838 1607 901 Solis,
1660 845 1714 887 ut
1753 852 1880 900 quae
1930 837 2171 901 dependet
2209 853 2238 886 a
2275 837 2378 901 poli

121 913 392 964 altitudine.
466 913 694 961 Forsitan
733 915 882 975 igitur
918 913 1013 962 hoc
1052 912 1120 960 illi
1161 913 1351 973 accidit,
1392 919 1446 962 ut
1485 927 1594 976 cum
1633 912 1724 961 sub
1761 912 1986 973 Augusto
2027 917 2155 960 esset
2194 911 2380 959 abolita

123 987 401 1036 observatio
441 987 556 1033 anui
595 986 914 1049 Aegyptiaci,
964 985 1277 1035 Ptolemaeus
1317 986 1419 1036 dies
1458 987 1572 1035 anni
1611 986 1904 1048 Aegyptiaci
1941 998 2028 1046 per
2065 984 2282 1043 Lunam,
2338 985 2380 1030 si

121 1059 181 1109 de
220 1060 362 1107 Luna
401 1065 639 1120 ageretur,
680 1059 760 1107 vel
798 1074 885 1122 per
923 1059 1087 1107 Solem
1127 1059 1330 1122 ejusque
1370 1058 1612 1108 calculum
1651 1059 1714 1107 ab
1740 1056 2024 1120 Hipparcho
2063 1055 2298 1116 relictum,
2339 1058 2381 1103 si

120 1133 179 1182 de
217 1132 346 1181 Solis
387 1132 730 1180 observatione
767 1137 1005 1195 ageretur,
1047 1133 1357 1194 quaesiverit,
1397 1131 1619 1195 neglecto
1647 1138 1762 1180 tunc
1801 1144 2042 1179 consensu
2069 1130 2379 1178 observatio-

120 1221 233 1254 num
274 1205 441 1253 Lunae
489 1205 788 1267 nimiumque
829 1204 1040 1252 confisus
1079 1204 1266 1253 calculo
1304 1205 1602 1268 Hipparchi,
1655 1204 1980 1264 existimavit,
2029 1203 2121 1251 sibi
2164 1202 2222 1250 de
2261 1202 2382 1250 hora

123 1277 427 1327 solummodo
469 1278 715 1340 ingressus
755 1279 802 1324 in
846 1278 902 1338 Υ
950 1277 1272 1329 laborandum
1312 1293 1435 1327 esse.
1495 1278 1621 1327 Nam
1663 1276 2207 1337 calendario-Romane,
2250 1274 2382 1337 quod

122 1355 170 1400 in
209 1352 437 1415 Aegypto
477 1365 673 1399 necesse
713 1356 815 1398 erat
854 1351 1133 1411 observari,
1172 1350 1319 1400 fidere
1358 1351 1672 1400 Ptolemaeus
1709 1364 1806 1398 non
1847 1351 2027 1412 potuit,
2079 1351 2195 1411 quia
2234 1350 2381 1396 etiam

122 1431 235 1489 post
274 1425 486 1486 Augusti
527 1425 873 1472 correctionem
914 1423 1208 1486 quandoque
1256 1423 1359 1473 dies
1412 1438 1537 1474 unus
1576 1423 1639 1473 ad
1678 1422 1963 1487 pontificum
2002 1423 2254 1471 arbitrium
2293 1422 2385 1470 suit

128 1502 175 1546 in
214 1511 311 1546 uno
350 1511 478 1545 anno
518 1503 736 1545 exemtus
775 1498 920 1559 inque
959 1498 1182 1559 sequenti
1220 1499 1489 1546 restitutus,
1563 1497 1692 1546 Vide
1732 1495 2007 1559 exemplum
2045 1497 2095 1543 in
2131 1495 2291 1544 Dione
2332 1499 2381 1544 et

129 1584 353 1623 causam:
393 1584 454 1617 ne
492 1568 610 1617 Idus
650 1572 697 1616 in
737 1569 980 1629 nundinas
1020 1572 1330 1620 incurrerent.
1358 1564 1426 1635 ⁹⁴)

248 1643 401 1704 Quid
447 1644 490 1689 si
530 1642 694 1690 Solem
748 1645 1056 1705 aequinoctii
1107 1643 1278 1692 diebus
1326 1645 1565 1693 orientem
1604 1643 1930 1702 observasset,
1985 1643 2168 1705 eliyens
2218 1643 2382 1691 locum

126 1718 395 1767 horizontis
429 1717 565 1776 justo
603 1716 931 1765 borealiorem
955 1732 1053 1779 pro
1090 1723 1208 1765 ortu
1233 1716 1634 1779 aequinoctiali?
1670 1716 1808 1764 Tunc
1833 1731 1950 1765 sane
1992 1716 2217 1765 omnibus
2248 1716 2388 1764 anuis

131 1804 328 1839 vernum
369 1790 732 1850 aequinoctium
773 1788 958 1836 tardius
991 1789 1143 1851 justo,
1183 1795 1235 1837 at
1272 1790 1489 1839 vicissim
1528 1789 1811 1851 autumnale
1852 1790 1987 1851 justo
2028 1789 2246 1838 velocius
2288 1787 2393 1837 col·-

128 1864 356 1926 legisset‚
414 1861 528 1910 Sole
569 1861 740 1910 eodem
790 1877 848 1910 ex
887 1861 997 1911 loco
1036 1862 1301 1911 horizontis
1341 1865 1542 1912 oriente.
1622 1863 1773 1925 Atqui
1813 1862 1907 1910 hoc
1945 1877 2040 1910 non
2082 1868 2156 1911 est
2193 1861 2391 1912 factum.

130 1935 445 1993 Ptolemaeus
489 1935 616 1983 enim
665 1936 792 1982 intra
833 1937 974 1983 unius
1013 1937 1130 1983 anni
1168 1937 1380 1998 spatium
1419 1942 1676 1998 utrumque
1717 1937 2076 1998 aequinoctium
2111 1934 2245 1997 justo
2288 1933 2395 1984 die—

131 2024 233 2058 rum
274 2009 534 2058 interstitio
575 2009 899 2071 consignavit.
976 2006 1077 2056 Aut
1114 2010 1155 2056 si
1209 2007 1347 2058 locus
1387 2011 1586 2059 orientis
1626 2008 1754 2058 Solis
1805 2009 1854 2055 in
1892 2023 2042 2057 verno
2082 2009 2394 2070 aequinoctio

131 2083 303 2135 fuisset
335 2081 471 2143 justo
511 2081 779 2143 borealior,
818 2081 956 2129 locus
996 2080 1223 2144 equidem
1262 2083 1461 2131 orientis
1501 2081 1630 2131 Solis
1668 2082 1717 2129 in
1756 2081 2027 2130 autumnali
2064 2087 2176 2145 post
2209 2081 2395 2144 justum

136 2155 443 2205 interstitium
482 2168 579 2202 non
619 2154 789 2204 fuisset
827 2154 971 2217 idem,
1012 2154 1097 2204 sed
1137 2154 1410 2203 australior.

286 2226 509 2277 Concedo
547 2228 712 2276 locum
742 2230 942 2288 justum
978 2229 1035 2276 in
1071 2228 1328 2277 horizonte
1365 2233 1572 2278 ortuum
1611 2201 2062 2290 aequinoctialium
2101 2227 2399 2278 amborum.-

135 2317 310 2351 annon
356 2301 597 2364 refractio
651 2302 937 2350 Ptolemaeo
984 2302 1209 2364 neylecta
1262 2301 1470 2350 turbare
1522 2300 1646 2363 quid
1696 2300 1901 2364 potuit?
1962 2299 2253 2350 Sustulisset
2308 2299 2394 2348 illa

136 2374 299 2424 Solem
350 2376 397 2421 in
461 2374 657 2422 boream
722 2376 769 2422 in
824 2381 1030 2437 utroque
1079 2375 1414 2437 aequinoctio,
1483 2375 1648 2436 itaque
1703 2372 1790 2423 Sol
1841 2373 2060 2422 velocius
2116 2375 2164 2421 in
2209 2388 2396 2436 aequa-

70 2448 81 2464 “
136 2455 236 2496 tore
287 2448 421 2495 visus
476 2454 604 2495 esset
641 2454 857 2512 tempore
908 2461 1083 2509 verno,
1140 2447 1325 2496 tardius
1371 2448 1424 2494 in
1474 2446 1770 2508 autumnali,
1819 2453 1981 2496 aestas
2034 2447 2208 2495 fuisset
2252 2452 2397 2496 aucta

138 2522 352 2569 nimium.
429 2519 733 2569 Contrarium
785 2521 1044 2582 evenisset,
1090 2520 1129 2569 si
1181 2520 1338 2584 fingas
1389 2519 1676 2569 observatos
1728 2534 1834 2569 esse
1886 2534 2088 2570 occasus
2128 2522 2397 2583 aequinoc-

141 2592 277 2643 tiales
321 2598 569 2655 utrosque.
1922 2584 1930 2589 “

296 2666 432 2730 Quid
469 2666 528 2714 de
565 2666 726 2714 seculo
766 2666 1044 2715 Ptolemaei
1077 2666 1185 2729 flet,
1225 2667 1267 2714 si
1306 2666 1620 2714 astronomia
1658 2665 1778 2713 haec
1816 2665 1961 2713 aliud
1996 2666 2073 2713 illi
2104 2665 2402 2729 praescribit
2435 2700 2437 2705 -

147 2741 350 2788 initium
389 2739 603 2799 zodiaci,
654 2754 812 2801 quam
849 2742 953 2801 ipse
990 2745 1184 2789 secutus
1222 2745 1315 2800 est5
1368 2753 1504 2786 anne
1541 2740 1694 2786 etiam
1731 2740 1888 2801 ipsius
1926 2738 2197 2787 observatis
2233 2740 2402 2787 ceteris

145 2813 364 2875 paudere
399 2812 716 2876 poterimus?
754 2811 1177 2874 Quemadmodum
1205 2810 1431 2860 insolitus
1459 2815 1508 2860 et
1543 2817 1731 2875 praeter
1756 2825 1938 2860 morem
1965 2816 2229 2860 ceterorum
2257 2826 2400 2860 secu-

145 2885 298 2934 lorum
345 2886 434 2933 fuit
482 2886 588 2947 ejus
633 2891 849 2949 tempore
899 2891 1161 2936 annotatus
1211 2885 1291 2934 vel
1337 2887 1484 2933 etiam
1533 2885 1822 2933 observatus
1879 2886 2124 2947 ingressus
2175 2884 2303 2933 Solis
2350 2886 2399 2932 in

145 2959 284 3021 signa
321 2957 712 3020 aequinoctialia,
752 2959 823 3006 sic
862 2960 1007 3007 etiam
1049 2951 1183 3008 extra
1221 2957 1440 3020 regulam
1479 2957 1542 3006 ad
1579 2956 1724 3005 fidem
1763 2959 1917 3021 ipsius
1946 2958 2312 3006 observatorum
2349 2959 2400 3004 in

147 3030 483 3091 antecedentia
520 3030 850 3093 reponendum
891 3033 980 3079 erit
1016 3032 1079 3079 ad
1119 3032 1225 3094 ejus
1264 3038 1484 3095 tempora
1521 3030 1810 3093 principium
1862 3029 2071 3080 zodiaci:
2126 3045 2222 3094 quo
2270 3032 2399 3080 sacto

76 3167 78 3171 ,
148 3111 304 3155 cetera
343 3106 509 3152 omnia.
543 3111 669 3152 recte
709 3103 973 3152 habebunt.

291 3177 563 3241 Quodnam
601 3183 682 3224 est.
706 3175 858 3236 hujus
893 3176 1106 3238 fiduciae
1141 3175 1579 3239 fundamentum?
1616 3173 1745 3236 Quia
1784 3173 2002 3224 doctrina
2028 3175 2244 3225 theorica
2282 3191 2402 3225 con-

142 3246 512 3313 junctionesque
563 3249 776 3297 siderum
826 3250 949 3297 inter
997 3264 1049 3298 se
1101 3249 1262 3297 doceri
1302 3255 1350 3297 et
1388 3250 1657 3310 computari
1696 3254 1895 3310 possent
1933 3248 2079 3297 etiam
2128 3250 2232 3298 sine
2272 3251 2402 3298 omni

150 3323 422 3384 cognitione
479 3322 980 3371 dodecatcmoriorum
1032 3321 1221 3370 zodiaci
1262 3335 1524 3382 eorumque
1564 3321 1810 3383 principii,
1864 3327 2033 3384 utpote
2073 3322 2204 3384 quod
2237 3323 2402 3371 solum

151 3396 399 3444 occasione
438 3400 600 3443 motus
626 3394 806 3443 Terrae
837 3394 991 3442 diurni
1019 3395 1342 3442 constituitur.
1409 3393 1584 3455 Itaque
1613 3393 1908 3456 Cepernicus
1948 3401 1995 3444 et
2034 3402 2250 3445 veterum
2276 3411 2402 3444 non-

150 3467 267 3515 nulli
315 3476 594 3531 computare
648 3467 823 3516 docent
870 3467 980 3515 loca
1018 3465 1349 3528 planetarum,
1405 3467 1541 3514 initio
1583 3472 1726 3530 capto
1766 3481 1796 3515 a
1833 3468 1988 3530 prima
2028 3469 2208 3517 Arietis
2224 3484 2236 3533 3
2291 3475 2404 3517 tunc

153 3537 339 3588 demum
373 3541 548 3602 jubent
585 3540 762 3589 addere
800 3541 1187 3603 praecessionem
1228 3540 1661 3601 aequinoctiorum,
1702 3545 1755 3587 ut
1791 3539 1927 3603 locus
1955 3542 2192 3605 cujusque
2231 3541 2404 3590 sideris

157 3611 203 3659 in
239 3613 438 3662 zodiaco
476 3620 712 3677 patescat.
1701 3648 1706 3651 -

302 3686 437 3750 Quid
483 3693 625 3735 vocat
678 3688 980 3749 Cepernicus
1018 3691 1210 3733 motum
1251 3684 1380 3733 Solis
1415 3686 1715 3750 simplicem,
1769 3685 1895 3749 quid
1929 3693 2121 3736 motum
2160 3689 2404 3749 composi-

152 3759 304 3805 tum?
341 3758 555 3821 Simplex
595 3761 634 3807 is
677 3759 862 3818 dicitur,
904 3757 1042 3819 cujus
1084 3759 1271 3805 initium
1296 3759 1500 3806 sumitur
1538 3773 1568 3807 a
1605 3766 1783 3822 puncto
1818 3759 1930 3820 fixo,
1973 3760 2157 3808 scilicet
2196 3761 2405 3822 aprima

156 3828 294 3878 stella
337 3830 535 3892 ArietiS,
575 3847 604 3880 a
644 3846 741 3894 qua
776 3832 931 3894 figura
969 3830 1082 3878 olim
1120 3831 1324 3894 primum
1364 3830 1551 3881 zodiaci
1592 3831 2033 3882 dodecatcmorium
2070 3833 2160 3882 suit
2199 3834 2406 3895 insigni-
