2554 4140
991 136 998 153 Ι
1061 124 1064 127 «
1086 91 1352 148 Praecepta.
2242 94 2343 144 683

76 239 181 298 ‘(1V.
213 256 253 296 p.
288 247 388 287 510.
430 249 472 286 ot
499 257 627 297 supra
654 247 729 288 fol.
763 248 892 295 6073.
956 238 1007 306 3)
1045 241 1238 305 Typum
1278 241 1394 288 anni
1433 239 1730 288 confusionis
1770 245 1817 287 et
1846 237 2229 288 intercalationis
2269 239 2348 286 vi-

89 314 245 360 tiosae
282 318 522 375 peractae,
562 313 775 374 itemque
802 313 1107 362 cohaesionis
1146 327 1381 363 annorum
1420 313 1650 361 solarium
1675 312 1882 360 fixorum
1908 313 2222 371 exoticorum‚
2263 312 2346 373 qui

92 384 447 446 quadamtenus
473 385 655 433 formae
682 384 914 434 Julianae
939 386 1247 451 respondent,
1283 400 1439 447 eoque
1465 388 1637 434 minori
1664 400 1811 448 opera
1837 385 1898 433 ad
1925 400 2034 434 eam
2058 384 2350 434 reducuntur

90 463 182 517 (lv.
210 476 252 514 p.
275 466 407 515 511).
475 457 530 520 4)
569 457 822 506 ‘Fabellam
860 458 1077 507 ferialem
1115 463 1457 517 (1V.p.512.).

193 537 516 600 Synopseos
554 541 820 587 necessitas
861 540 1085 587 omnibus
1126 545 1199 588 est
1236 545 1367 587 nota.
1433 538 1597 585 Prima
1624 539 1751 586 enim
1781 536 2064 587 calculatori
2103 549 2218 584 cura
2243 549 2348 584 esse

89 609 234 658 debet
272 609 330 658 de
352 625 485 658 anno
514 611 752 674 cujusque
777 614 1139 671 numerationis,
1181 627 1327 675 quem
1355 610 1433 659 vel
1460 613 1691 673 antiquae
1719 611 1965 670 historIae,
2007 608 2086 656 vel
2126 607 2348 657 diversae

88 684 369 746 provinciae
425 683 554 732 orbis
607 690 839 732 terrarum
878 684 1216 749 suppeditant,
1271 687 1319 731 in
1360 697 1505 746 quem
1558 698 1738 731 annum
1778 697 1945 742 acrae,
2000 696 2147 744 quam
2187 684 2234 728 in
2273 681 2386 729 his,

92 755 270 803 tabulis
309 770 416 804 sum
456 749 665 817 semitm,
706 760 747 804 is
788 763 1046 820 competat.
1124 757 1438 806 Ptolemaeus
1470 756 1675 818 ¹quidem
1703 771 1858 804 annos
1887 754 2086 803 deduxit
2123 769 2152 802 a
2178 754 2351 803 Nabo-

89 843 319 888 nassar0,
373 831 490 891 quia
546 830 910 878 observationes
970 832 1269 893 antiquiores
1316 844 1414 878 nou
1470 835 1691 892 exstant3
1749 830 1835 878 alii
1874 827 2007 875 aliud
2054 832 2348 890 spectarunt,

89 902 309 964 plerique
350 904 694 951 conversiones
732 917 1015 965 regnorum,
1056 912 1141 952 aut
1179 904 1410 952 honorem
1449 916 1646 964 regum,
1691 903 1781 951 sub
1821 900 2004 964 quibus
2042 901 2349 962 scripserunt.

90 975 172 1023 Sic
210 974 413 1023 Vectius
454 975 637 1029 Valens
675 982 981 1024 astronomus
1019 976 1359 1025 Antiochenus
1398 977 1459 1037 ab
1500 977 1711 1037 Augusti
1751 973 1995 1036 triumpho
2025 973 2241 1034 Actiaco,
2284 976 2353 1021 sic

89 1047 417 1096 mathematici
455 1047 670 1096 Persidis
709 1064 739 1095 a
777 1048 926 1096 caede
965 1048 1272 1111 Jesdagirdis
1311 1055 1654 1113 numerarunt,
1706 1062 1767 1096 ex
1805 1050 1903 1110 quo
1951 1045 2222 1093 reciderunt
2259 1047 2351 1093 sub

86 1126 380 1184 potestatem
432 1120 785 1169 Saracenorum
836 1122 1076 1181 Arabum,
1130 1124 1200 1169 sic
1239 1122 1473 1185 Aegyptii
1524 1122 1587 1170 ab
1646 1121 1782 1170 obitu
1834 1118 2101 1169 Alexandri
2151 1125 2200 1166 et
2246 1124 2354 1166 ortu

86 1195 224 1255 regni
250 1193 547 1255 Lagidarum
571 1193 985 1253 Ptolemaeorum,
1026 1196 1096 1243 sic
1135 1194 1370 1242 Chaldaei
1411 1195 1473 1242 ab
1502 1196 1638 1242 initio
1665 1193 2064 1252 Seleucidarum‚
2106 1193 2175 1239 sic
2201 1191 2353 1239 Sara-

89 1268 196 1316 ceni
233 1267 295 1314 ab
322 1265 519 1329 Hegira,
561 1268 834 1314 secessione
873 1281 960 1316 seu
998 1267 1115 1330 fuga
1142 1267 1453 1328 MahometiS,
1495 1268 1578 1329 qui
1606 1266 1846 1316 libertatis
1884 1267 2003 1329 ipsis
2043 1270 2212 1312 auctor
2237 1264 2353 1326 fuit,

88 1341 159 1388 sic
197 1341 289 1401 ipsi
331 1340 478 1387 etiam
519 1336 824 1401 Alphonsini,
868 1343 1092 1403 quamvis
1132 1340 1352 1389 usualem
1387 1340 1532 1402 juxta
1572 1341 1926 1400 observarunt,
1967 1349 2149 1386 novam
2187 1343 2353 1385 tamen

90 1427 256 1462 aeram
294 1411 495 1460 Alfonso
533 1411 755 1460 fixerunt.
795 1438 883 1448 —·
906 1420 1197 1487 (SequentiaV.
1212 1433 1244 1461 s,
1256 1433 1298 1471 p
1309 1422 1393 1461 603
1411 1418 1719 1473 ss.,quaei11ie
1740 1420 1969 1471 omisimus,
1991 1418 2059 1456 hic
2079 1413 2357 1470 supplemus)

234 1484 363 1533 Illud
417 1484 670 1547 diligenter
722 1482 1100 1535 inculcandum
1121 1493 1194 1535 est
1249 1486 1567 1559 calculatori,
1605 1500 1715 1535 cum
1771 1488 1818 1533 in
1876 1486 1952 1534 his
2009 1483 2189 1534 tabulis
2237 1487 2353 1532 anni

89 1558 281 1608 Juliani
317 1560 652 1619 nominantur,
701 1573 970 1621 cognomen
1009 1560 1102 1608 hoc
1140 1574 1236 1608 non
1277 1575 1382 1609 esse
1424 1546 1764 1624 accipiendum
1808 1558 1867 1608 de
1907 1559 2023 1608 aera
2062 1556 2185 1606 Julii
2225 1557 2354 1607 Cae.—

91 1633 212 1680 saris
264 1631 419 1694 deque
458 1646 696 1680 annorum
732 1646 930 1681 numero
985 1634 1046 1682 ab
1086 1631 1171 1681 illa
1224 1633 1457 1694 deducto,
1512 1632 1598 1682 sed
1647 1632 1706 1681 de
1744 1633 1901 1681 forma
1949 1630 2105 1680 solum
2144 1633 2257 1679 anni
2307 1637 2355 1679 et

94 1705 415 1767 dispositione
454 1720 541 1754 seu
582 1705 922 1755 distributione
971 1706 1156 1755 dierum
1194 1707 1242 1754 in
1282 1721 1491 1756 menses,
1569 1706 1769 1755 Interim
1823 1707 1936 1753 anni
1978 1705 2125 1753 etiam
2163 1703 2353 1753 Juliani

93 1779 209 1827 dicti
258 1784 372 1826 sunt
422 1780 535 1826 anni
577 1778 784 1839 Christi,
825 1785 935 1843 post
974 1779 1219 1828 Christum
1269 1779 1466 1842 quidem
1517 1779 1584 1826 45
1638 1781 1778 1827 annis
1832 1778 2189 1838 diminutioreS,
2246 1783 2358 1826 ante

92 1851 337 1899 Christum
376 1850 581 1900 totidem
620 1853 876 1913 auctiores,
896 1867 1066 1915 ,quam
1103 1854 1147 1901 si
1185 1868 1215 1902 a
1253 1860 1484 1917 tempore,
1527 1866 1624 1915 quo
1663 1853 1819 1902 forma
1847 1851 1971 1900 haec
2010 1848 2124 1899 anni
2162 1865 2192 1899 a
2216 1850 2355 1900 Julio

92 1924 301 1973 Caesare
339 1923 430 1972 fuit
467 1926 717 1986 instituta,
759 1925 955 1974 deducti
993 1931 1170 1975 essent.

235 2010 444 2060 Praec.
487 2013 570 2059 62.
647 2011 787 2061 Nunc
827 2015 958 2062 viam
997 2013 1186 2062 tradam
1233 2014 1401 2063 utendi
1438 2014 1531 2063 hac
1571 2015 1789 2078 synopsi.
1866 2012 1919 2062 Si
1965 2013 2159 2062 offertur
2199 2027 2355 2062 annus

90 2085 439 2133 numerationis
490 2091 603 2133 ante
649 2096 864 2134 nostram
915 2089 1112 2145 incarn.
1147 2078 1310 2137 aeram
1369 2089 1645 2151 incipientis
1699 2085 1954 2154 (annorum
2011 2087 2206 2149 quidem
2259 2100 2356 2134 non

92 2160 321 2207 continue
356 2157 717 2220 repedantium3
761 2159 818 2208 de
858 2161 917 2207 iis
957 2162 1084 2210 enim
1122 2176 1266 2223 agam
1291 2161 1528 2223 seorsim),
1570 2168 1624 2211 ut
1652 2163 1794 2221 sciaS,
1820 2167 2015 2223 ‘quotus
2044 2161 2085 2208 is
2110 2161 2174 2208 sit
2201 2174 2357 2209 annus

94 2233 301 2292 incarn.,
354 2232 531 2293 quibus
570 2231 800 2294 utendum
841 2239 914 2281 est
963 2235 1011 2280 in
1051 2234 1231 2282 tabulis
1272 2235 1400 2282 istis:
1448 2234 1689 2297 siquidem
1743 2248 1900 2282 annus
1938 2234 2217 2295 propositus
2256 2247 2355 2281 non

93 2306 399 2367 superaverit
448 2303 759 2353 intervallum
798 2308 1146 2355 numerationis
1193 2310 1471 2371 proprium,
1525 2309 1573 2355 in
1613 2309 1816 2371 synopsi
1857 2312 2171 2367 annotatum,
2223 2306 2360 2354 aufer

94 2377 363 2440 completos
402 2377 464 2425 ab
505 2378 777 2438 intervallo,
818 2386 872 2427 ut
911 2387 986 2430 est
1023 2382 1252 2443 positum,
1290 2380 1515 2439 residuus
1555 2382 1643 2430 erit
1681 2394 1838 2428 annus
1878 2378 2133 2440 Julianus,
2173 2380 2223 2427 in
2262 2393 2358 2441 quo

11 2492 16 2496 .
94 2456 314 2500 currente
352 2452 533 2512 incepit
569 2453 849 2513 propositus
889 2467 1083 2501 currens
1122 2467 1264 2502 aerae
1293 2453 1545 2517 cujusque,
1589 2452 1692 2502 dies
1722 2458 1886 2502 autem
1913 2458 1961 2502 et
1986 2454 2163 2502 mensis
2190 2450 2359 2501 Julia-

93 2539 201 2584 nus,
242 2538 273 2571 a
310 2523 489 2585 quibus
529 2522 610 2571 ille
650 2525 823 2586 coepit,
865 2525 1062 2573 additus
1101 2527 1347 2574 invenitur
1371 2525 1629 2575 intervallo
1662 2528 1712 2573 in
1739 2527 1955 2590 synopsi.
2024 2525 2090 2574 At
2128 2525 2169 2572 si
2208 2539 2359 2589 supe-

91 2598 275 2646 raverit
310 2596 589 2659 propositus
627 2612 864 2645 annorum
902 2613 1130 2647 numerus
1171 2599 1480 2648 intervallum
1520 2613 1660 2647 suum
1700 2598 1904 2663 (corum,
1946 2613 2073 2661 quae
2114 2597 2357 2646 Christum

94 2669 434 2733 antecedunt),
475 2670 611 2717 aufer
649 2672 862 2719 vicissim
901 2671 1225 2731 intervallum,
1267 2678 1320 2720 ut
1359 2679 1433 2721 est
1470 2673 1713 2735 positum,
1754 2672 1816 2720 ab
1854 2673 1963 2734 ipso
2004 2671 2118 2719 dato
2157 2685 2357 2719 numero

95 2747 211 2794 anni
250 2745 500 2803 currentis,
539 2743 763 2793 residuus
802 2746 891 2793 erit
930 2759 1085 2794 annus
1128 2747 1312 2795 incarn.
1341 2745 1444 2795 Jul.
1486 2744 1671 2808 p.‘Chr.
1712 2759 1923 2810 currens,
1962 2759 1992 2793 a
2029 2744 2168 2807 cujus
2196 2743 2280 2792 die.
2314 2749 2361 2793 et

94 2833 285 2878 mense,
326 2831 468 2879 quem
509 2820 736 2880 synopsis
778 2823 1006 2879 annotat,
1047 2820 1230 2882 incepit
1267 2820 1547 2883 propositus
1587 2831 1798 2866 currenS.

239 2898 533 2955 Exempla.
593 2900 648 2943 R.
672 2899 901 2944 Abraham
925 2901 1066 2945 Chaia
1097 2901 1216 2949 dicit,
1251 2914 1400 2946 aeram
1433 2906 1745 2949 contractuum
1774 2899 1986 2945 incidisse
2016 2899 2063 2942 in
2092 2897 2361 2955 principium

95 2969 202 3014 anni
223 2966 403 3012 Judaici
435 2965 564 3011 3450.
626 2967 688 3012 Ut
718 2967 847 3023 scias,
883 2974 1053 3024 quotus
1085 2969 1160 3013 hic
1193 2969 1252 3013 sit
1281 2967 1626 3023 incarnationis,
1657 2965 1834 3022 respice
1866 2965 1923 3009 ad
1953 2978 2102 3010 aeram
2123 2964 2361 3010 Judaicam

95 3035 286 3091 ejusque
317 3032 602 3077 intervallum
627 3033 753 3078 3761.
818 3032 933 3087 Quia
963 3034 1236 3090 proponitur
1265 3045 1478 3077 numerus
1501 3032 1659 3088 minor,
1693 3031 1822 3075 aufer
1843 3030 1941 3087 ejus
1964 3029 2212 3086 completos
2234 3029 2362 3083 3449,

98 3105 241 3144 restat
274 3100 356 3143 31
331 3101 356 3129 ¹)
390 3112 574 3143 currens
608 3104 714 3142 ante
746 3098 915 3144 incarn.
975 3099 1090 3155 EJ'us
1123 3099 1264 3156 igitur
1293 3099 1399 3144 anni
1430 3098 1574 3143 Nonis
1598 3098 1712 3154 Oct,
1746 3109 1861 3153 quae
1893 3101 1999 3141 sunt
2030 3100 2274 3142 annotatae
2304 3097 2361 3152 ad

97 3167 236 3220 3761,
269 3164 535 3221 perhibetur
566 3165 790 3221 incepisse
821 3178 927 3210 aera
957 3171 1285 3210 contractuum

238 3231 446 3276 Vicissim
479 3231 633 3275 scribit
664 3230 912 3280 Arzacbel.
944 3231 1144 3275 Arabum
1177 3244 1329 3275 aeram
1358 3230 1583 3287 incepisse
1616 3241 1733 3273 anno
1766 3226 2015 3272 Alexandri
2046 3227 2154 3286 9333
2192 3232 2360 3287 quotus

98 3300 138 3345 is
169 3300 253 3344 erit
285 3296 485 3343 Christi?
546 3295 740 3351 Respice
783 3294 840 3340 ad
873 3309 1023 3340 aeram
1055 3294 1327 3351 Alexandri,
1371 3295 1469 3351 ejus
1502 3292 1791 3338 intervallum
1831 3291 2057 3336 invenitur
2087 3264 2186 3338 31'2.
2249 3293 2359 3338 Cum

96 3365 232 3420 igitur
271 3375 483 3408 numerus
527 3361 790 3417 propositus
833 3361 892 3406 sit
933 3362 1099 3417 major,
1147 3361 1276 3405 aufer
1307 3362 1392 3405 312
1435 3375 1462 3405 a
1495 3363 1705 3405 currente
1738 3359 1842 3413 933,
1887 3362 2029 3403 restat
2059 3359 2138 3404 621
2176 3372 2359 3404 currens

100 3445 143 3486 p.
177 3429 280 3474 Chr.
343 3428 493 3483 Hujus
525 3426 662 3481 igitur
695 3426 797 3469 anni
832 3426 1030 3482 Octobri,
1062 3439 1196 3481 quem
1228 3425 1353 3470 vides
1385 3426 1644 3482 appositum
1678 3436 1778 3469 esse
1811 3423 1868 3469 ad
1901 3425 2005 3480 312,
2039 3424 2189 3481 coepit
2215 3438 2360 3469 annus

97 3494 340 3540 Alexandri
371 3494 468 3539 9323.
501 3498 546 3536 et
576 3492 764 3548 proinde
797 3492 930 3536 desiit
962 3492 1168 3547 sequenti
1201 3492 1297 3537 622.
1334 3491 1513 3550 Christi.

244 3558 317 3602 Sic
359 3557 670 3613 Sigismundus
702 3557 818 3599 Baro
839 3554 1199 3601 Herberstenius
1232 3554 1564 3599 commentariis
1603 3567 1753 3598 rerum
1785 3553 2178 3600 Moscoviticarum
2223 3553 2362 3598 refert

100 3636 156 3670 ex
186 3625 459 3679 Annalibus,
506 3623 807 3674 Demetrium,
838 3618 1027 3665 Joannis
1061 3620 1216 3664 Basilii
1253 3627 1487 3676 nepotem,
1529 3621 1686 3665 ducem
1719 3619 1976 3664 Moscoviae
2009 3629 2210 3665 creatum
2242 3631 2359 3662 anno

99 3689 252 3733 mundi
284 3690 412 3735 7006.
445 3701 599 3732 mense
630 3689 893 3733 Februario.
955 3690 1075 3731 Aera
1107 3690 1176 3731 est
1206 3687 1483 3732 Graecorum
1515 3692 1560 3730 et
1590 3698 1802 3731 numerus
1835 3691 2019 3740 superat
2047 3684 2356 3743 intervallum3

103 3754 235 3799 auser
263 3755 404 3813 igitur
433 3754 542 3804 hoc,
574 3759 718 3798 restat
748 3766 891 3797 annus
916 3752 1080 3796 Christi
1119 3753 1228 3797 1497
1261 3765 1467 3808 currens,
1500 3756 1552 3796 ut
1581 3754 1679 3810 ipse
1709 3754 1842 3799 etiam
1875 3752 1992 3795 Baro
2024 3758 2188 3796 monet.

52 3816 53 3819 ’
246 3822 314 3865 De
354 3821 584 3866 notatione
623 3820 837 3877 temporis
881 3832 961 3875 per
1004 3818 1291 3876 Olympiadas
1331 3819 1481 3865 cautio
1521 3825 1590 3865 cst
1627 3820 1895 3875 peculiaris,
1941 3824 1992 3864 ut
2033 3816 2357 3877 completarum
