2554 4140
815 115 955 162 Liber
985 115 1166 161 Sextus,
1226 114 1340 159 Pars
1369 110 1532 157 Prima.
2208 113 2311 162 433

211 265 472 341 Quomodo
509 265 840 328 appellantur
877 264 1072 328 apsides
1110 266 1166 311 in
1201 263 1293 312 hoo
1327 263 1536 324 planeta
1574 267 1619 308 et
1656 261 1746 310 ubi
1790 260 1944 308 sunt?
1992 259 2043 308 Si
2096 258 2154 307 de
2195 273 2315 307 vero

51 340 262 390 Telluris
301 345 436 388 motu
475 341 697 400 agimuS,
751 337 974 387 dicuutur
1010 336 1256 400 aphelium
1296 345 1346 382 et
1382 332 1706 396 perihelium,
1724 339 1779 382 ut
1815 335 1862 380 in
1897 332 2106 396 planetis
2145 334 2316 381 ceteris

1 422 14 432 '
50 414 322 476 primariis,
376 417 425 460 et
471 417 588 478 tunc
636 410 885 474 aphelium
925 410 1135 459 Telluris
1183 408 1329 456 hodie
1371 411 1444 455 est
1482 408 1530 452 in
1575 404 1631 453 6⁰
1671 407 1764 472 [ὃς
1816 409 1890 453 sin
1937 412 2101 454 autem
2152 411 2206 453 ut
2256 405 2314 453 de

53 486 182 535 Solis
219 485 475 549 apparenti
514 491 651 532 motu
691 484 950 546 loquimur,
991 488 1188 532 manent
1225 483 1284 529 iis
1324 479 1495 528 eadem
1522 480 1734 539 nomina,
1777 493 1902 540 quae
1941 480 1989 525 in
2017 481 2315 527 astronomia

11 560 234 619 ’ναίει-ἰ,
293 557 615 620 dicunturque
670 571 947 620 apogaeum
1001 562 1049 605 et
1098 555 1410 618 perigaeum,
1470 557 1518 599 et
1568 558 1683 600 tunc
1734 565 2010 614 apogaeum
2060 551 2190 600 Solis
2243 557 2316 600 est
2367 543 2372 547 ’

50 634 98 680 iu
141 627 199 680 6⁰
237 627 322 696 ὓ.

172 707 227 751 In
257 705 488 751 schemate
521 704 559 748 G
591 710 663 750 est
692 705 921 762 aphelium
938 702 1148 759 TelluriS,
1182 702 1280 758 ejus
1310 700 1440 746 locus
1471 698 1555 744 sub
1587 698 1690 744 fixis
1723 699 1775 752 B,
1808 702 1853 742 et
1884 699 1924 743 A
1956 705 2027 744 est
2055 700 2182 744 locus
2206 713 2320 757 apo-.

49 772 150 830 gaei
178 771 309 818 Solis.

197 847 459 912 Quomodo
496 848 575 896 hic
613 847 875 898 ducuntur
912 849 1077 897 lineae
1114 843 1391 895 motuum?
1445 840 1499 892 Si
1538 841 1597 890 de
1620 855 1751 890 'vero
1780 840 1990 890 Telluris
2030 848 2163 890 motu
2203 844 2313 904 agi-

19 935 180 982 ·mu8‚
238 920 499 970 ducuntur*
531 921 690 970 lineae
745 927 800 970 ut
853 924 902 968 in
958 921 1132 970 ceteris
1183 919 1423 982 primariis
1476 931 1534 965 ex
1588 921 1752 963 centro
1792 913 1922 962 Solis
1971 930 2057 976 per
2098 922 2313 963 centrum

27 994 227 1044 *Terrae
276 997 324 1041 in
374 993 520 1055 fixas;
577 995 651 1041 sin
704 994 763 1042 de
815 1001 1078 1057 apparente
1130 997 1264 1040 motu
1314 989 1466 1050 Solis,
1525 989 1654 1051 quod
1711 1002 1830 1035 usus
1880 986 2112 1049 loquendi
2170 991 2314 1035 ctiam

50 1066 181 1131 apud
220 1066 540 1131 Copernicum
580 1068 817 1128 obtinuit,
867 1067 1107 1115 ducuntur
1159 1081 1186 1113 e
1237 1065 1477 1112 contrario
1518 1076 1576 1111 ex
1618 1061 1768 1110 Terra
1804 1075 1891 1123 per
1931 1066 2147 1109 centrum
2188 1060 2316 1109 Solis

47 1153 266 1204 prorsum
330 1154 485 1202 usque
562 1139 626 1187 ad
688 1139 839 1200 fixae,
919 1140 1105 1187 scilicet
1168 1140 1216 1185 in
1680 1128 1762 1200 1013,
1786 1157 1845 1194 84.

50 1219 231 1276 puncta
285 1212 518 1273 fixarum,
575 1212 698 1260 locis
746 1212 926 1261 Terrae
978 1212 1069 1260 sub
1119 1211 1227 1259 fixis
1658 1227 1760 1260 Αεε,

52 1287 292 1350 opposita.

34 1357 51 1363 ⁵
164 1369 251 1414 Hic
283 1369 339 1421 ,in
369 1369 597 1414 schemate
629 1367 729 1413 OPI
761 1373 831 1412 est
859 1367 979 1412 linea
1008 1367 1104 1411 veri
1132 1379 1224 1410 mo-

50 1438 127 1481 tus
155 1433 352 1479 Telluris
382 1435 432 1479 in
460 1435 496 1478 P
529 1434 815 1498 constitutae,
847 1432 978 1477 POM
1007 1432 1128 1476 linea
1157 1442 1239 1475 ret

50 1499 314 1561 spondentis
353 1499 615 1556 apparentis
654 1506 804 1544 motus
834 1497 966 1544 Solis.
1028 1498 1090 1542 Et
1121 1496 1228 1552 quia

53 1564 91 1626 c
116 1571 188 1613 est
216 1571 417 1610 centrum
461 1565 701 1610 eccentrici
731 1565 919 1619 Terrae,
962 1563 1020 1620 Ο,
1066 1563 1103 1619 Q
1136 1562 1225 1606 duo

48 1628 141 1678 foci
169 1631 382 1690 ellipseos
412 1629 514 1687 FG,
546 1630 648 1675 ideo
678 1630 821 1688 ipsius
855 1629 931 1684 QP
961 1641 1043 1686 per
1072 1627 1226 1685 plane-

49 1702 143 1744 tam
171 1697 334 1742 ductae
362 1696 583 1753 parallela
603 1695 686 1740 OH
699 1696 911 1753 proxime
941 1695 1062 1740 linea
1091 1695 1229 1739 medii

50 1770 199 1810 motus
212 1763 431 1819 Telluris3
471 1762 553 1807 sed
585 1762 683 1819 ΟΚ,
713 1762 802 1818 ipsi
835 1760 918 1805 OH
949 1759 1008 1804 ad
1039 1761 1227 1805 eandem

0 1864 1 1890 3
52 1835 245 1885 rectam,
278 1834 349 1873 est
377 1827 498 1872 linea
527 1828 663 1872 medii
691 1832 842 1872 motus
875 1826 1005 1884 Solis,
1038 1825 1132 1871 fere
1161 1827 1227 1870 in-

0 1931 1 1938 ,
53 1906 189 1952 qum
218 1901 265 1940 et
292 1891 369 1940 ad
380 1894 569 1939 formam
599 1894 902 1938 astronomiae
939 1894 1117 1938 veteris.
1168 1897 1229 1938 At

0 1942 4 2026 Ι
53 1961 104 2008 in
141 1961 230 2007 hac
266 1960 568 2006 astronomiae
611 1957 934 2004 reformatione
979 1959 1228 2005 secundum

0 2035 4 2085 ἦ
55 2038 215 2078 musas
250 2027 461 2084 physicas
499 2038 590 2070 non
618 2023 872 2080 indigemus
912 2030 1062 2069 motus
1093 2026 1228 2071 medii

52 2090 172 2145 linea
199 2092 347 2151 HOK,
377 2092 458 2138 sed
486 2104 570 2149 pro
601 2089 767 2147 angulo
797 2090 944 2147 ΡΟΗ,
976 2091 1124 2136 minus
1157 2106 1229 2139 ac-

0 2155 5 2165 ’
57 2162 227 2214 curato,
258 2157 535 2215 exquirimus
568 2162 614 2202 et
642 2170 793 2202 aream
824 2124 944 2201 OCP’
970 2162 1016 2201 et
1046 2159 1259 2215 angulum
1283 2161 1410 2216 OPC,
1443 2176 1560 2220 quae
1591 2163 1680 2208 duo
1714 2162 2026 2220 aequipollent
2051 2160 2213 2217 juncta
2244 2159 2320 2207 an—

192 2221 331 2268 ΡΟΗ,

7 2347 10 2359 1
6 2220 164 2285 8⁸¹0
206 2298 419 2363 Quanta
455 2306 526 2348 est
570 2297 782 2348 Telluris
819 2302 1197 2350 eccentricitas?
1252 2303 1423 2368 Tycho
1456 2305 1707 2365 BraheuS‚
1753 2309 1942 2352 veteres
1982 2302 2114 2351 solos
2154 2303 2320 2349 imita-

59 2377 155 2434 tus,
193 2373 444 2421 constituit
482 2386 590 2421 eam
629 2371 841 2433 (scilicet
881 2372 992 2437 OQ)
1036 2375 1199 2439 3586,
1241 2377 1460 2439 qualium
1499 2378 1579 2427 CF
1620 2377 1983 2427 semidiameter
2023 2376 2208 2424 orbitae
2249 2380 2324 2422 est

65 2439 301 2508 10000ος
352 2447 502 2508 igitur
539 2443 805 2493 secundum
846 2444 1113 2496 doctrinam
1152 2448 1264 2498 libri
1303 2450 1366 2498 V.
1407 2466 1524 2500 vera
1563 2452 1894 2500 ecccntricitas
1936 2448 2031 2497 OG
2061 2449 2152 2497 erit
2189 2446 2321 2494 illius

12 2515 274 2580 dimidia,
311 2518 497 2567 scilicet
538 2517 692 2577 1793,
729 2530 817 2580 pro
857 2532 954 2580 quo
993 2521 1042 2568 in
1079 2522 1346 2584 appendice
1380 2511 1883 2588 Progymnasmatum
1911 2520 2089 2571 Brahei
2126 2522 2322 2584 ponitur

61 2590 294 2641 rotundus
331 2604 560 2639 numerus
606 2590 758 2637 1800.
788 2586 852 2653 ⁷⁰)

204 2662 303 2713 Sed
352 2665 565 2712 rationes
615 2662 952 2726 harmonicae,
1005 2679 1131 2727 quae
1178 2668 1392 2717 motibus
1432 2667 1642 2719 Telluris
1693 2667 1945 2717 vindicant
1994 2667 2319 2725 semitonium,

62 2736 272 2795 motibus
322 2736 527 2786 Veneris
575 2733 756 2796 diesin,
809 2743 1030 2786 neutram
1081 2744 1244 2788 tamen
1295 2756 1492 2804 puram,
1541 2742 1716 2804 jubent
1761 2757 1790 2790 a
1840 2741 2151 2804 proportione
2195 2739 2261 2785 5:
2291 2739 2320 2785 8

63 2807 248 2861 anferre
285 2812 649 2872 proportionem
691 2809 834 2857 243:
866 2811 994 2872 250,
1035 2811 1280 2861 residuum
1320 2828 1349 2861 a
1387 2817 1700 2877 proportione
1741 2815 1810 2862 3·
1842 2815 1888 2873 5,
1929 2818 1981 2861 ut
2018 2818 2166 2860 restet
2204 2825 2321 2873 pro-

12 2884 24 3004 ἱ
60 2883 220 2948 portio
259 2884 439 2931 2916·
469 2882 608 2930 3125
647 2864 868 2930 motuum
907 2889 1251 2946 extremorum,
1293 2900 1497 2948 quornm
1536 2887 1723 2941 radices
1767 2887 1922 2934 54⁸et
1963 2886 2027 2933 56
2068 2885 2165 2933 scic
2205 2884 2322 2943 fient

15 3009 20 3070 ἱ
65 2954 323 3090 ilngtgigallg
361 2962 601 3015 extrema,
652 2953 863 3003 medium
905 2955 987 3018 55,
1028 2959 1361 3010 eccentricitas
1407 2962 1459 3022 l,
1501 2975 1626 3023 quae
1665 2959 1801 3009 valet
1838 2957 1987 3021 paulo
2026 2956 2136 3020 plus
2175 2972 2321 3020 quam

0 3109 23 3219 ξ
214 3107 479 3172 Quomodo
517 3107 780 3154 invenitur
815 3105 935 3153 haec
973 3109 1344 3157 eccentricitas?
1412 3111 1456 3158 1.
1507 3110 1754 3171 Braheus,
1803 3111 1886 3173 qui
1925 3111 2165 3160 incessum
2206 3108 2319 3172 pla-

68 3185 286 3230 netarum
324 3195 408 3244 per
448 3179 632 3227 orbitas
669 3191 784 3226 suas
812 3177 1013 3241 physice
1052 3180 1359 3243 inaequalem
1387 3195 1495 3229 esse
1534 3181 1750 3230 nondum
1776 3184 1992 3246 agnovit,
2032 3182 2320 3232 methodum

20 3250 336 3305 Ptolemaei
374 3259 424 3301 et
458 3250 835 3314 Regiomontani
872 3257 1084 3313 secutus,
1124 3252 1255 3300 solas
1297 3253 1520 3301 adhibuit
1557 3255 1699 3303 obser
1705 3257 1926 3305 vationes
1950 3255 2080 3305 Solis
2121 3263 2169 3305 et
2208 3255 2322 3304 lon-

22 3323 310 3387 gitudines
360 3323 681 3388 quadrantum
729 3324 860 3371 anni.
934 3322 1060 3372 Nam
1109 3324 1147 3371 si
1201 3324 1346 3374 bodie
1393 3332 1556 3375 aestas
1607 3327 1756 3377 habet
1794 3327 1896 3378 dies
1941 3330 2039 3377 186
2080 3344 2188 3378 cum
2230 3329 2320 3378 do—

4 3345 30 3449 l
73 3396 254 3458 drame,
292 3400 364 3447 sic
401 3404 454 3445 ut
491 3396 660 3446 Tellus
698 3402 771 3444 tot
810 3394 980 3443 diebus
1019 3397 1067 3443 in
1108 3395 1244 3444 EGD
1284 3405 1521 3460 moretur,
1578 3401 1624 3447 in
1665 3400 1795 3450 ΒΓΕ
1846 3416 1960 3451 vero
2000 3399 2127 3468 (cum
2166 3403 2320 3451 hiems

27 3468 169 3538 eet)
211 3471 309 3519 178
350 3485 478 3519 cum
495 3471 721 3529 semisse,
771 3468 1100 3517 eccentricitas
1140 3466 1228 3530 OQ
1268 3469 1429 3532 prodit
1467 3474 1682 3533 proxime
1724 3475 1892 3539 3600,
1942 3476 2019 3523 sin
2057 3481 2220 3529 aestas
2261 3477 2323 3522 sit

29 3608 31 3616 Α
27 3526 256 3598 ¹(ilerum
312 3540 505 3610 1867„
555 3542 709 3592 hiems
764 3540 944 3589 dicrum
991 3542 1114 3600 179,
1166 3544 1497 3592 ecccntricitas
1548 3544 1762 3607 prodibit
1801 3549 1957 3596 3200.
2035 3548 2162 3610 Ergo
2186 3563 2319 3597 chia

29 3632 33 3665 l
75 3616 400 3664 eecennicitas
439 3614 522 3664 OC
563 3617 653 3664 erit
691 3611 939 3662 dimidium
970 3611 1138 3697 hujus,
1179 3613 1362 3663 scilicet
1407 3616 1544 3666 1800
1585 3617 1663 3668 vel
1708 3620 1859 3669 1600.

218 3687 265 3734 2.
304 3686 537 3737 Subtilior
583 3702 738 3750 eoque
779 3687 825 3732 in
868 3686 1075 3733 minimis
1124 3700 1218 3733 non
1258 3689 1377 3736 satis
1416 3688 1514 3737 fida
1553 3697 1626 3740 est
1664 3694 1785 3740 ratio
1835 3708 1921 3756 per
1960 3692 2088 3742 Solis
2131 3692 2320 3740 diamo-

33 3759 35 3783 ³
79 3766 228 3826 uum,
279 3773 404 3821 quae
438 3759 598 3811 hieme
638 3761 691 3808 fit
729 3760 832 3820 31¹,
871 3764 1059 3807 aestate
1099 3759 1200 3819 30‘,
1242 3765 1291 3809 et
1325 3761 1397 3811 sic
1434 3768 1649 3828 tempore
1688 3765 1973 3816 intermedio
2015 3761 2191 3832 3O¹l2‘,
2233 3765 2320 3812 crit

34 3837 39 3909 ξ
162 3855 318 3898 nuptm
339 3856 477 3899 οροη.
500 3859 565 3895 vr.
1905 3855 1971 3902 28
