2560 4100
211 116 275 164 26
837 108 1070 166 Epistolae
1099 109 1283 166 Kepleri
1313 109 1591 167 aliorumque
1621 96 1802 154 mutuae

208 260 353 308 etiam
390 259 670 322 imperiose:
711 256 826 305 dum
860 258 1008 320 igitur
1045 273 1264 323 propero,
1303 273 1380 306 me
1418 257 1628 321 implico.
1700 257 1844 307 Solus
1881 273 2003 318 sum,
2043 252 2257 307 calculus
2295 258 2439 321 longe

207 347 282 380 me
321 337 466 380 vexat
504 333 709 392 aegrius,
748 344 893 392 quam
933 332 1304 395 speculationes·
1379 331 1531 392 Spero
1570 337 1729 379 tamen
1766 333 2014 393 sequentis
2057 333 2168 379 anni
2193 332 2439 394 Epheme-

205 404 310 452 rida
349 411 397 452 et
435 410 603 466 typum
641 405 962 452 astronomiae
1017 407 1166 453 totius
1212 406 1258 451 in
1311 405 1531 464 sequenti
1567 403 1790 466 Epitome
1827 404 2164 453 Astronomiae
2207 404 2439 468 Coperni-

206 492 369 525 canae.
445 475 598 536 Vale,
637 481 862 540 properat
897 477 1195 526 tabellarius,
1271 476 1464 523 Dabam
1500 474 1657 523 Lincii
1700 478 1777 524 17.
1816 475 1933 526 Jun.
1977 478 2128 524 1616.
2203 477 2268 524 H.
2303 477 2439 525 Tuae

206 549 587 597 officiosissimus
960 571 963 577 ·
1486 557 1488 559 ’
1995 548 2051 596 J.
2091 549 2292 610 Kepler.

348 620 405 672 P.
443 619 492 670 S.
571 620 851 669 Salutamus
891 635 980 684 ego
1021 627 1069 671 et
1106 635 1226 670 uxor
1263 621 1457 667 fratrem
1495 626 1543 668 et
1578 618 1769 667 affinem
1808 626 2021 668 nostrum
2062 626 2220 683 teque.

353 691 554 743 Griigcrus
585 686 810 743 respondit,
842 694 893 732 ob
926 693 1138 733 adversam
1169 691 1448 731 valetudinem
1479 691 1767 729 mathematica
1794 694 1964 730 tractare
1995 705 2037 731 se
2068 704 2151 732 nou
2179 704 2301 743 posse
2332 692 2442 746 („sic

203 752 369 791 morbus
401 755 638 802 pervaserat
669 752 902 800 cerebrum,
951 755 999 790 ut
1029 752 1217 790 dubitare
1250 750 1474 802 coeperim,
1521 761 1573 787 an
1603 752 1750 800 quater
1779 760 1851 787 sex
1882 754 2019 789 essent
2048 749 2194 803 24.“),
2243 763 2368 801 quare
2397 763 2441 789 se

201 821 275 859 pro
305 813 490 860 tempore
521 809 576 848 ad
605 809 774 858 Kepleri
803 810 1022 859 epistolam
1051 811 1220 860 propius
1253 807 1364 846 adire
1395 808 1582 859 nequire.
1643 806 1710 844 Ad
1740 807 1924 860 tabulas,
1965 809 2127 858 inquit,
2177 813 2216 847 et
2247 815 2438 848 astrono-

202 868 310 906 miae
340 873 483 918 typum
514 868 701 919 sequenti
730 879 840 906 anno
872 866 1164 917 publicandum
1196 867 1308 904 Deus
1338 866 1388 906 Ο.
1418 864 1474 905 Μ.
1521 865 1601 904 tibi
1641 868 1806 912 vegetas
1850 865 1956 904 vires
2002 870 2042 904 et
2080 866 2280 916 Spiritum
2321 879 2439 910 suum

201 926 410 976 largiatur.
473 926 551 976 (Ex
583 925 756 974 epistola
786 926 823 964 d.
857 926 896 967 d.
928 927 997 966 29.
1031 927 1136 974 Aug.
1171 921 1312 976 1616.)

345 985 540 1024 Proxima
553 984 721 1033 Kepleri
753 985 941 1034 epistola,
973 995 1075 1033 quae
1096 986 1301 1034 superest,
1334 982 1431 1021 data
1464 985 1525 1022 est
1546 982 1583 1020 d.
1615 984 1678 1020 11.
1695 980 1837 1019 Martii
1863 982 1986 1034 1619,
2020 993 2150 1034 eaque
2171 983 2271 1022 haec
2291 982 2438 1023 babet:

348 1040 621 1093 clarissime
659 1042 762 1090 Vir.
839 1042 933 1104 Qui
970 1043 1060 1090 has
1096 1043 1202 1110 fert,
1243 1035 1492 1104 admonuit
1529 1055 1727 1090 uxorem
1766 1054 1938 1102 meam,
1978 1042 2021 1088 si
2059 1041 2174 1103 quid
2213 1041 2276 1090 ad
2314 1042 2435 1090 frat-

199 1131 300 1166 rem
337 1117 456 1166 velit
492 1115 818 1179 perscribere3
871 1130 962 1177 ego
1001 1115 1064 1164 ad
1102 1122 1155 1164 te
1186 1114 1330 1164 malo.
1407 1115 1553 1163 Dicas
1606 1115 1754 1175 igitur
1803 1114 1896 1174 ipsi
1945 1113 2150 1162 salutem
2190 1129 2219 1162 a
2257 1129 2347 1174 me,
2389 1121 2438 1163 et

200 1192 379 1239 amissa
433 1189 533 1237 filia
579 1193 813 1250 utraque,
871 1188 1183 1250 Margaretba
1233 1202 1361 1236 anno
1419 1189 1571 1236 1617.
1611 1186 1884 1249 Septembri
1923 1192 1971 1234 et
2010 1185 2273 1236 Catharina
2311 1202 2439 1236 anno

203 1264 354 1313 1618.
395 1263 690 1325 Februario,
747 1261 941 1309 trimula
987 1260 1103 1322 illa,
1158 1260 1250 1309 hac
1300 1260 1549 1319 annicula,
1605 1264 1801 1307 auctum
1844 1273 1920 1307 me
1960 1260 2171 1307 vicissim
2209 1260 2309 1309 filio
2348 1260 2440 1309 Se-

199 1335 345 1393 baldo
390 1337 470 1383 18.
509 1333 624 1383 Jan.
662 1333 807 1396 hujus
851 1335 1013 1396 16193
1053 1333 1215 1383 valere
1252 1340 1467 1394 matrem,
1507 1332 1658 1381 filium
1688 1332 1977 1393 fratremque
2002 1333 2154 1400 ipsius
2180 1347 2287 1382 cum
2314 1332 2439 1382 libe-

198 1410 278 1470 ris,
318 1410 450 1457 tenui
487 1407 601 1456 licet
637 1406 844 1456 fortuna.

339 1481 414 1529 De
466 1479 679 1529 Cometis
727 1480 894 1542 scripsi
945 1484 1224 1541 tractatum,
1273 1478 1360 1528 sed
1397 1477 1568 1528 absum
1608 1476 1669 1525 ab
1707 1475 1892 1525 idoneis
1930 1478 2259 1542 typographis,
2334 1477 2439 1527 De-

198 1558 411 1602 monstro
451 1567 536 1616 per
572 1558 755 1601 motum
794 1553 990 1618 Terrae,
1028 1568 1175 1615 quam
1212 1552 1340 1600 altus
1378 1551 1459 1599 ille
1498 1552 1545 1597 in
1583 1549 1776 1599 aethere
1816 1555 1864 1598 et
1902 1551 2148 1612 quomodo
2189 1552 2439 1614 trajectio-

196 1642 307 1676 nem
344 1627 511 1675 fecerit
547 1625 995 1689 aequabilissimam
1035 1627 1083 1673 in
1118 1625 1251 1675 linea
1288 1633 1433 1674 recta.
1473 1651 1546 1659 --
1582 1621 1820 1673 Schedam
1860 1625 2350 1687 accepi'Argentina‚
2390 1627 2439 1672 in

197 1715 294 1763 qua
329 1714 472 1763 rogas
511 1713 669 1747 meam
708 1701 1000 1747 sententiam
1039 1713 1182 1763 super
1221 1698 1523 1747 dubitatione
1560 1698 1611 1744 in
1650 1696 2019 1759 argumentandi
2056 1697 2213 1747 forma
2249 1712 2334 1761 per
2360 1713 2440 1748 re-

114 1800 134 1811 ae
193 1774 467 1823 fractiones.
542 1772 800 1832 Invenies,
841 1771 972 1835 quod
1009 1774 1219 1835 quaeris,
1260 1773 1308 1819 in
1350 1771 1688 1820 Astronomiae
1725 1774 1860 1832 parte
1901 1767 2092 1833 Optica.
2167 1770 2440 1820 Refractio-

194 1861 281 1896 nes
334 1848 383 1907 in
434 1840 527 1893 20⁰
572 1844 843 1894 altitudinis
895 1845 1120 1894 desinunt
1166 1859 1271 1894 esse
1321 1843 1574 1893 sensibiles
1620 1842 1782 1891 subito
1823 1844 1978 1904 quasi.
2056 1842 2258 1907 Oportet
2295 1845 2441 1907 igitur

195 1920 407 1969 subitam
445 1917 666 1967 similiter
702 1917 804 1966 fieri
842 1921 1155 1968 mutationem
1194 1917 1518 1966 inclinationis
1557 1915 1799 1965 radiorum
1838 1930 1980 1979 super
2019 1917 2320 1981 superficiem
2359 1932 2439 1967 re-

204 1993 508 2056 fringentem.
585 1990 652 2039 At
690 2005 786 2053 quo
825 1992 967 2041 altior
1006 2007 1037 2041 a
1068 1991 1215 2040 Terra
1256 1990 1557 2054 superficies,
1604 1989 1696 2037 hoc
1732 1990 1890 2036 minus
1927 1994 1975 2038 et
2011 1991 2059 2036 in
2099 2005 2157 2039 ea
2195 1990 2444 2050 variabilis

194 2066 440 2115 inclinatio
480 2065 585 2127 ejus
606 2063 746 2126 radii,
788 2066 872 2126 qui
909 2079 994 2128 per
1032 2079 1139 2114 eam
1178 2077 1332 2126 usque
1373 2062 1435 2112 ad
1472 2063 1671 2111 Terram
1718 2061 1920 2109 ducitur.
2014 2066 2080 2121 (In
2144 2056 2440 2125 A'tangatur

196 2142 359 2197 Terra,
404 2141 550 2185 minus
597 2140 734 2198 igitur
777 2138 927 2185 differt
958 2140 991 2184 C
1033 2153 1061 2183 a
1099 2144 1224 2185 recto
1258 2151 1391 2195 quam
1421 2138 1472 2182 B.
1531 2138 1632 2182 Non
1664 2142 1735 2181 est
1762 2142 1911 2182 autem
1940 2136 2148 2181 retractio
2178 2142 2353 2182 tantum
2384 2135 2442 2184 ab

191 2204 495 2262 inclinatione,
519 2204 630 2249 alias
654 2209 775 2249 esset
795 2204 860 2248 illi
880 2203 1243 2263 proportionalis,
1267 2203 1346 2248 sed
1370 2204 1502 2248 etiam
1526 2202 1581 2247 ab
1597 2202 1871 2248 incremento
1895 2203 2088 2248 secantis
2108 2203 2456 2266 inclinationis.)

192 2274 354 2337 Hujus
392 2276 663 2338 argumenti
699 2273 822 2322 haec
859 2276 934 2322 vis
972 2279 1060 2334 est,
1101 2279 1155 2322 ut
1190 2287 1285 2320 non
1325 2274 1508 2337 possim
1534 2272 1786 2323 defendere
1813 2272 2122 2322 retractiones
2150 2288 2180 2321 a
2207 2273 2439 2338 Tycbone

194 2347 425 2411 proditas,
465 2349 560 2396 nisi
598 2349 723 2397 aeris
760 2346 1062 2410 superficiem
1099 2345 1436 2408 refringentem
1474 2345 1778 2395 humiliorem
1816 2359 1913 2394 uno
1939 2345 2133 2395 milliari
2151 2345 2441 2397 Germanico

195 2436 399 2469 sumam.
2316 2452 2326 2457 -

339 2492 467 2555 Quid
504 2498 753 2558 praeterea
791 2507 959 2555 agam,
1013 2507 1070 2541 ex
1117 2490 1320 2554 adjectis
1371 2490 1562 2540 schedis
1597 2491 1850 2555 superfluis
1888 2490 2043 2554 habe;
2081 2497 2280 2558 quartus
2319 2491 2440 2541 liber

197 2567 492 2624 (Harmoniae)
542 2565 688 2615 hodie
737 2563 1044 2626 absolvetur,
1109 2572 1160 2612 at
1210 2564 1423 2613 nondum
1472 2570 1586 2612 sunt
1636 2567 1800 2614 excusi
1852 2566 2032 2628 primus
2081 2573 2130 2613 et
2180 2565 2437 2614 secundus.

196 2637 454 2701 Appendix
507 2653 615 2688 cum
666 2638 901 2703 Mysterio
954 2637 1365 2702 Cosmograpbico
1416 2637 1614 2686 accedet
1641 2638 1981 2702 ‘Francofurti
2056 2636 2198 2686 Mitte
2256 2635 2438 2700 quaeso

193 2725 337 2759 unam
376 2713 604 2775 paginam
641 2711 704 2760 ad
740 2712 802 2759 D.
842 2711 903 2759 D.
944 2711 1180 2775 Papium,
1235 2713 1310 2759 cui
1350 2716 1465 2774 puto
1503 2709 1716 2774 placebit
1752 2711 1872 2759 liber
1911 2709 1996 2757 IV.
2038 2711 2100 2758 ob
2138 2710 2438 2775 metaphysi-

194 2797 275 2832 cas
314 2790 361 2832 et
399 2784 625 2849 physicas
664 2795 749 2833 seu
790 2783 1157 2848 psychologicas
1197 2783 1643 2847 contemplationes.
1920 2818 1922 2820 »

342 2856 479 2906 Vale.
555 2859 751 2922 Raptim
789 2857 944 2905 Lincii
990 2859 1069 2917 11.
1108 2857 1300 2918 Martii,
1354 2870 1450 2920 quo
1502 2856 1578 2906 die
1629 2856 1760 2905 fama
1808 2856 2079 2920 percrebuit
2131 2855 2190 2905 de
2230 2856 2438 2906 Caesare

192 2933 397 2990 mortu0,
438 2929 523 2978 sed
562 2930 721 2979 adhuc
758 2932 955 2979 incerta.

337 3000 454 3051 Quae
484 3003 529 3040 in
561 3004 841 3052 superioribus
875 3001 1076 3052 Keplerus
1108 3001 1158 3040 do
1187 3001 1504 3042 refractionibus
1535 3002 1700 3046 scribit,
1744 3002 1931 3051 spectant
1960 3001 2244 3052 quaestionem
2264 3031 2274 3051 ,
2313 3013 2437 3054 quam

195 3057 395 3108 Griigerus
428 3058 637 3099 Straussio
666 3065 954 3112 proposuerat,
986 3065 1132 3111 petens
1165 3064 1212 3099 ut
1243 3059 1412 3111 Kepleri
1438 3058 1640 3109 ¹judicium
1675 3060 1724 3098 de
1754 3059 1830 3097 bac
1860 3071 1902 3097 re
1934 3058 2013 3096 sibi
2047 3060 2334 3112 communicet,
2367 3072 2435 3100 ar-

192 3122 387 3165 gumenta
417 3117 588 3170 scilicet,
620 3120 772 3170 quibus
802 3131 844 3157 re
873 3129 971 3156 vera
999 3119 1167 3168 probari
1182 3119 1328 3171 possit,
1359 3118 1670 3167 refractionem,
1701 3128 1828 3170 quam
1857 3117 1946 3155 fieri
1977 3117 2203 3166 videamus,
2236 3118 2289 3156 ab
2312 3120 2437 3158 unica

192 3179 355 3214 tantum
385 3176 613 3215 mediorum
644 3177 882 3215 diversitate
913 3173 1014 3217 fieri.
1048 3198 1102 3204 —
1134 3177 1313 3227 AdJecta
1354 3188 1380 3215 a
1418 3175 1597 3227 Keplero
1640 3177 1769 3224 figura
1806 3179 1889 3214 tres
1931 3175 2100 3213 exhibet
2129 3174 2304 3215 circulos
2336 3188 2436 3216 con-

193 3235 419 3286 centricos;
463 3234 664 3284 intimus,
697 3238 1010 3284 repraesentans
1042 3236 1232 3288 Terram,
1280 3237 1465 3285 tangitur
1494 3237 1537 3274 in
1571 3235 1606 3274 Α
1635 3234 1748 3273 linea
1780 3232 1911 3287 ABG,
1960 3245 2067 3282 quae
2095 3232 2279 3272 medium
2309 3236 2354 3274 in
2380 3230 2435 3289 Β,

194 3295 418 3330 extremum
451 3293 497 3331 in
528 3291 559 3330 G
592 3295 718 3331 secat.
1073 3296 1077 3299 '

337 3349 469 3399 Quem
498 3350 621 3389 modo
652 3350 887 3400 praemissis
921 3350 1022 3389 dicit
1055 3351 1255 3401 Keplcrus
1288 3347 1510 3403 Papium
1541 3346 1790 3404 (medicum),
1823 3360 2027 3398 quamque
2056 3350 2203 3400 paucis
2233 3362 2435 3395 memora-

191 3409 326 3448 vimus
357 3409 437 3449 vol.
472 3409 528 3447 II.
559 3420 600 3459 p.
634 3410 688 3447 36
706 3439 717 3460 ,
764 3408 843 3446 hoc
870 3406 962 3446 loco
996 3407 1233 3457 loquentem
1264 3411 1589 3458 introducimus,
1636 3419 1727 3447 cum
1757 3419 1840 3446 nun
1869 3409 2076 3457 prioribus
2107 3411 2267 3446 tantum
2298 3410 2433 3459 annis,

193 3468 265 3506 sed
295 3470 581 3521 eoxtempore,
623 3478 706 3518 quo
737 3464 940 3515 Keplerus
972 3467 1034 3520 yde
1066 3467 1362 3506 conscribenda
1390 3470 1582 3520 Epitome
1613 3477 1704 3506 cum
1736 3476 1783 3504 eo
1814 3467 1987 3519 agebat,
2019 3466 2183 3516 saepius
2215 3465 2438 3517 Keplerum

192 3526 339 3571 adiret,
370 3525 537 3563 hortans
569 3528 615 3562 ut
644 3524 954 3563 lucubrationes
986 3536 1081 3562 suas
1113 3526 1410 3566 astronomicas
1441 3531 1482 3566 et
1509 3526 1702 3576 physicas
1733 3525 1846 3575 typis
1875 3524 2107 3565 mandaret.
2169 3524 2291 3562 Anno
2326 3529 2431 3565 1611

193 3585 283 3627 (23.
317 3583 455 3633 Sept.)
489 3581 712 3621 condolens
742 3582 955 3632 respondit
984 3583 1186 3632 Keplero,
1235 3585 1307 3634 qui
1338 3586 1421 3634 ipsi
1450 3587 1621 3623 mortem
1650 3583 1791 3621 uxoris
1822 3586 1865 3620 et
1890 3581 2114 3624 liberorum
2144 3583 2436 3622 nunciaverat:

191 3639 334 3680 Facile
364 3641 505 3690 credo,
550 3642 594 3679 in
625 3652 783 3679 summo
817 3640 939 3678 etiam
974 3639 1114 3678 dolore
1141 3642 1369 3690 Jucundum
1402 3644 1482 3683 tibi
1511 3643 1660 3690 fuisse,
1710 3639 1865 3679 doloris
1909 3641 2029 3689 signa
2070 3640 2115 3678 in
2147 3641 2281 3678 sinum
2314 3644 2437 3694 quasi

194 3711 331 3738 meum
361 3699 537 3749 prolixis
568 3699 699 3737 literis
731 3698 951 3737 effundere.
1013 3698 1209 3737 Libenter
1238 3697 1322 3747 legi
1354 3701 1496 3739 omnia
1525 3703 1801 3750 symptomata
1831 3697 1991 3751 morbi,
2023 3710 2105 3750 quo
2139 3699 2345 3738 exstincta
2376 3707 2438 3740 est

204 3758 443 3797 charissima
474 3761 544 3796 tua
574 3769 678 3795 uxor
707 3769 749 3808 p.
781 3768 833 3796 m.
892 3755 1061 3795 Utinam
1090 3768 1185 3795 vero
1217 3757 1296 3795 tibi
1325 3770 1399 3808 per
1429 3759 1658 3798 amicitiam
1689 3760 1875 3796 nostram
1904 3757 2155 3807 remedium,
2188 3755 2342 3799 doloris
2375 3760 2436 3798 tui

195 3815 477 3866 magnitudini
498 3815 762 3869 conveniens,
791 3814 951 3855 mittere
977 3817 1066 3865 J'am
1096 3826 1274 3866 possem.
1334 3816 1468 3858 Doleo
1498 3816 1702 3870 equidem,
1733 3815 1784 3856 de
1814 3816 1941 3857 stibio
1957 3815 2121 3870 aliquid
2149 3814 2280 3857 fuisse
2312 3818 2431 3858 obla-
