2554 4140
530 151 599 194 De
628 148 749 193 Anni
785 148 1044 204 Quantitate
1073 152 1119 193 et
1146 146 1548 205 Aequinoctiorum
1576 146 1909 193 Praecessione.
2250 152 2348 200 109

95 297 213 341 hanc
243 294 498 352 opinionem
527 307 556 338 a
584 294 843 340 Ptolemaeo
873 295 1033 351 visam,
1063 307 1211 351 neque
1239 299 1390 340 tamen
1419 297 1599 338 tactam.
1632 291 1809 337 Tribuit
1837 305 1934 337 eam
1964 291 2112 337 Medis
2144 296 2189 337 et
2207 291 2352 349 Baby-

91 361 234 406 loniis.
281 360 337 405 J,
371 360 573 417 Scaliger
602 361 804 407 meminit
831 361 1019 407 Roberti
1047 360 1363 412 Linconensis,
1410 359 1464 404 de
1508 357 1793 414 aequinoctio
1834 357 2095 411 scribentis;
2133 358 2243 402 item
2273 357 2351 402 Jo-

91 427 253 472 hannis
300 425 355 470 de
401 425 612 471 Saxonia.
693 425 1060 482 Calocalonymos
1105 431 1324 482 testatur,
1371 422 1685 481 -Alpetragium
1729 422 1895 468 vixisse
1948 429 2053 481 post
2093 423 2354 469 Averroem.

90 492 252 545 Matth.
291 492 632 538 Guarimbertus
672 492 926 537 Parmensis
967 491 1279 548 obliquitatem
1317 489 1550 546 eclipticae
1589 492 1795 533 numerat
1835 489 1920 534 23⁰
1957 489 2026 534 33‘
2069 490 2152 535 30‘.
2226 487 2352 538 Vixit

86 564 192 615 post
220 557 479 616 Halialben,
511 557 872 614 Albumasarem,
911 555 1194 614 Alcabitium‚
1227 554 1500 612 Messallah,
1532 555 1604 601 J0.
1635 552 1974 612 Hispalensem,
2016 553 2157 611 Haly,
2200 552 2351 598 Ptole·

91 623 207 669 maei
237 624 542 681 interpretem,
577 638 689 680 quos
721 624 831 681 legit
860 627 905 667 et
936 621 1119 678 allegat.
1439 665 1441 667 ,

203 688 277 734 Ex
297 689 475 741 scheda,
507 702 640 746 quam
658 687 965 734 Schickardus
997 689 1132 733 vertit
1163 700 1219 732 ex
1234 690 1464 732 Avenesra
1495 686 1570 741 (an
1601 684 1728 730 Aven
1760 684 1875 729 Jsak
1897 684 2039 729 Israel
2051 686 2101 738 Ῥ),
2135 685 2211 741 qui
2233 684 2354 739 dicit,

88 769 138 801 se
173 755 320 800 minus
356 754 478 799 mille
519 756 647 800 annis
688 761 794 812 post
832 754 1140 800 Ptolemaeum
1180 754 1370 810 vixisse,
1412 751 1653 809 obliquitas
1693 757 1760 795 est
1792 750 1873 795 23⁰
1903 751 1974 796 30¹
2013 756 2058 795 et
2097 751 2353 804 semisexta‚

87 822 114 866 i.
146 834 185 865 e.
217 822 274 865 5¹.
334 821 460 866 Vixit
489 834 595 878 ergo
629 827 732 866 ante
768 821 880 865 1140
913 820 1094 864 Christi.

207 887 258 931 P.
288 886 492 942 Apianus
522 887 571 930 in
601 885 935 931 introductione
967 883 1279 940 Geographiae
1317 896 1356 927 a.
1388 884 1456 930 33.
1491 881 1636 938 edita,
1677 880 1752 926 fol.
1786 882 1831 926 C.
1866 882 1906 929 3.
1937 881 2053 927 facie
2083 882 2128 928 b.
2162 888 2205 928 et
2237 882 2281 926 C.
2312 883 2353 927 4.
2415 900 2419 902 “

87 953 119 998 f.
150 967 191 1010 a,
221 952 414 1008 primum
438 959 674 1008 suspectas
706 951 816 997 facit
845 951 1106 996 latitudines
1137 951 1340 1004 fixarum,
1373 950 1525 995 dicens
1561 953 1829 1005 „sequentes
1861 948 2012 994 adhuc
2041 949 2233 1006 vestigia
2247 949 2354 994 Pto-

84 1018 295 1075 lemaei“‚
336 1016 498 1062 deinde
542 1022 799 1072 constant-er
838 1016 1055 1073 affirmat,
1101 1016 1173 1061 die
1215 1016 1488 1073 aequinoctii
1525 1013 1751 1060 Alfonsini
1789 1013 1937 1059 adhuc
1978 1019 2210 1059 arcuatam
2253 1026 2353 1060 esse

92 1083 268 1129 lineam.

381 1145 600 1184 Wernerus
633 1156 671 1186 a.
707 1145 821 1184 1514
963 1142 1065 1184 decl.
1098 1143 1256 1194 polaris
1288 1141 1369 1183 85⁰
1399 1143 1483 1193 50‘,
1516 1142 1612 1183 dist.
1646 1141 1699 1183 4⁰
1730 1143 1814 1184 10¹.
1876 1143 1917 1184 Ο.

707 1202 1027 1243 1548‘Lovanii
1094 1222 1614 1230 —-—-——·——-———-
1646 1203 1684 1242 3.
1752 1202 1793 1242 8.

705 1263 818 1302 1573
851 1261 1064 1309 Augustae
1094 1282 1613 1289 -———-———
1646 1262 1688 1302 3.
1755 1261 1796 1300 ο.
1851 1259 1917 1300 15.

710 1322 822 1362 1589
855 1319 1058 1358 Huennae
1090 1339 1618 1350 ——————-‘————-—-—
1649 1321 1690 1360 2.
1734 1320 1804 1361 54.
1851 1319 1920 1360 50.

202 1385 286 1429 Hic
300 1385 550 1429 Wernerus
582 1383 819 1435 exorbitat,
851 1382 925 1425 vix
945 1380 1063 1424 enim
1087 1380 1136 1424 3⁰
1164 1379 1235 1424 30‘
1266 1378 1416 1435 potuit
1448 1391 1550 1425 esse
1573 1379 1797 1426 distantia.
1863 1382 1930 1426 Ac
1961 1392 2018 1424 ne
2046 1379 2354 1426 Peurbachius

90 1449 269 1507 quidem
311 1456 484 1495 tantam
519 1447 719 1493 invenire
765 1446 928 1504 potuit.
991 1443 1258 1489 Stoefllerus
1299 1449 1344 1488 et
1383 1444 1571 1501 Pighius
1611 1447 1834 1503 scripsere
1879 1444 1935 1490 de
1977 1447 2231 1507 Calendarii
2266 1448 2356 1494 Ro·

87 1516 209 1560 mani
252 1516 543 1562 correctione.
604 1516 651 1559 P.
692 1512 1122 1569 Middelburgiensis
1161 1512 1208 1555 in
1246 1510 1450 1556 Paulinis
1491 1513 1543 1569 (5³)
1584 1512 1787 1569 ejusdem
1833 1515 2099 1570 argumenti.
2177 1515 2356 1561 Clavius

87 1581 119 1627 f.
150 1584 219 1629 30.
250 1587 396 1640 putat,
427 1579 704 1643 universales
735 1577 912 1624 tabulas
943 1592 1034 1622 non
1065 1590 1202 1634 posse
1233 1577 1358 1622 strui.
1405 1577 1659 1634 Campanus
1691 1579 1871 1636 scripsit
1902 1579 1957 1624 de
1982 1580 2215 1639 Computo,
2259 1581 2355 1626 Cla-

89 1642 187 1691 vius'
217 1648 293 1701 ait,
323 1654 497 1693 veteres
526 1645 751 1703 probabili
771 1645 1034 1701 conjectura
1065 1644 1224 1690 ductos
1248 1657 1413 1689 annum
1433 1644 1719 1701 inaequalem
1741 1646 1962 1703 suspicari
1983 1647 2200 1706 coepisse,
2234 1647 2357 1704 quod

91 1714 168 1758 Sol
197 1714 497 1770 inaequaliter
526 1712 719 1758 incedat.
751 1741 755 1746 ·
2129 1714 2133 1718 ‘

204 1780 326 1824 Nota
357 1793 432 1828 ea,
466 1792 581 1834 quae
611 1778 799 1824 Proclus
829 1777 1093 1822 Diadochus
1123 1777 1289 1835 Lycius
1322 1777 1588 1833 quaestione
1625 1778 1665 1822 8.
1700 1779 1755 1824 de
1793 1780 1975 1836 punctis
2005 1779 2190 1837 tropicis
2221 1772 2359 1825 habet

91 1852 137 1891 et
165 1859 247 1903 per
276 1857 527 1903 apogaeum
559 1844 676 1890 Solis
708 1849 898 1890 excusat
928 1849 973 1889 et
1002 1843 1205 1889 meminit
1234 1850 1384 1906 motus
1416 1846 1593 1902 (motus,
1624 1844 1822 1903 inquam,
1854 1858 1945 1890 non
1973 1845 2201 1899 nominis),
2238 1845 2356 1890 The-

88 1911 268 1967 bitiani,
308 1925 441 1968 quem
469 1911 758 1968 Alpetragius
790 1911 967 1955 Theoni
996 1910 1165 1954 tribuit.
1230 1909 1473 1965 Quaeritur
1511 1914 1636 1953 aetas
1667 1909 1830 1956 Procli.
1892 1909 2091 1954 Thebitii
2129 1912 2356 1956 enarratio

89 1983 290 2023 motuum
318 1977 671 2034 planetariorum
703 1982 748 2021 et
767 1976 889 2021 VIII.
921 1976 1143 2033 sphaerae
1174 1982 1324 2021 exstat
1354 1972 1401 2020 in
1420 1989 1510 2021 uno
1543 1975 1816 2032 quodlibeto.
1852 1975 2067 2021 Garlandi
2096 1977 2281 2022 tabulae
2310 1979 2357 2023 in

90 2042 203 2088 libro
233 2042 521 2088 Bacchanali.
581 2043 772 2100 Quidam
805 2043 940 2088 docet
969 2049 1142 2089 struere
1173 2043 1409 2088 Arzahelis
1441 2042 1634 2100 tabulas,
1665 2044 1833 2089 ibidem
1863 2042 2001 2089 habet
2031 2043 2249 2100 quasdam
2281 2050 2356 2090 ob-

90 2109 378 2154 servationes.
443 2108 643 2165 Scaliger
672 2107 747 2153 fol.
770 2108 880 2154 ¹200.
913 2108 1026 2154 haec
1058 2122 1115 2153 ex
1138 2109 1303 2167 Ignatii
1333 2108 1627 2154 Patriarchae
1656 2108 1931 2155 Antiocheni
1958 2109 2123 2155 literis:
2160 2111 2358 2160 „Mustffl

90 2177 202 2222 raka
231 2182 359 2222 erant
387 2174 435 2219 in
454 2173 543 2218 fine
563 2174 693 2220 Aban
722 2175 902 2229 mensis,
935 2174 1097 2220 cumis
1119 2174 1364 2231 Jezdegird
1395 2175 1587 2220 accessit
1617 2175 1675 2220 ad
1694 2176 1955 2232 imperium,
1977 2181 2028 2220 ut
2049 2175 2231 2234 scripsit
2249 2175 2359 2222 mihi

90 2242 312 2300 Ignatius,
353 2239 617 2286 Patriarcha
656 2241 986 2298 Antiochenus‚
1037 2241 1104 2286 vir
1140 2242 1321 2298 linguae
1360 2241 1570 2287 Persicae
1605 2242 1922 2300 peritissimus.
1959 2242 2086 2299 'Ipse
2125 2243 2358 2294 transtulit

2 2309 5 2349 1
91 2310 191 2367 ipsa
219 2308 267 2353 in
296 2308 366 2353 23.
390 2307 556 2365 Martii,
587 2312 638 2352 ut
658 2307 781 2352 Adar
809 2308 1027 2353 incideret
1046 2309 1092 2352 in
1126 2308 1192 2353 18.
1215 2307 1382 2366 Martii,
1414 2308 1460 2352 in
1493 2322 1581 2366 quo
1605 2309 1677 2355 die
1709 2307 2030 2355 conficiebatur
2052 2307 2132 2353 illo
2155 2313 2358 2367 tempore

95 2375 363 2434 aequinoctii
394 2374 530 2432 sidus,
563 2381 609 2420 et
639 2375 745 2420 hinc
785 2375 1004 2432 inciperet
1042 2387 1202 2432 magna
1240 2372 1454 2432 periodus
1485 2375 1664 2420 Neuraz
1697 2375 2039 2434 Jezdegirdici.¹¹
2115 2374 2358 2432 Jezdegird

0 2456 7 2482 >¹
97 2453 396 2498 caesusanno
427 2441 466 2485 2.
496 2441 684 2499 imperii,
718 2455 835 2497 anno
860 2442 939 2487 Ch.
973 2443 1071 2488 632.
1133 2443 1258 2486 Haec
1287 2441 1390 2485 ideo
1411 2441 1534 2487 facta
1565 2441 1804 2501 translatio
1833 2443 1922 2485 hoc
1942 2440 2226 2498 potissimum
2247 2446 2358 2486 tem-

96 2521 224 2566 pore,
256 2508 360 2564 quia
388 2512 498 2551 tunc
528 2507 588 2564 (1.
620 2508 753 2560 Thot)
783 2509 1091 2556 Nabonassari
1133 2510 1246 2555 1380
1289 2509 1446 2554 incidit
1474 2509 1521 2553 in
1551 2509 1619 2555 18.
1650 2509 1819 2554 Martii.
1879 2508 2001 2565 Ergo
2033 2514 2161 2553 nota:
2208 2520 2292 2552 nec
2333 2519 2360 2551 a

97 2574 232 2620 caede
270 2587 354 2619 nec
391 2587 419 2617 a
458 2573 679 2632 principio
717 2573 977 2631 Jezdegird,
1025 2574 1106 2620 sed
1144 2575 1250 2632 quia
1289 2574 1373 2620 sub
1415 2574 1655 2632 Jezdegird
1700 2579 1912 2632 coeptum
1954 2574 2191 2620 consilium
2229 2572 2358 2619 resti·

10 2678 11 2681 ,
94 2639 289 2686 tuendae
319 2639 533 2698 epochae.

250 2930 419 2979 Finem
471 2929 701 2978 facientes
757 2930 1046 2993 praefationi
1085 2937 1280 2981 nostrae
1333 2933 1419 2993 iis,
1475 2944 1597 2994 quas
1651 2932 1699 2977 in
1747 2929 2025 2993 praemissis
2073 2926 2359 2992 collegimus

110 3003 387 3066 aequalium
433 3002 492 3052 de
530 3002 729 3066 Kepleri
781 3017 928 3067 opere
978 3011 1027 3054 et
1076 3005 1250 3054 studiis
1289 3005 1626 3053 astronomicis
1665 3005 1958 3063 sententias,
2015 3002 2359 3065 subjungimus

101 3075 339 3138 judicium
375 3077 672 3141 posterioris,
712 3077 798 3138 qui
835 3078 972 3127 brevi
1010 3085 1123 3143 post
1159 3077 1360 3141 Kepleri
1399 3078 1584 3126 obitum
1631 3075 1921 3126 illustranda
1958 3074 2359 3138 defendendaque

108 3156 386 3217 susceperat
434 3149 568 3199 illius
619 3150 835 3200 inventa.
922 3150 957 3200 J
972 3152 1263 3201 eremiam
1317 3150 1521 3198 dicimus
1574 3149 2004 3210 Horroccium,
2061 3163 2205 3212 quem
2259 3149 2358 3197 alio

10 3194 16 3295 ξ
105 3223 213 3273 loco
251 3230 350 3282 (vol.
382 3231 456 3272 111.
488 3242 527 3282 p.
560 3232 645 3271 513
678 3229 750 3284 ss.)
790 3222 1117 3274 laudavimus.
1194 3223 1252 3272 In
1290 3222 1541 3272 Horroccii
1579 3222 1729 3284 libro,
1779 3237 1924 3287 quem
1962 3220 2116 3272 edidit
2152 3221 2359 3287 posthu-

13 3300 16 3319 ¹
107 3304 237 3347 mum
272 3297 492 3347 Joannes
531 3297 811 3361 wallisius,
850 3298 1159 3360 inscriptum:
1205 3297 1550 3360 „Astronomia
1585 3295 1882 3360 Kepleriana
1919 3295 2119 3346 defensa
2158 3302 2207 3346 et
2241 3310 2359 3359 pro-

108 3371 269 3421 mota“
311 3372 433 3420 inter
469 3369 569 3420 alia
603 3376 873 3422 memoratu
914 3369 1062 3433 digna
1099 3369 1221 3418 haec
1259 3368 1679 3434 deprehendimus.

17 3466 21 3512 ἱ
256 3443 552 3508 Copernicus
589 3445 911 3509 speculationi
950 3457 1068 3492 suae
1105 3455 1200 3491 non
1239 3442 1505 3505 perfectum
1557 3442 1770 3506 undique
1817 3444 2025 3493 nitorem
2062 3441 2356 3502 conciliavit,

18 3514 21 3536 *
116 3515 227 3565 dum
266 3524 480 3566 centrum
519 3519 707 3567 orbium
745 3517 1000 3568 mobilium
1038 3516 1210 3565 statuit
1247 3529 1344 3565 non
1371 3517 1418 3563 in
1446 3517 1552 3581 ipso
1579 3515 1707 3566 Solis
1736 3530 1955 3582 corpore,
1991 3514 2077 3565 sed
2103 3517 2151 3563 in
2177 3521 2357 3580 puncto

18 3548 24 3627 t
115 3588 324 3651 quodam
360 3603 512 3654 prope
550 3591 731 3641 Solem.
809 3589 1106 3639 Particulam
1152 3588 1277 3638 hanc
1314 3588 1659 3652 hypothesium
1700 3590 1954 3653 Copernici
2000 3589 2201 3638 feliciter
2250 3602 2358 3638 cor-

11 3674 25 3717 ,vg
112 3663 270 3725 rigens
305 3662 560 3727 Keplerus,
600 3664 848 3729 splendori
886 3678 975 3712 suo
1014 3662 1225 3711 restituit
1249 3664 1611 3722 astronomiam,
1651 3668 1864 3712 centrum
1892 3663 2079 3712 orbium
2105 3661 2358 3711 mobilium

22 3721 27 3778 Ι
116 3735 165 3781 in
201 3736 360 3798 ipsum
396 3736 526 3786 Solis
565 3752 743 3802 corpus
779 3737 1084 3786 transferens.
1161 3733 1328 3797 Ipsum
1365 3734 1459 3785 hoc
1494 3735 1715 3799 pluribus
1753 3736 2022 3786 rationibus
2061 3735 2219 3783 firmat
2255 3740 2356 3782 tum

116 3807 165 3854 in
203 3807 569 3860 Commentariis
608 3810 668 3861 de
705 3818 842 3860 motu
880 3809 1077 3869 Martis,
1119 3814 1231 3870 tum·
1259 3809 1404 3858 etiam
1443 3809 1491 3857 in
1529 3809 1754 3873 Epitome
1791 3809 2132 3858 Astronomiae
2172 3807 2358 3870 Ceper-

25 3866 30 3950 ζ
117 3880 338 3931 nicanae.
413 3882 646 3932 Rationes
683 3883 883 3947 Kepleri
934 3882 1025 3931 hae
1083 3885 1221 3929 sunt:
1272 3880 1380 3930 fons
1429 3886 1591 3931 motus
1634 3880 1799 3944 (quem
1838 3881 1919 3931 illc
1960 3888 2122 3931 centro
2169 3887 2216 3929 et
2254 3878 2356 3929 Soli

28 3973 31 4002 l

0 4114 2 4140 fl
29 4036 34 4129 ἒ
