2554 4140
827 118 967 165 Liber
996 118 1210 176 Quartus.
1270 120 1383 164 Pars
1415 117 1636 163 Secunda.
2253 123 2357 174 359

106 276 257 320 totam
308 273 591 332 argumento
647 270 791 318 tertio
841 266 1140 332 dejecimus).
1234 268 1435 317 Horum.
1471 281 1586 316 vero
1643 273 1717 317 tot
1764 267 2139 331 phaenomenon
2190 284 2363 320 causas

105 346 298 407 penitus
338 343 550 405 ignorari
588 355 788 390 necesse
827 348 916 403 est,
956 344 998 390 si
1035 342 1185 391 Terra
1223 355 1385 391 annuo
1424 345 1560 388 motu
1597 355 1695 389 non
1734 342 1969 390 circumit.

250 415 493 465 Octavum
531 413 772 463 decimum
809 422 1148 478 argumentum
1187 421 1290 464 esto
1329 429 1360 462 a
1396 413 1491 461 fine
1526 420 1700 475 motuS‚
1743 429 1801 462 ex
1836 429 1932 477 quo
1959 416 2208 478 probatur,
2248 431 2359 464 mo-

104 497 206 538 tum
245 488 431 537 Telluri
468 493 767 550 competere,
818 494 1055 551 tanquam
1108 487 1516 550 contemplatricis
1557 493 1804 536 creaturae
1844 487 2108 538 domicilio.
2187 489 2361 552 Neque

103 565 231 612 enim
271 561 446 621 decuit,
488 566 543 608 ut
580 561 741 621 homo,
783 561 930 623 hujus
967 561 1137 610 mundi
1172 561 1336 610 incola
1376 565 1424 608 et
1463 560 1742 622 speculator
1778 560 1985 621 futurus,
2025 564 2075 608 in
2116 576 2213 611 uno
2252 563 2360 625 ejus

101 636 239 695 loc0,
293 633 428 684 velut
465 635 515 681 in
554 633 722 682 clauso
763 634 989 684 cubiculo
1028 633 1287 695 resideret,
1337 646 1434 696 quo
1473 631 1618 681 modo
1660 632 1723 681 ad
1763 632 2115 698 dimensionem
2156 640 2205 684 et
2243 650 2364 684 con-

101 708 469 772 templationem
505 706 719 755 siderum
758 713 858 756 tarn
896 714 1191 756 remotorum
1229 713 1479 769 nunquam
1516 707 1834 769 pervenisset,
1883 707 1979 754 nisi
2019 707 2214 756 dotibus
2253 709 2364 757 aliis

101 796 248 845 supra
298 795 445 843 quam
499 780 725 828 humanis
775 781 949 829 fuisset
996 780 1271 844 praeditus:
1325 782 1440 843 quin
1487 781 1653 842 potius
1703 779 1807 839 his,
1863 793 1987 841 quos
2035 794 2163 829 nune
2199 781 2362 843 habet,

102 854 254 904 oculis
293 860 341 903 et
378 853 454 901 his
494 855 670 901 mentis
707 853 1024 902 facultatibus
1066 854 1345 913 instruetuS,
1384 855 1432 900 in
1473 852 1567 901 hoc
1594 851 1817 901 aedificio
1844 851 2161 915 amplissim0‚
2202 860 2364 903 trans-

99 928 281 977 latione
333 941 498 975 annua
536 926 772 988 Telluris,
829 927 1062 976 domicilii
1114 927 1213 986 sui,
1271 925 1729 986 circumambulare,
1785 926 2050 987 stationes,
2102 931 2155 973 ut
2204 927 2365 976 solent

100 1015 359 1062 mensoreS,
400 999 619 1049 diversas
657 1014 845 1062 capere,
887 1000 980 1048 hoc
1019 1004 1092 1049 est
1130 1001 1332 1061 spatiari
1372 998 1563 1060 debuit,
1605 1005 1659 1047 ut
1697 998 1891 1061 singula
1931 998 2102 1047 domus
2141 1001 2359 1048 membra

100 1079 235 1123 tanto
273 1074 452 1123 rectius
490 1075 666 1121 intueri
705 1079 753 1122 et
793 1073 999 1122 dimetiri
1038 1077 1218 1136 posset.
1291 1072 1530 1135 Intelligis
1571 1073 1810 1133 nimirum,
1851 1077 1905 1120 ut
1942 1071 2088 1136 hujus
2126 1071 2238 1120 libri
2263 1072 2354 1122 IV.

98 1162 210 1211 pars
257 1149 415 1209 prima
464 1147 742 1196 concinnari
798 1152 991 1209 posset,
1053 1147 1339 1209 scriptorem
1404 1146 1510 1207 ejus
1566 1147 1683 1194 navi
1742 1145 1895 1194 Terra
1949 1150 1998 1193 et
2050 1146 2364 1208 navigatione

101 1221 205 1283 ejus
252 1235 416 1268 annua
466 1221 593 1269 circa
640 1218 807 1268 Solem
857 1219 1140 1283 indiguisse.
1229 1218 1380 1267 Terra
1433 1232 1545 1268 vero
1600 1225 1771 1281 eunte,
1827 1217 1992 1268 Solem
2042 1233 2243 1268 necesse
2292 1224 2365 1268 est

71 1348 82 1353 ,
101 1295 362 1357 quiescere.

101 1410 185 1461 VI.
245 1410 332 1458 De
385 1407 804 1458 revolutione
857 1410 1147 1471 eorporis
1186 1409 1420 1458 Terrae
1470 1407 1697 1456 diurna
1744 1409 1909 1458 circa
1963 1422 2143 1457 suum
2181 1421 2364 1458 axem

102 1485 369 1547 ejusque
418 1482 654 1532 effectu
703 1484 766 1529 in
819 1482 1368 1551 movendaLuna,
1421 1487 1478 1530 et
1525 1482 2059 1548 proportionibus
2099 1483 2264 1531 inter
2303 1497 2364 1532 se

864 1556 1040 1616 anni,
1081 1558 1317 1605 mensis
1358 1552 1607 1617 etdiei.

247 1658 385 1721 Quia
429 1656 634 1718 Telluri,
675 1659 764 1719 qui
789 1671 927 1705 unus
953 1663 1022 1705 est
1050 1672 1109 1707 ea·
1133 1658 1352 1720 planetis
1370 1659 1658 1720 primariis,
1691 1649 1902 1719 'praeter
1929 1658 2366 1707 circumlationem

99 1746 333 1782 annuam
374 1732 566 1778 circum
607 1730 776 1778 Solem
817 1730 1067 1778 tribuitur
1104 1734 1257 1780 etiam
1294 1733 1480 1780 rotatio
1518 1730 1744 1779 diurna.-
1783 1746 1987 1794 quaem,
2027 1746 2153 1779 num
2196 1745 2367 1780 omnes

0 1822 4 1832 ·
67 1806 374 1868 ‘primarios
428 1805 676 1851 existimes
727 1805 797 1851 sic
839 1806 1073 1853 converti
1118 1806 1254 1853 circa
1304 1819 1420 1852 suos
1467 1805 1626 1852 axes?
1686 1804 1744 1852 Id
1797 1819 1915 1853 sane
1965 1804 2227 1853 verisimile
2278 1810 2366 1866 est,

99 1880 251 1942 primo
292 1876 351 1925 de
393 1876 611 1936 Venere,
666 1884 718 1924 ut
760 1891 885 1938 quae
925 1877 1143 1926 maculas
1183 1878 1306 1925 alias
1343 1883 1455 1940 post
1494 1877 1616 1926 alias
1656 1877 1896 1940 explicare
1937 1876 2152 1937 videtur,
2206 1876 2366 1927 indice

20 1965 21 1995 3
103 1950 451 2000 scintillatione
506 1949 617 2009 illa,
671 1949 894 1998 diversae
945 1950 1129 1999 formae
1169 1966 1200 1998 a
1237 1950 1584 1999 scintillatione
1622 1950 1856 2014 fixarum,
1909 1952 2083 1999 iterum
2120 1950 2178 1998 de
2218 1950 2364 2010 Jove,

101 2031 156 2073 ut
193 2025 277 2086 qui
318 2022 454 2071 vehit
493 2028 704 2085 quatuor
741 2023 1006 2084 satellites,
1060 2028 1108 2073 et
1147 2023 1206 2072 de
1245 2023 1481 2086 Saturno,
1537 2025 1622 2087 qui
1674 2023 1824 2086 duoS,
1876 2026 2002 2073 sicut
2041 2023 2193 2073 Terra
2231 2024 2367 2111 vehit

100 2113 266 2157 unum,
309 2093 496 2145 Lunam
537 2095 744 2144 dictum.
787 2095 845 2145 de
886 2097 1064 2160 quibus
1104 2097 1243 2145 infra.

250 2170 445 2234 Quibus
485 2172 759 2231 principiis
801 2171 1067 2232 perficitur
1113 2171 1233 2219 haee
1280 2173 1482 2233 qyratio
1535 2185 1808 2232 corporum
1862 2173 1998 2220 circa
2045 2185 2160 2219 suos
2211 2171 2364 2220 axes?

101 2243 252 2293 Libro
301 2244 456 2305 primo
509 2241 569 2291 de
608 2243 760 2292 Terra
799 2250 847 2291 et
885 2243 977 2292 hoc
1015 2242 1139 2292 libro
1179 2244 1268 2293 IV.
1311 2243 1370 2292 de
1410 2243 1525 2294 Sole
1565 2243 1774 2304 dietum,
1830 2243 1963 2307 quod
2000 2243 2124 2293 haec
2162 2258 2366 2307 corpora

99 2323 351 2366 tornentur
394 2316 541 2365 insito
589 2317 829 2379 principio
870 2316 1071 2365 animali
1110 2323 1195 2366 aut
1232 2316 1396 2366 simili.
1472 2317 1531 2365 Id
1571 2332 1687 2366 vero
1726 2319 1777 2365 in
1815 2317 1968 2366 Terra
2005 2317 2227 2381 gyranda
2265 2331 2363 2366 non

100 2405 207 2439 esse
244 2389 528 2448 solitarium,
567 2389 659 2439 sed
697 2389 923 2452 adjuvari
963 2406 994 2439 a
1026 2390 1156 2451 Sole,
1199 2390 1443 2453 colligitur
1481 2405 1541 2440 ex
1583 2391 1774 2440 duobus
1814 2390 2147 2439 documentis:
2188 2392 2362 2454 prime,

13 2482 21 2521 ἵ
101 2465 219 2526 quia
255 2476 482 2511 numerus
518 2462 882 2522 revolutionum
908 2463 1087 2512 Terrae
1127 2463 1407 2513 diurnarum
1447 2465 1495 2511 in
1535 2478 1680 2526 anno,
1723 2466 1805 2527 qui
1845 2469 1918 2513 est
1946 2464 2050 2512 365
2091 2478 2201 2512 cum
2241 2479 2367 2528 qua-

101 2536 286 2596 drante,
326 2535 516 2584 excedit
554 2538 769 2585 vicinum
807 2534 1172 2599 archetypicum
1213 2539 1332 2585 360.
1411 2537 1807 2586 Consentaneum
1847 2543 1920 2585 est
1958 2539 2112 2598 enimv,
2153 2540 2247 2586 nisi
2288 2539 2364 2586 vis

100 2611 278 2658 motrix
315 2607 526 2657 Telluris
573 2611 762 2658 interna
809 2615 1120 2672 vegetaretur
1168 2625 1199 2659 a
1235 2613 1512 2673 praesentia
1551 2611 1681 2660 Solis
1721 2616 1979 2675 perpetua,
2030 2610 2230 2659 Terram
2269 2610 2364 2658 ali-

103 2687 286 2746 quanto
337 2681 520 2730 lentius
572 2683 699 2731 circa
743 2696 886 2730 suum
937 2697 1078 2731 axem
1126 2684 1424 2732 incessuram
1472 2684 1651 2745 fuisse,
1703 2687 1773 2733 sic
1812 2690 1866 2732 ut
1904 2686 1953 2730 in
1994 2683 2165 2732 eodem
2202 2685 2377 2745 spatio

103 2770 264 2805 annuo
304 2756 561 2817 pauciores
599 2754 945 2816 revolutiones,
986 2762 1106 2818 puta
1144 2756 1277 2805 solas
1305 2758 1408 2807 360
1432 2759 1621 2807 factura
1646 2757 1804 2807 fuerit.
1871 2757 1980 2805 Hoc
2005 2758 2166 2818 posito
2195 2758 2364 2819 sequi-

103 2835 206 2890 tur,
260 2828 479 2877 residuas
530 2833 578 2876 et
627 2827 779 2877 veluti
824 2831 1270 2892 supernumerarias
1321 2829 1653 2880 revolutiones
1692 2831 1906 2893 quinque
1946 2844 2052 2878 cum
2093 2829 2363 2891 quadrante

107 2901 337 2952 accedere
384 2900 482 2948 illis
522 2902 627 2949 360
671 2907 870 2965 propter
919 2901 1254 2965 adjumentum
1294 2902 1353 2951 ex
1392 2902 1521 2952 Sole.
1601 2903 1820 2952 Alterum
1861 2903 2201 2951 documentum
2242 2916 2362 2951 con-

105 2974 335 3023 ditionem
375 2974 503 3022 hanc
542 2973 687 3035 dicit,
742 2980 795 3023 ut
832 2974 992 3023 locum
1025 2975 1207 3024 habeat
1245 2978 1552 3038 aequationis
1590 2977 1820 3039 temporis
1860 2976 1945 3023 illa
1983 2989 2123 3037 pars,
2166 2974 2226 3023 de
2265 2989 2365 3038 qua

105 3040 242 3097 libris
296 3046 702 3111 praecedentibus
758 3047 797 3096 I.
857 3052 906 3096 et
959 3048 1051 3095 III.
1111 3048 1318 3110 dictum,
1377 3064 1525 3111 quam
1583 3049 1754 3113 Tyeho
1814 3048 2034 3096 Braheus
2091 3047 2363 3097 manifestis

106 3121 358 3184 eclipsium
412 3121 751 3182 experimentis
790 3121 839 3166 in
874 3121 1034 3169 lucem
1071 3121 1331 3184 protulisse
1371 3123 1506 3170 visus
1557 3128 1631 3171 est
1679 3135 1868 3183 egoque
1908 3122 1955 3167 in
1994 3121 2196 3169 sormam
2232 3120 2363 3186 phy-

107 3195 258 3243 sicam
296 3193 475 3256 redegi.
552 3193 677 3241 Nam
724 3194 840 3254 quia
886 3193 1009 3242 haec
1046 3195 1276 3258 temporis
1315 3195 1544 3256 aequatio
1583 3195 1720 3256 ponit
1758 3193 2112 3242 revolutionem
2151 3193 2362 3243 Telluris

108 3269 343 3316 aestivam
382 3265 529 3329 paulo
569 3266 830 3315 tardiorem
867 3265 1097 3327 hiberna,
1145 3266 1193 3314 id
1232 3266 1456 3330 equidem
1496 3281 1553 3315 ex
1594 3267 1737 3315 insito
1778 3266 1955 3315 Terrae
1995 3267 2233 3332 principio
2272 3283 2363 3317 ne-

110 3341 215 3402 quit
251 3346 466 3400 esse‚·ut
507 3353 633 3403 quae
672 3338 831 3387 solent
871 3352 978 3388 esse
1015 3344 1249 3402 perpetuo
1289 3340 1570 3399 uniformia,
1610 3338 1696 3388 sed
1735 3345 1924 3402 oportet
1962 3353 2068 3389 esse
2110 3354 2169 3389 ex
2207 3342 2361 3390 inter-

110 3411 253 3461 vallis
293 3411 422 3462 Solis
462 3417 510 3461 et
548 3412 751 3472 Terrae,
799 3425 926 3474 quae
972 3418 1085 3460 sunt
1124 3417 1310 3462 aestate
1347 3413 1496 3460 nostri
1536 3411 1877 3483 hemisphaerii
1915 3413 2158 3476 longiora,
2215 3429 2361 3476 quam

110 3483 282 3535 hieme.

258 3557 491 3607 Fortasse
528 3561 603 3606 vis
641 3560 804 3608 omnis
842 3557 1206 3605 turbinationis
1244 3558 1394 3616 hujus
1431 3557 1652 3621 effectrix
1688 3559 1743 3606 in
1769 3559 1922 3608 unico
1950 3558 2063 3608 Sole
2089 3567 2171 3621 est,
2199 3557 2361 3608 'nulla

114 3631 171 3677 in
207 3631 381 3693 aliquo
416 3634 672 3694 principio
710 3638 876 3679 motus
912 3632 1192 3691 separatim
1228 3630 1410 3678 Terrae
1447 3633 1610 3679 insito.
1671 3630 1932 3694 Repugnat
1969 3638 2173 3695 utraque
2204 3633 2361 3681 dicta-

116 3716 220 3750 rum
268 3717 537 3752 causarum.
615 3704 742 3753 Nam
793 3707 844 3765 1)
892 3704 932 3750 si
986 3716 1210 3750 numerus
1259 3703 1360 3751 365
1411 3717 1506 3752 non
1559 3709 1686 3752 esset
1734 3706 2032 3768 compositus
2073 3720 2131 3754 ex
2172 3706 2361 3753 duobus

118 3774 368 3825 effectibus
406 3775 610 3826 duarum
649 3791 905 3826 causarum
947 3775 1307 3840 distinctarum,
1357 3790 1506 3825 causa
1542 3777 1677 3826 nulla
1717 3783 1871 3839 esset,
1923 3793 2005 3828 cur
2043 3778 2124 3827 ille
2163 3793 2258 3826 non
2298 3779 2359 3825 sit

120 3858 244 3897 unus
283 3861 340 3896 ex
379 3849 724 3917 archetypicis‚
774 3850 823 3899 id
876 3854 948 3899 est
993 3847 1212 3898 rotundis
1250 3850 1439 3914 potius,
1491 3862 1634 3919 quam
1674 3865 1731 3904 ex
1768 3851 2093 3908 inarticulatis
2132 3857 2179 3900 et
2216 3853 2361 3913 igno-.-
