2554 4140
830 93 969 143 Liber
1014 94 1211 143 Tertius.
1269 95 1382 142 Pars
1412 93 1593 152 Quinta.
2236 98 2338 149 295

83 243 454 295 occultationem
490 241 638 292 Canis
677 247 1004 308 vespertinam
1039 246 1182 297 VIII.
1218 243 1337 294 Idus
1375 243 1523 304 Maii,
1574 246 1684 291 octo
1736 239 1910 291 diebus
1949 242 2127 303 seriuS,
2183 247 2341 294 ortum

84 331 202 367 vero
238 316 507 380 Procyonis
543 318 835 367 matutinum
875 319 1141 370 secundum
1181 317 1378 369 eosdem
1424 314 1699 379 Aegyptios
1748 312 1838 363 IV.
1877 313 2003 363 Non.
2046 313 2212 365 Julias
2250 313 2340 382 (sic

86 392 212 440 enim
258 387 515 452 legendum
562 403 698 451 esse,
748 404 845 439 non
883 392 1092 459 Junias,
1142 396 1378 441 testantur
1427 387 1767 442 antecedentia
1804 391 1852 435 et
1890 388 2185 450 sequentia).
2262 387 2341 437 Ita

82 463 293 528 spatium
342 462 596 526 temporis,
648 462 780 526 quod
824 465 1044 530 indulget
1080 481 1165 530 per
1202 463 1302 515 alia
1339 461 1537 511 climata
1575 459 1721 508 Canis
1762 457 2100 522 occultationi,
2154 459 2343 510 scilicet

84 535 185 584 dies
215 533 279 582 75
307 533 508 595 circiter,
548 535 814 585 secundum
840 538 1112 604 Aegyptios
1140 538 1485 587 commemorat
1507 533 1661 581 multo
1688 533 1900 591 breviuS‚
1941 547 2007 581 sc.
2044 533 2229 582 dierum
2258 534 2343 584 56.

83 608 162 656 An
197 610 383 655 tantum
423 608 579 671 possit
615 611 741 658 ae‘ris
767 609 1060 675 Aegyptiaci
1100 613 1285 676 puritas
1325 615 1374 658 et
1411 605 1666 669 diligentia
1695 604 2064 654 observatorum
2104 608 2152 653 in
2177 613 2340 669 gente,

82 681 160 730 cui
195 677 349 727 Sirius
387 693 473 743 pro
513 680 621 730 Deo
662 682 934 744 colebatur,
976 701 1007 735 a
1045 685 1183 747 cujus
1223 687 1394 733 exortu
1434 693 1600 729 omnes
1640 691 1753 743 spes
1792 691 1907 725 suas
1945 678 2346 742 suspendebant?

81 752 131 802 id
168 750 446 801 videndum.
521 753 648 803 Nam
686 755 870 806 tabella
906 757 1170 808 Caniculae
1209 761 1430 806 exortum
1469 767 1578 803 cum
1616 752 1723 816 ipso
1762 747 1878 798 Sole
1917 749 1968 796 in
2001 749 2177 800 Rhodo
2217 758 2343 801 tem-

60 838 196 891 ,pore
232 822 547 890 Hippocratis
586 829 722 891 ponit
758 829 822 878 ad
861 829 988 879 diem
1033 835 1075 879 l.
1115 830 1263 887 Julii,
1303 834 1518 892 tempore
1547 824 1771 875 Caesaris
1811 836 1929 870 sane
1968 837 2054 886 per
2094 824 2195 874 dies
2223 824 2345 875 duos

85 897 159 948 vel
197 902 291 946 tres
329 900 599 962 posterius3
638 915 736 950 non
776 903 923 964 igitur
959 905 1291 964 emersionem,
1331 900 1419 950 sed
1457 905 1614 951 ortum
1654 913 1762 947 cum
1802 894 1917 944 Sole
1956 896 2189 961 intellige.

227 970 370 1033 Quae
403 972 508 1036 fuit
543 974 688 1035 apud
726 982 921 1039 veteres,
963 992 1094 1042 quae
1131 977 1289 1036 hodie,
1331 976 1467 1023 ratio
1506 971 1706 1023 dierum
1746 968 2148 1032 canicularium,
2189 985 2347 1019 causa

75 1043 360 1108 principii?
409 1043 598 1093 Plinius
650 1046 734 1096 lib.
783 1047 850 1097 11.
903 1063 1009 1114 cap.
1056 1053 1134 1099 17.
1188 1049 1356 1097 tribuit
1403 1051 1563 1096 ortum
1602 1042 1865 1095 Caniculae
1919 1041 2015 1092 diei
2066 1042 2184 1094 XV.
2233 1049 2346 1092 ante

81 1115 184 1166 Cal.
224 1115 372 1179 Aug„
411 1132 508 1180 quo
549 1117 626 1169 die
664 1121 871 1183 putabat
906 1121 1072 1171 Solem
1111 1123 1159 1170 in
1200 1122 1415 1171 Leonem
1456 1118 1659 1181 ingredi,
1702 1131 1811 1166 cum
1849 1129 1964 1164 vere
2005 1122 2134 1165 esset
2171 1117 2222 1164 in
2251 1114 2346 1164 22⁰

80 1188 267 1238 Cancri.
342 1189 423 1239 Ad
459 1189 588 1240 hunc
626 1206 740 1256 ergo
780 1194 905 1245 diem
959 1209 1018 1244 ex
1068 1193 1328 1246 traditione
1380 1198 1597 1242 veterum
1653 1187 1862 1239 adscribi
1912 1187 2105 1238 solebat
2153 1191 2344 1240 initium

80 1260 263 1311 dierum
303 1263 664 1313 canicularium.
742 1265 894 1331 Atqui
933 1284 963 1318 a
1002 1268 1301 1335 temporibus
1327 1266 1643 1331 Hippocratis
1682 1276 1838 1328 usque
1878 1260 1940 1311 ad
1980 1275 2069 1310 nos
2107 1262 2188 1313 hic
2214 1262 2346 1312 Solis

78 1337 199 1384 situs
237 1349 268 1383 a
311 1335 537 1385 17.Julii
575 1342 851 1389 retrocessit
889 1355 1044 1405 usque
1083 1342 1145 1391 ad
1185 1343 1231 1389 2.
1263 1340 1403 1390 Julii.
1483 1337 1645 1400 Quare
1685 1334 2155 1399 calendariographi,
2195 1335 2342 1385 dissi-

77 1407 259 1457 mulato
298 1410 506 1458 transitu
540 1409 746 1461 fixarum
783 1415 831 1461 in
869 1415 1319 1480 signa'sequentia,
1358 1412 1443 1462 alii
1479 1411 1647 1460 sedem
1671 1410 1798 1459 hanc
1835 1406 2192 1458 canicularibus
2218 1409 2341 1458 fixe-

84 1486 193 1530 runt
230 1482 620 1544 antiquissimam
638 1485 687 1532 in
731 1489 809 1534 17.
838 1486 988 1549 Julii3
1028 1488 1128 1550 alii,
1169 1502 1277 1537 eam
1317 1486 1381 1536 ad
1420 1484 1564 1534 clima
1601 1485 1863 1549 septimum
1901 1482 2341 1543 accommodantes,

77 1561 477 1619 transposuerunt
512 1555 576 1604 ad
619 1559 699 1606 19.
738 1557 863 1607 Julii
901 1563 1207 1628 retinentque
1244 1559 1406 1609 adhuc
1443 1557 1612 1618 hodie,
1663 1555 1862 1622 perinde
1900 1569 1959 1604 ac
1996 1557 2038 1603 si
2077 1570 2206 1605 anno
2245 1555 2356 1608 Juz

77 1627 208 1677 liano
245 1627 326 1675 vel
364 1627 451 1678 Sol
486 1635 806 1680 reverteretur
842 1633 923 1683 vel
960 1634 1107 1694 fixae;
1149 1635 1248 1696 alii,
1289 1631 1595 1682 considerata
1643 1629 1921 1680 differentia
1950 1629 2187 1678 naturalis
2227 1630 2343 1678 anni

39 1715 110 1775 ‚a
150 1698 354 1749 Juliano
406 1700 634 1764 politic0,
687 1705 896 1769 quisque
945 1722 1036 1757 sua
1081 1713 1242 1757 aetate
1295 1697 1627 1771 expenderunt
1678 1703 1928 1753 modulum
1981 1703 2346 1768 anticipationis

83 1774 198 1822 anni
236 1774 470 1824 naturalis
509 1776 558 1823 in
585 1775 789 1827 Juliano
829 1785 877 1828 et
912 1779 1008 1829 hoc
1047 1780 1396 1830 canicularium
1434 1791 1624 1838 nomen,
1666 1777 1906 1841 despectis
1943 1774 2067 1835 fixis,
2109 1790 2137 1824 a
2166 1776 2345 1838 quibus

86 1852 160 1896 est
197 1852 383 1907 ortum,
425 1862 534 1897 cum
572 1850 680 1914 ipso
718 1850 833 1900 Sole
872 1853 922 1900 in
960 1852 1162 1903 Juliano
1202 1855 1418 1903 fecerunt
1456 1849 1732 1900 ascendere.
1813 1849 1973 1913 Quare
2012 1850 2061 1895 in
2100 1847 2346 1898 hodiernis

0 1955 1 1962 κ
80 1918 394 1981 Calendariis‚
435 1927 576 1985 prout
614 1937 741 1984 mos,
793 1939 935 1989 quem
976 1929 1182 1991 quisque
1222 1928 1467 1990 sequitur,
1519 1929 1742 1973 vetustus
1781 1929 1880 1984 est,
1931 1922 2002 1970 ita
2041 1922 2346 1973 caniculares

81 1991 163 2043 vel
197 1994 246 2040 in
291 1994 369 2042 19.
410 1993 491 2043 vel
529 1997 577 2044 in
623 1998 702 2045 17.
741 1997 823 2046 vel
861 1999 910 2046 in
954 2002 1035 2049 16.
1075 1999 1156 2050 vel
1198 2003 1243 2048 7.
1287 1999 1364 2050 vel
1415 2000 1462 2047 6.
1500 1996 1625 2048 Julii
1664 1997 1916 2062 incipiunt.
1993 1995 2115 2044 Post
2154 2009 2347 2046 correc-

83 2066 264 2115 tionem
303 2067 430 2115 enim
471 2066 842 2132 Gregorianam‚
895 2075 1098 2123 exemtis
1138 2072 1310 2123 diebus
1353 2074 1442 2133 10,
1491 2070 1632 2120 sedes
1671 2072 1766 2120 ista
1803 2069 2135 2119 vetustissima
2173 2071 2222 2117 in
2267 2072 2347 2120 17.

83 2138 163 2187 vel
207 2140 287 2187 16.
327 2138 451 2188 Julii
490 2156 586 2191 uno
625 2150 870 2194 momento
917 2147 1140 2197 ascendit
1176 2148 1224 2197 in
1269 2149 1315 2195 7.
1357 2145 1435 2197 vel
1478 2146 1523 2193 6.
1564 2143 1715 2208 Julii,
1766 2143 1949 2193 relictis
1990 2141 2349 2195 canicularibus

84 2213 134 2259 in
181 2214 258 2262 17.
303 2213 383 2260 16.
422 2216 542 2262 novi
581 2214 881 2280 Calendarii3
923 2220 1055 2284 quod
1094 2218 1157 2269 ad
1194 2222 1408 2269 rationes
1447 2219 1562 2268 anni
1599 2217 1834 2266 naturalis
1860 2216 2042 2266 factum
2079 2229 2176 2264 non
2203 2215 2346 2275 male,
2421 2256 2426 2259 .

84 2285 264 2349 quippe
301 2288 494 2335 retracti
530 2286 611 2337 hic
647 2294 761 2338 sunt
798 2289 902 2340 dies
946 2295 1025 2343 17.
1071 2294 1152 2343 16.
1190 2291 1317 2342 Julii
1356 2293 1554 2357 propius
1594 2290 1657 2339 ad
1698 2287 1792 2339 22⁰
1819 2289 2008 2350 Cancri,
2050 2302 2194 2352 quem
2234 2289 2350 2337 olim

85 2356 404 2421 occupabant.
480 2359 573 2409 Ast
619 2361 703 2410 alii
752 2363 1074 2427 ponderosam
1121 2371 1171 2416 et
1216 2381 1340 2431 pene
1390 2369 1753 2414 sacrosanctam
1801 2364 2137 2413 existimantes
2175 2377 2347 2413 recen-

87 2431 323 2479 tissimam
381 2445 627 2496 quamque
685 2435 1076 2489 observationem
1135 2441 1182 2487 in
1239 2438 1562 2499 Calendariis‚
1627 2452 1716 2487 nec
1774 2436 2080 2487 attendentes
2132 2435 2194 2485 ad
2247 2437 2349 2501 pri-

88 2518 215 2552 mam
269 2503 375 2565 05⁰⁸
432 2507 689 2569 originem,
746 2523 808 2558 ne
864 2526 949 2574 per
997 2513 1319 2563 exemtionem
1365 2513 1428 2560 10
1476 2511 1660 2560 dierum
1713 2510 1850 2560 coelo
1897 2516 2199 2572 naturaeque
2252 2510 2350 2557 sci-

87 2576 203 2625 licet
249 2577 324 2624 vis
361 2576 636 2641 inferretur,
685 2583 983 2634 caniculares
1021 2600 1080 2634 ex
1123 2586 1204 2635 16.
1252 2588 1332 2635 17.
1370 2584 1452 2633 vel
1496 2585 1573 2635 19.
1612 2583 1758 2645 Julii,
1809 2585 1879 2632 sic
1929 2589 1983 2632 ut
2033 2581 2084 2631 hi
2122 2581 2224 2631 dies
2263 2595 2349 2646 per

87 2654 161 2698 tot
197 2648 363 2698 secula
410 2657 524 2700 sunt
561 2652 794 2718 prolapsi,
848 2662 1250 2722 transposuerunt
1296 2658 1358 2708 ad
1410 2656 1840 2721 correspondentes
1891 2657 2006 2706 anni
2061 2653 2351 2718 Gregoriani

89 2722 173 2770 26.
214 2723 298 2771 27.
342 2723 426 2771 29.
465 2722 604 2773 Julii.
681 2726 781 2776 Alii
818 2730 1032 2780 vicissim
1071 2731 1318 2781 traductos
1366 2745 1451 2796 per
1499 2731 1822 2780 exemtionem
1876 2731 1940 2778 10
1980 2728 2164 2778 dierum
2210 2730 2259 2775 in
2301 2729 2348 2776 6.

94 2797 140 2843 7.
178 2793 302 2843 Julii
338 2794 530 2844 Juliani
569 2806 926 2865 usurpatosque
963 2805 1034 2853 sic
1072 2804 1402 2868 aliquamdiu,
1454 2803 1754 2853 sustulerunt
1791 2804 1839 2849 in
1882 2803 1927 2852 6.
1974 2805 2017 2850 7.
2060 2799 2184 2850 Julii
2225 2799 2350 2850 Gre-

91 2868 309 2931 goriani,
364 2868 445 2916 vel
485 2870 569 2920 26.
610 2873 693 2920 27.
732 2872 871 2923 Junii
909 2875 1112 2926 Juliani.
1190 2877 1327 2927 Haec
1374 2878 1521 2940 igitur
1573 2876 1633 2925 de
1672 2889 1805 2924 more
1843 2876 1892 2922 in
1933 2873 2234 2924 Calendariis
2272 2888 2352 2923 re-

93 2945 233 3005 cepto
273 2946 322 2990 et
357 2955 488 2991 anno
528 2942 740 3007 politico.

238 3013 304 3062 At
339 3015 382 3064 si
419 3021 642 3065 naturam
680 3020 795 3066 anni
831 3019 1006 3071 siderei
1032 3023 1363 3087 naturalisque
1390 3023 1721 3087 respiciamus,
1764 3020 1859 3069 duo
1886 3020 2028 3070 nobis
2064 3017 2211 3069 hodie
2236 3033 2354 3069 nas-

8 3126 10 3139 2
96 3091 261 3135 centur
298 3088 499 3137 exordia
537 3091 906 3155 canicularium,
953 3095 1094 3146 alteri
1132 3102 1323 3148 aestum
1361 3095 1544 3145 habent
1580 3093 1787 3146 eundem
1826 3108 1935 3142 cum
1973 3093 2354 3158 Hippocraticis,

9 3228 12 3237 Ι
98 3157 234 3208 alteri
271 3160 407 3209 sidus
448 3167 496 3211 et
533 3177 708 3212 nomen
747 3163 889 3214 idem.
967 3167 1045 3217 Ad
1085 3166 1179 3217 22⁰
1205 3169 1380 3219 Cancri
1419 3170 1560 3229 enim,
1602 3182 1700 3232 quo
1739 3167 1848 3215 loco
1875 3165 1962 3216 Sol
1998 3181 2198 3216 versans
2238 3165 2353 3215 olim

99 3229 279 3281 detexit
317 3232 627 3296 Caniculam,
676 3236 799 3287 redit
836 3236 982 3289 hodie
1022 3242 1070 3289 4.
1116 3243 1196 3290 14.
1236 3241 1385 3301 Julii,
1435 3240 1514 3289 vel
1561 3241 1603 3289 si
1642 3242 1690 3287 in
1742 3244 1907 3289 nostro
1947 3240 2142 3290 climate
2180 3239 2352 3289 sideris

103 3310 235 3361 ortus
283 3307 515 3369 antiquus
553 3315 682 3358 esset
730 3325 993 3375 expensus,
1046 3315 1092 3362 6.
1139 3316 1215 3363 16.
1255 3313 1395 3363 Julii.
1472 3313 1539 3362 At
1589 3314 1636 3360 in
1676 3318 1840 3363 nostro
1880 3311 2072 3363 climate
2111 3319 2160 3363 et
2188 3318 2353 3362 nostro

100 3377 263 3426 seculo
291 3377 526 3429 Canicula
565 3381 938 3447 deprehenditur
962 3399 1219 3450 emergere,
1261 3393 1314 3435 ut
1352 3400 1499 3450 supra
1525 3384 1721 3448 dictum,
1759 3387 1807 3436 4.
1842 3387 1922 3437 14.
1950 3386 2178 3451 Augusti.
2237 3384 2354 3434 Jam

102 3462 248 3513 penes
284 3456 485 3502 naturae
525 3455 773 3506 consultos
812 3463 899 3518 est,
940 3460 1035 3506 utri
1072 3461 1171 3508 vim
1211 3459 1554 3509 canicularium
1593 3460 1800 3510 tribuere
1837 3459 2015 3522 velint,
2068 3459 2197 3509 Solis
2239 3458 2353 3507 alti-

15 3552 16 3555 =
107 3520 276 3583 tudini,
315 3538 377 3598 an
415 3526 561 3576 sideri
589 3527 751 3578 Canis.
828 3530 952 3579 Nam
991 3533 1031 3579 si
1071 3534 1334 3582 etiamnum
1354 3531 1513 3593 hodie,
1554 3531 1666 3583 licet
1704 3531 2021 3595 divulsorum,
2062 3537 2355 3596 temperatas

16 3601 17 3614 ³
106 3599 263 3645 tamen
302 3598 430 3647 vires
476 3608 733 3651 autumant
772 3618 829 3651 ex
869 3604 1127 3653 intervallo
1167 3605 1349 3655 dicrum
1387 3605 1609 3668 aequali,
1661 3606 1933 3658 manebitur
1983 3606 2115 3672 apud
2152 3607 2355 3671 primam

18 3728 19 3734 ¹
105 3664 267 3716 sedem
306 3669 354 3718 in
399 3673 476 3721 17.
519 3673 597 3723 vel
644 3677 723 3724 19.
763 3675 885 3724 Julii
925 3678 1038 3725 anni
1077 3677 1263 3742 politici
1299 3677 1502 3738 Juliani,
1545 3681 1627 3729 27.
1652 3681 1754 3740 29.
1796 3677 2100 3745 Gregoriani.

255 3740 488 3804 Quantus
524 3753 593 3795 est
618 3763 864 3798 numerus
901 3751 1275 3801 canicularium
1301 3758 1347 3801 et
1382 3766 1514 3815 quae
1538 3754 1645 3813 ejus
1681 3755 1885 3802 numeri
1916 3753 2088 3802 ratio?
2130 3751 2230 3800 Etsi
2258 3764 2355 3800 non

19 3807 22 3874 ἶ
110 3811 267 3863 minus
302 3813 383 3869 hic
406 3831 601 3884 quoquc
640 3823 833 3874 variant
859 3822 1322 3891 calendariograpbi‚
1361 3825 1557 3889 quidam
1583 3826 1651 3876 30
1675 3830 1999 3888 numerantes,
2038 3824 2122 3876 alii
2149 3825 2236 3890 34,
2273 3822 2358 3876 alii
