2554 4140
347 1085 939 1181 PRINCIPIORUM
1000 1085 1447 1179 DOCTRINAE
1507 1085 2016 1186 §PHAEMGAE

936 1278 1107 1330 PARS
1146 1277 1440 1342 QUARTA.

89 1423 192 1525 ¹DE
235 1422 404 1491 Loco
456 1421 798 1492 TELLURIS
854 1422 918 1490 IN
977 1421 1597 1596 MstlilgNllgUlleliJUSQUE
1658 1367 2131 1520 PROPOR'l'IONE
2183 1423 2270 1494 ΑΙ)

0 1854 1 1861 ,
61 1865 79 1880 σ
202 1805 261 1854 Si
305 1812 438 1856 totus
482 1805 707 1855 mundus
754 1796 1013 1855 clauditur
1060 1807 1317 1870 superficie
1353 1805 1607 1869 rotunda,
1662 1821 1810 1869 quem
1846 1810 2007 1870 ἐρέτην
2055 1809 2112 1855 in
2148 1807 2314 1856 locum

0 1907 3 1949 ξ
45 1876 244 1927 ”mundi
288 1880 445 1943 refers
493 1879 696 1941 ylobum
746 1894 808 1928 ex
857 1886 995 1928 terra
1044 1887 1091 1929 et
1137 1895 1276 1942 aqua
1324 1885 1731 1942 coaymentatum
1783 1887 1829 1929 et
1876 1884 1994 1929 aare
2014 1895 2016 1898 ·
2034 1881 2319 1935 amictum?

0 1952 4 2017 ἲ
63 1951 221 2016 Supra
268 1966 327 2001 ex
365 1954 555 2002 visione
603 1952 865 2015 probatum
913 1959 1014 2016 est,
1068 1946 1269 2002 Terram
1307 1967 1416 2002 cum
1453 1958 1557 2002 toto
1609 1952 1790 2002 mundo
1829 1953 2000 2002 mobili
2049 1967 2155 2017 esse
2192 1956 2318 2002 intra

4 2047 5 2057 κ
66 2023 370 2088 complexum
409 2026 519 2090 cayi
572 2027 897 2075 concamerati
942 2042 973 2075 a
1017 2026 1320 2076 firmamento
1374 2040 1461 2076 seu
1515 2041 1543 2074 a
1584 2025 1739 2075 stellis
1777 2026 1901 2076 fixis.
1980 2026 2102 2075 Cum
2153 2033 2317 2076 autem

3 2127 7 2155 a
64 2100 278 2162 spatium
315 2099 411 2148 hoc
449 2113 624 2148 cavum
663 2114 693 2147 a
730 2099 885 2149 stellis
923 2099 1034 2148 fixis
1073 2114 1286 2149 vacuum
1339 2100 1402 2147 sit
1437 2098 1793 2162 amplissimum
1842 2100 2068 2163 adeoque
2114 2101 2318 2149 inaesti-

0 2191 7 2235 μ
63 2171 266 2233 mabile,
313 2172 528 2222 nondum
568 2174 718 2221 scitur
756 2188 816 2223 ex
854 2173 1092 2223 hactenus
1132 2171 1299 2234 dictis,
1353 2187 1450 2236 quo
1489 2165 1599 2221 loco
1637 2172 1783 2235 hujus
1836 2175 1947 2222 cavi
1985 2174 2131 2237 spatii
2169 2173 2319 2222 Terra

0 2241 1 2247 ’
66 2243 346 2307 collocetur,
386 2247 511 2295 sitne
549 2247 599 2293 in
637 2247 882 2309 ipsissimo
922 2252 1085 2296 centro
1123 2245 1308 2308 mundi,
1347 2261 1409 2295 an
1447 2241 1497 2294 in
1526 2245 1691 2308 aliquo
1730 2246 1827 2295 alio
1861 2246 1971 2296 loeo
2009 2246 2155 2308 hujUs
2195 2247 2319 2307 cavi,

7 2312 38 2363 ‘.
62 2317 317 2382 paululum
356 2325 492 2368 extra
518 2325 751 2371 centrum.
826 2320 1122 2386 Probabitur
1148 2325 1312 2369 autem
1338 2318 1464 2368 libro
1491 2320 1797 2383 potissimum
1826 2325 2023 2382 quarto:
2070 2319 2119 2384 1)
2152 2318 2318 2368 Solem

70 2405 176 2441 esse
213 2393 262 2439 in
299 2393 408 2455 ipso
449 2398 613 2442 centro
651 2392 834 2454 mundi,
875 2408 1024 2462 quare
1051 2393 1248 2442 Terram
1279 2397 1413 2443 extra
1441 2398 1655 2441 centrum
1682 2407 1788 2441 esse
1816 2398 2053 2456 oportere.
2120 2389 2171 2459 2)
2197 2392 2319 2442 Ter-

65 2478 168 2513 ram
206 2479 370 2514 annuo
409 2472 542 2515 motu
593 2467 662 2515 ire
702 2465 761 2515 de
798 2466 908 2516 loco
955 2468 1003 2515 in
1041 2463 1204 2514 locum
1243 2466 1562 2526 circulariter,
1614 2467 1780 2528 itaque
1818 2466 2016 2515 Terram
2068 2467 2114 2512 in
2155 2471 2318 2527 centro

11 2599 13 2603 ι
64 2537 233 2587 mundi
272 2552 380 2587 esse
417 2553 515 2587 non
553 2553 715 2603 posse.
794 2539 844 2606 3)
884 2539 1029 2602 Quod
1065 2539 1311 2603 planetas·
1328 2541 1518 2600 attinet,
1558 2538 1756 2588 Terram
1797 2554 1902 2588 esse
1939 2538 2156 2588 abditam
2194 2540 2319 2587 intra

67 2612 375 2661 circuitiones
414 2611 628 2673 Saturni,
667 2611 811 2662 Jovis
851 2619 898 2662 et
935 2613 1108 2662 Martis
1120 2651 1136 2678 ‚
1183 2614 1309 2662 circa
1347 2626 1464 2662 vero
1512 2611 1717 2661 circulos
1756 2612 1962 2662 Veneris
2003 2618 2050 2660 et
2088 2611 2314 2661 Mercurii

67 2697 338 2749 corpusque
377 2683 526 2751 Solis,
565 2685 697 2749 quod
735 2687 956 2735 intimum
994 2687 1044 2733 in
1081 2685 1159 2735 his
1198 2685 1390 2735 circulis
1432 2691 1638 2748 occupat
1674 2685 1861 2748 locum,
1913 2686 2183 2748 circumire3
2238 2684 2318 2733 vi-

65 2757 227 2807 cissim
265 2764 429 2807 autem
468 2773 499 2807 a
536 2758 693 2820 Luna,
733 2761 907 2809 comite
948 2774 1055 2820 sue,
1093 2759 1312 2809 flexuoso
1351 2764 1486 2808 motu
1529 2759 1783 2807 circumiri.

208 2830 306 2880 Sed
344 2831 466 2880 haec
504 2831 625 2879 nihil
663 2831 723 2881 ad
762 2838 947 2882 motum
984 2834 1194 2896 primum
1230 2833 1439 2893 faciunt,
1502 2846 1611 2880 eum
1648 2831 1743 2886 hic,
1765 2844 2014 2880 versemur
2050 2831 2098 2878 in
2136 2831 2318 2894 princi-

66 2904 175 2968 piis,
214 2903 277 2952 ad
316 2905 448 2953 illius
487 2903 792 2955 solummodo
831 2908 971 2970 primi
1008 2912 1169 2955 motus
1208 2905 1583 2969 explicationem
1624 2905 1924 2953 necessariis.
1999 2902 2174 2967 Itaque
2213 2904 2318 2952 sus-

66 2974 166 3026 ficit
213 2976 275 3025 ad
323 2977 697 3041 explicationem
743 2985 905 3028 motus
955 2981 1124 3042 primi,
1181 2984 1234 3027 ut
1285 2978 1482 3028 Terram
1530 2977 1821 3027 collocemus
1871 2979 1918 3024 in
1973 2982 2135 3026 centro
2184 2974 2327 3026 illius

70 3056 244 3111 motuS,
285 3054 376 3100 etsi
415 3065 511 3100 non
552 3054 616 3099 sit
654 3054 701 3099 in
741 3058 905 3101 centro
945 3053 1094 3101 totius
1122 3053 1353 3103 universi.
1427 3050 1551 3099 Nam
1587 3056 1755 3114 posset
1781 3064 1887 3100 esse
1915 3049 2064 3111 Terra
2103 3055 2318 3100 centrum

67 3123 205 3186 primi
242 3131 419 3182 motus,
461 3125 649 3173 etiamsi
694 3138 791 3173 non
831 3131 959 3174 esset
1003 3127 1129 3173 intra
1176 3138 1352 3173 cavum
1389 3123 1526 3172 illum
1578 3123 1808 3173 fornicem
1860 3123 2062 3172 fixarum
2112 3122 2316 3186 inclusa,

69 3194 154 3245 sed
191 3196 337 3259 plane
375 3199 500 3246 inter
536 3199 670 3262 ipsas
708 3197 829 3246 fixas
869 3200 1167 3247 consisteret.
2213 3243 2216 3246 Α

220 3267 359 3319 Unde
394 3274 500 3332 scia,
540 3276 744 3319 tantum
784 3285 879 3319 esse
914 3274 1135 3334 epatium
1175 3272 1315 3318 intra
1341 3283 1521 3317 cavam
1558 3268 1783 3332 fixarum
1808 3268 2118 3332 sphaeram?
2189 3267 2318 3331 Quia

72 3351 177 3390 oum
214 3343 572 3393 semidiameter
603 3343 813 3392 Telluris
852 3345 1099 3393 contineat
1117 3342 1348 3391 milliaria
1377 3340 1669 3391 Germanica
1693 3340 1840 3407 paulo
1866 3344 2026 3391 minus
2052 3347 2315 3406 nongenta,

71 3418 173 3464 tota
209 3421 370 3466 tamen
414 3419 513 3465 ista
550 3416 803 3480 longitudo
854 3430 969 3481 prae
1006 3416 1193 3479 ingenti
1230 3415 1437 3464 fixarum
1492 3431 1522 3464 a
1559 3415 1710 3484 Terra
1752 3415 1984 3465 distantia
2031 3429 2116 3480 pro
2164 3414 2317 3464 nihilo

16 3458 21 3535 l
73 3491 145 3535 ent
179 3503 267 3539 nec
304 3492 352 3537 in
390 3504 562 3539 sensus
599 3491 822 3550 incurrit,
862 3488 987 3539 adeo
1027 3494 1081 3537 ut
1117 3502 1214 3536 non
1253 3493 1439 3537 tanturn
1480 3494 1693 3538 centrum
1734 3490 1948 3552 corporis
1985 3488 2189 3550 Terrae,
2229 3486 2316 3536 sed

18 3547 23 3620 1
74 3549 217 3609 etiam
254 3562 458 3625 quilibet
497 3562 665 3611 oculus
704 3565 752 3610 in
792 3562 1043 3628 superficie
1083 3561 1276 3623 Terrae,
1328 3563 1584 3625 nongentis
1623 3562 1725 3612 sere
1758 3562 2046 3611 milliaribus
2086 3577 2116 3611 a
2154 3566 2317 3610 centro

19 3629 24 3692 ξ
74 3627 269 3696 distans,
307 3638 464 3699 possit
500 3636 670 3686 haberi
709 3649 796 3700 pro
836 3641 999 3685 centro
1037 3634 1176 3698 primi
1216 3639 1391 3698 motus,
1431 3636 1635 3699 ipsaque
1667 3636 1791 3685 adeo
1818 3640 1923 3685 tota
1946 3634 2109 3697 Terra,
2150 3639 2314 3684 tantae

21 3706 27 3774 j
74 3715 243 3769 corpus
279 3709 627 3773 amplitudinis,
667 3723 753 3773 pro
791 3723 923 3758 mero
962 3712 1155 3772 puncto,

22 3787 29 3856 5
215 3780 400 3842 Proba,
438 3782 870 3831 semidiametrum
904 3782 1086 3830 Terrae
1122 3782 1178 3827 in
1201 3781 1368 3842 primo
1390 3787 1532 3830 motu
1566 3794 1868 3829 evanescere.
1933 3778 1980 3847 1)
2018 3780 2317 3829 Transversa

25 3898 27 3901 ,
76 3846 305 3902 diameter
342 3857 556 3918 corporis
583 3855 727 3916 Solis,
769 3854 898 3919 quod
939 3853 1093 3902 multo
1131 3853 1330 3915 propius
1368 3859 1440 3901 est
1474 3852 1648 3911 Ten-ia,
1691 3868 1836 3915 quam
1877 3853 1978 3902 ulla
2016 3853 2125 3915 fixa,
2163 3851 2316 3899 nihilo
