2554 4140
887 1118 1223 1242 LIBRI
1297 1117 1722 1260 QUINTI

1058 1342 1231 1394 PARS
1269 1341 1557 1403 ALTERA.

263 1510 355 1570 DE
414 1509 749 1569 TERMlNlS
795 1508 1343 1570 ASTRONOMlClS‘
1390 1508 1485 1569 Ex
1533 1508 1872 1568 CALCULO
1933 1508 2023 1568 ΕΤ
2081 1507 2351 1568 ORBlTA

828 1611 1293 1672 ECCENTRICA
1340 1609 1784 1671 ORIENTIBUS.

327 1884 593 1948 Quomodo
642 1886 934 1949 appellatur
979 1885 1145 1936 orbita
1181 1887 1425 1950 cuiusque
1458 1884 1739 1950 planetae?
1799 1883 2087 1951 Appellatur
2126 1883 2278 1933 veteri
2319 1896 2437 1933 voce
2510 1881 2537 1905 ⁸

177 1959 497 2019 eecentricus,
538 1957 747 2006 subaudi
789 1957 1013 2008 circulus.
1080 1959 1185 2009 Etsi
1225 1961 1354 2009 enim
1393 1960 1581 2009 orbitae
1618 1965 1734 2009 sunt
1770 1957 2030 2024 ellipticae‚
2068 1963 2124 2007 ut
2161 1955 2242 2006 hic
2264 1953 2437 2018 Pam,

178 2044 304 2094 quae
342 2029 526 2079 habent
564 2029 662 2080 duo
701 2032 844 2095 quasi
883 2039 1047 2081 centra
1072 2034 1134 2094 A,
1172 2031 1231 2091 L,
1271 2047 1399 2096 quae
1437 2033 1640 2099 physice
1676 2031 1813 2081 iocos
1852 2030 2074 2092 dicimus,
2113 2036 2162 2080 et
2197 2031 2245 2079 in
2272 2043 2438 2079 eorum

178 2102 330 2153 altero
356 2103 402 2152 A
428 2101 516 2153 Sol
554 2105 674 2169 ipse,
712 2111 770 2154 ut
806 2112 1022 2154 centrum
1062 2103 1245 2167 mundi,
1285 2107 1440 2155 inest:
1480 2113 1643 2155 tamen
1683 2106 1832 2155 etiam
1870 2110 2105 2169 punctum
2142 2105 2266 2152 inter
2303 2101 2438 2152 socos

176 2174 406 2237 medium,
446 2182 501 2226 ut
524 2176 583 2240 B,
624 2192 655 2226 a
692 2177 1011 2243 scriptoribus
1048 2179 1232 2227 conicis
1271 2186 1487 2228 centrum
1526 2178 1707 2243 figurae
1744 2178 1980 2242 peculiari
2012 2177 2124 2240 jure
2153 2175 2350 2237 dicitur3
2390 2180 2438 2222 et

178 2254 427 2312 praeterea
462 2250 555 2314 ipsi
606 2250 793 2314 figurae
843 2250 1053 2300 circulus
1098 2251 1338 2316 perfectus
1377 2250 1516 2301 PDR
1552 2250 1783 2300 metiendi
1822 2265 1973 2300 causa
2011 2248 2441 2309 circumscribitur,

177 2329 342 2371 centro
383 2323 423 2370 B
463 2321 658 2371 diverso
697 2338 727 2372 a
765 2330 929 2372 centro
966 2323 1137 2372 mundi
1175 2323 2485 2372 A..

325 2395 474 2460 Quod
509 2410 697 2445 nomen
732 2396 878 2445 habet
914 2399 971 2445 in
996 2399 1312 2447 astronomia
1338 2396 1583 2469 diameter
1609 2397 1830 2461 ellipseos
1854 2396 2054 2460 lonqior
2082 2394 2213 2444 PR?
2247 2393 2438 2442 Dicitur

176 2466 351 2517 linea
388 2468 701 2533 apsidum,
742 2469 875 2533 quia,
916 2483 1027 2519 cum
1065 2468 1271 2520 ducatur
1309 2484 1396 2535 per
1433 2477 1600 2520 centra
1626 2471 1672 2519 A
1710 2467 1876 2518 mundi
1917 2476 1964 2517 et
2003 2468 2044 2517 B
2085 2468 2290 2530 orbitae,
2327 2479 2437 2515 sec·
2553 2476 2554 2483 ¹

177 2541 392 2590 tionibus
429 2555 539 2590 cum
579 2542 738 2591 orbita
771 2549 1011 2592 monstrat
1046 2542 1087 2591 P
1124 2557 1364 2592 summam
1403 2542 1624 2608 apsidem
1661 2550 1712 2592 et
1747 2542 1794 2591 R
1829 2544 1992 2590 imam.

329 2613 471 2663 Unde
507 2615 753 2664 dicuntur
787 2630 994 2665 summa
1030 2622 1077 2665 et
1114 2618 1221 2665 ima
1259 2618 1408 2681 apsis,
1446 2622 1495 2665 et
1518 2615 1658 2680 quod
1680 2614 1828 2665 aliud
1850 2614 2038 2664 habent
2059 2612 2288 2663 nomen?
2323 2610 2433 2661 Vox

176 2687 307 2752 apsis
345 2694 420 2736 est
456 2703 487 2736 a
523 2690 643 2737 rotis
679 2686 842 2750 ducta,
879 2696 995 2738 sunt
1033 2690 1161 2738 enim
1199 2696 1380 2754 puncta
1420 2689 1689 2751 eccentrici,
1727 2687 1853 2738 iilud
1878 2687 1919 2736 P
1958 2688 2334 2737 remotissimum
2371 2683 2433 2734 ab

179 2761 222 2807 A
261 2759 404 2822 Sole,
444 2760 540 2810 boc
575 2761 621 2810 R
657 2763 930 2826 proximum
970 2761 1056 2811 illi.
1132 2761 1230 2812 Sed
1269 2763 1318 2810 in
1357 2764 1627 2827 geometria
1663 2763 1786 2812 ratio
1826 2760 2198 2824 significationis
2237 2758 2290 2807 fit
2328 2758 2433 2808 evi-

178 2831 381 2882 dentior.
443 2834 555 2883 Vox
595 2836 724 2884 enim
763 2837 895 2900 apsis
935 2850 966 2884 a
1003 2835 1250 2899 tangendo
1290 2843 1363 2885 est
1400 2841 1697 2901 nuncupata,
1738 2842 1787 2885 et
1826 2849 1942 2883 vero
1982 2835 2030 2881 in
2068 2833 2125 2895 P,
2164 2832 2209 2881 R
2246 2832 2433 2896 punctis

178 2905 383 2955 circulus
420 2921 615 2956 mensor
652 2910 811 2971 tangit
851 2909 1058 2958 orbitam
1096 2908 1375 2973 ellipticam.
1441 2908 1681 2958 Graecam
1708 2922 1881 2958 vocem
1922 2908 2069 2971 apsis,
2108 2904 2320 2970 apsides,
2359 2902 2433 2952 la-

180 2979 311 3027 tinae
349 2982 599 3030 versiones
648 2981 957 3030 arabicorum
1002 2980 1234 3031 librorum
1286 2983 1559 3047 exprimunt
1599 2996 1684 3047 per
1722 2995 1869 3031 voces
1908 2994 2021 3039 aux,
2062 2993 2241 3041 auges3
2295 2974 2432 3041 quasi

182 3051 371 3100 Arabes
410 3068 637 3116 graecum
675 3054 758 3102 Psi
800 3055 847 3102 in
874 3053 946 3102 Xi
986 3056 1355 3106 convertissent.
1414 3055 1692 3104 Affirmavit
1730 3062 1891 3103 tamen
1928 3052 2048 3101 mibi
2087 3051 2285 3115 quidam
2322 3063 2432 3099 ara-

184 3123 323 3173 bicae
362 3125 558 3188 linguae
597 3127 924 3190 cognitionem
959 3128 1170 3190 jactans,
1214 3141 1335 3177 voce
1372 3127 1504 3191 augh
1543 3128 1805 3192 significari
1844 3121 2256 3190 altitudinem.⁶²)

321 3197 469 3247 Libro
520 3206 659 3249 sexto
706 3206 888 3265 puncta
924 3202 1019 3250 ista
1055 3203 1106 3250 in
1143 3200 1351 3265 planetis
1388 3203 1630 3266 primariis
1670 3200 1919 3266 aphelium
1958 3197 2177 3247 dicentur
2216 3205 2264 3247 et
2303 3194 2430 3260 peri-

178 3266 376 3325 helium‚
418 3273 466 3318 in
504 3271 648 3321 Luna
684 3287 961 3338 apogaeum
1000 3281 1050 3323 et
1085 3275 1384 3339 perigaeum.

329 3342 475 3405 Quae
522 3349 782 3395 necessitas
824 3361 918 3395 nos
964 3350 1112 3409 coya,
1159 3363 1256 3410 pro
1303 3347 1546 3395 civ-cidari
1592 3349 1772 3395 itinere
1804 3345 2063 3408 planetae,
2117 3359 2150 3392 a
2189 3341 2431 3392 veteribus
2527 3351 2534 3413 J

179 3413 391 3473 credito,
430 3430 708 3479 supponere
745 3420 1043 3487 ellipticum,
1094 3419 1150 3467 id
1185 3427 1254 3468 est
1291 3420 1518 3483 deficiens
1556 3435 1590 3468 a
1628 3419 1817 3468 circulo
1832 3455 1847 3478 ,
1887 3424 1933 3465 et
1969 3419 2025 3464 in
2063 3433 2118 3465 eo
2155 3417 2430 3479 lonyiorem
2469 3459 2472 3462 .

179 3487 487 3536 diametrum
540 3492 694 3551 inque
730 3492 822 3541 illa
859 3495 972 3555 ipsa
1011 3493 1178 3542 Solem
1215 3493 1478 3542 statuere?
1537 3490 1804 3555 Utrumque
1843 3490 2013 3538 horum
2053 3489 2429 3538 demonstratum

180 3566 255 3608 est
294 3561 718 3610 observationibus
758 3570 806 3612 et
844 3564 1253 3615 demonstratione
1291 3567 1561 3614 certissima
1599 3566 1649 3612 in
1685 3565 1869 3613 Comm.
1911 3561 1971 3611 de
2010 3563 2223 3611 motibus
2261 3557 2428 3609 stellae

179 3633 374 3694 Martis,
425 3639 810 3698 usurpatumque
859 3636 985 3686 libro
1023 3637 1114 3686 IV.
1159 3640 1209 3686 in
1260 3639 1592 3688 schematibus
1651 3638 1737 3701 51,
1789 3636 1854 3683 52
1913 3642 1961 3683 et
2016 3635 2097 3687 sol.
2138 3635 2259 3694 354,
2311 3632 2426 3690 3⁷2,

181 3708 428 3771 etiamque
477 3706 601 3754 libro
651 3706 744 3755 hoc
786 3711 956 3770 quinto
994 3719 1132 3773 parte
1169 3712 1338 3775 prima.
1414 3711 1520 3760 Nisi
1560 3723 1675 3772 ergo
1715 3722 2099 3773 supponeremus
2138 3709 2253 3768 ista,
2305 3717 2428 3752 nnn·

181 3794 328 3842 quam
365 3784 837 3844 repraesentaremus
876 3781 1260 3833 observationes.

330 3853 525 3917 Quibus
569 3853 861 3902 nominibus
910 3855 1043 3901 inter
1090 3869 1140 3902 se
1192 3857 1581 3919 distinyuuntur
1628 3855 1845 3902 semisses
1893 3855 2151 3902 eccentrioi
2161 3889 2178 3917 ,
2229 3850 2293 3900 ab
2336 3847 2428 3896 hae
2487 3883 2494 3890 ,
