2554 4140
223 140 328 188 404
1052 129 1289 188 Epitomes
1318 128 1636 174 Astronomiae

871 279 919 318 et
958 279 1165 320 centrum
1203 273 1378 318 orbitae
1406 271 1469 328 B,
1511 277 1646 317 erunt
1673 271 1777 331 EG,
1818 271 1886 318 IH
1922 273 2068 320 fibrae
2107 275 2388 331 magneticae
2426 277 2473 322 in

869 339 949 385 RP
980 340 1308 398 propemodum
1338 337 1742 397 perpendiculares
1779 338 1964 393 (saltem
2005 340 2474 397 compensationese-

869 405 1206 451 micirculorum
1236 403 1545 460 considerata)
1585 411 1632 450 et
1660 404 1726 459 H,
1764 406 1804 451 G
1845 405 2026 451 termini
2056 405 2290 462 solipetae.
2349 406 2474 451 Posi·

869 476 966 515 tum
1008 477 1079 515 est
1110 471 1229 516 enim
1260 469 1377 515 libro
1407 468 1580 528 quarto
1601 469 1711 515 folio
1744 471 1848 528 375,
1890 470 2029 516 fibras
2059 471 2105 515 in
2136 470 2475 517 circumlatione

871 537 1074 594 corporis
1113 547 1298 582 manere
1337 536 1425 581 sibi
1467 537 1581 594 ipsis
1621 537 1947 595 propemodum
1985 535 2229 595 parallelas
2272 542 2319 581 et
2348 538 2395 582 in
2423 538 2473 584 P.

870 603 913 647 R
941 602 1114 647 nullam
1144 602 1432 647 occasionem
1463 602 1678 648 exhibere
1706 610 1880 650 tractus
1910 602 1984 647 vel
2012 602 2246 659 repulsae,
2278 601 2386 659 quia
2414 601 2477 647 ibi

870 666 959 711 loci
989 666 1197 723 utrisque
1225 667 1444 726 terminis,
1477 673 1523 713 et
1554 668 1760 726 solipetis
1792 674 1838 714 et
1869 666 2099 724 solifugis,
2137 668 2387 724 aequaliter
2418 668 2476 713 ab

870 732 911 776 A
943 731 1049 775 Sole
1079 732 1278 788 ,distant3
1321 732 1368 777 in
1404 733 1518 779 locis
1561 745 1669 778 vero
1709 733 2009 791 intermediis,
2052 731 2127 777 ubi
2162 734 2344 779 termini
2374 733 2477 778 soli-·

871 802 1006 854 petae
1036 795 1108 840 vel
1139 796 1365 852 solifugae
1400 804 1528 844 recta
1555 799 1603 844 in
1635 799 1786 845 Solem
1817 803 2039 856 spectant,
2071 799 2327 846 librationis
2357 798 2478 855 vigo-

701 886 707 897 ι
816 887 820 890 -
871 875 968 906 rem
998 873 1101 907 esse
1140 861 1339 907 omnium
1368 865 1626 910 maximum.
1656 864 1741 909 ΑΕ
1773 871 1821 910 et
1850 865 1914 909 AI
1944 871 2052 911 sunt
2068 864 2188 910 Solis
2218 865 2348 911 radii.
2390 869 2479 911 Du·

695 918 739 985 ⁷2,
874 933 1036 974 cantur
1066 926 1152 972 ΕΙ)
1192 932 1242 973 et
1277 927 1339 972 10
1370 927 1520 976 lineae
1558 931 1648 988 ipsi
1678 931 1756 975 RP
1788 929 2038 987 parallelae
2075 936 2122 975 et
2158 931 2206 976 in
2244 931 2348 977 illas
2378 944 2479 988 per·

873 992 1193 1038 dendiculares
1225 1005 1282 1036 ex
1313 993 1352 1038 F
1381 1000 1430 1040 et
1459 997 1492 1040 C
1522 997 1720 1054 punctis,
1752 997 1799 1041 in
1833 995 1996 1052 quibus
2025 995 2142 1042 radii
2172 995 2292 1043 Solis
2321 1003 2480 1043 secant

873 1056 1068 1103 circulos
1099 1057 1223 1115 globi
1252 1057 1497 1115 planetarii
1525 1061 1716 1119 medios,
1749 1061 1932 1117 sintque
1955 1061 2030 1107 CL
2061 1067 2108 1107 et
2135 1062 2174 1108 F
2176 1062 2235 1108 K.
2294 1061 2382 1108 Hic
2401 1074 2479 1108 an·

872 1122 967 1180 guli
1005 1122 1235 1168 radiorum
1268 1122 1387 1170 Solis
1419 1139 1522 1170 cum
1552 1126 1680 1173 fibris
1711 1132 1820 1173 sunt
1848 1125 1998 1184 ΑΕΘ,
2040 1126 2175 1180 AIH,
2213 1127 2480 1185 angulorum

873 1187 1205 1246 complementa
1238 1189 1377 1246 CED,
1410 1190 1528 1246 FIO,
1559 1205 1641 1237 seu
1673 1186 1805 1238 arcus
1837 1191 1927 1245 CD,
1958 1191 2053 1250 FO,
2085 1198 2133 1238 et
2164 1193 2327 1239 horum
2356 1192 2484 1239 sinus

876 1255 966 1309 LC,
997 1254 1094 1312 ΕΚ,
1124 1254 1326 1311 qualium
1357 1256 1424 1300 IH
1455 1256 1526 1302 vel
1556 1257 1642 1302 EG
1672 1261 1743 1302 est
1773 1257 1899 1303 sinus
1924 1263 2050 1304 totus
2070 1260 2256 1306 100000.
2317 1258 2483 1306 Statui-

215 1339 291 1377 tur
320 1331 480 1405 igitur,
518 1328 639 1372 sicut
669 1337 719 1369 se
749 1323 921 1368 habent
951 1321 1059 1379 EG,
1092 1316 1159 1367 IH
1190 1321 1250 1367 ad
1278 1323 1512 1380 120,ng
1554 1323 1621 1368 sic
1652 1336 1752 1369 esse
1781 1329 1929 1369 totum
1959 1323 2190 1371 modulum
2222 1324 2394 1374 virium,
2425 1336 2482 1369 ex

218 1397 341 1442 Sole
355 1396 402 1439 in
433 1394 455 1438 I
485 1393 567 1438 vel
587 1392 628 1437 E
659 1389 993 1449 praesentium,
1035 1385 1094 1433 ad
1124 1387 1401 1445 portionem,
1446 1401 1583 1444 quam
1614 1387 1814 1434 admittit
1842 1389 2028 1447 planeta
2064 1390 2111 1435 in
2141 1389 2319 1436 situbus
2348 1389 2483 1435 fibra·

214 1475 314 1506 rum
343 1459 428 1504 EG·
458 1465 505 1503 et
535 1458 899 1504 IH.('1'ranspone
919 1463 959 1495 in
982 1461 1105 1503 figura
1117 1461 1163 1497 74
1176 1463 1358 1504 punctum
1373 1463 1409 1495 Κ
1430 1462 1470 1495 in
1494 1462 1633 1496 nneam
1654 1461 1722 1503 10,
1753 1465 1936 1504 punctum
1959 1463 1995 1496 Β
2016 1462 2065 1497 ιιι
2087 1463 2256 1505 sagittae
2279 1460 2481 1504 aculeum.)

365 1529 540 1593 Quare
583 1530 758 1575 sinum
801 1528 973 1589 potius
1015 1539 1314 1574 mensuram
1361 1527 1565 1586 statuis,
1619 1539 1777 1588 quam
1822 1527 2006 1589 anquli
2041 1527 2121 1575 vel
2157 1539 2309 1575 arcus
2344 1538 2483 1574 com-

219 1604 529 1667 plementum
576 1599 783 1663 ipsum?
843 1597 973 1661 Quia
1010 1598 1133 1647 fibra
1171 1597 1420 1660 quaelibet
1456 1599 1735 1661 magnetica
1771 1601 2000 1662 quamvis
2039 1601 2089 1647 in
2126 1598 2334 1661 globoso
2372 1610 2482 1647 cor-

222 1681 339 1740 pore
386 1676 528 1735 insit,
554 1687 678 1723 ·n0n
718 1678 794 1722 est
832 1677 996 1720 tamen
1035 1670 1274 1727 circulus,
1311 1670 1398 1720 sed
1435 1677 1570 1720 recta
1605 1670 1739 1722 linea
1773 1671 2006 1738 physica,
2060 1686 2188 1736 quae
2224 1671 2483 1720 fortissime

221 1754 451 1813 operatur
500 1744 601 1811 (vel
648 1745 713 1796 ad
747 1744 1035 1810 patiendum
1071 1749 1281 1793 tractum
1317 1757 1405 1794 seu
1443 1743 1507 1793 ad
1546 1744 1676 1793 vires
1713 1744 1835 1794 radii
1873 1744 2003 1795 Solis
2039 1746 2090 1793 in
2127 1758 2182 1795 se
2219 1743 2483 1794 admitten-

221 1821 310 1870 das
347 1821 612 1869 fortissime
651 1825 751 1869 est·
764 1814 1039 1883 disposita),
1080 1831 1189 1867 cum
1225 1823 1361 1867 recta
1398 1818 1445 1866 in
1485 1816 1652 1867 Solem
1689 1816 1926 1882 dirigitur,
1967 1817 2049 1868 vel
2082 1816 2214 1882 quod
2239 1817 2368 1866 idem
2393 1822 2482 1878 est,

197 1887 332 1943 'cum
373 1899 448 1942 est
486 1894 538 1940 in
573 1891 776 1957 planum
814 1882 1186 1940 illuminationis
1223 1889 1390 1940 circuli
1434 1888 1552 1957 (quo
1591 1890 1756 1939 finitur
1791 1906 1905 1956 pars
1940 1890 2076 1955 globi
2113 1889 2218 1940 Soli
2257 1886 2484 1955 obversa)

221 1966 664 2031 perpendicularis:
718 1979 827 2015 cum
873 1977 990 2014 vero
1029 1965 1079 2011 in
1115 1962 1241 2012 illud
1279 1962 1481 2027 planum
1519 1970 1596 2013 est
1631 1963 1867 2027 obliqua‚·
1886 1962 2188 2030 aequipollet
2222 1961 2485 2028 perpendi-

220 2039 372 2089 culari
413 2055 444 2088 a
481 2053 571 2088 suo
610 2040 818 2087 termino
858 2039 907 2089 in
946 2035 1068 2084 illud
1106 2035 1298 2097 ductae,
1337 2043 1392 2086 ut
1430 2037 1659 2087 breviori.
1722 2036 1806 2087 Sic
1830 2036 1960 2086 Solis
1997 2036 2178 2098 radius,
2217 2035 2484 2086 secundum

221 2111 555 2162 calefactionis
595 2126 719 2175 opus
759 2109 1111 2170 consideratus,
1151 2107 1350 2172 quando
1389 2116 1520 2159 recto
1558 2109 1741 2172 angulo
1780 2110 1891 2159 ferit
1914 2109 2183 2174 planitiem,
2221 2108 2484 2159 fortissime

222 2185 470 2245 calefacit,
523 2183 721 2247 quando
765 2198 876 2233 vero
917 2182 1153 2246 obliquis,
1198 2182 1304 2245 jam
1342 2181 1568 2232 calefacit
1603 2184 1764 2231 miuus
1802 2185 1852 2231 in
1891 2197 1952 2233 ea
1987 2195 2236 2241 mensura,
2299 2186 2485 2245 quanto
2540 2229 2546 2239 ,

221 2273 370 2321 quam
407 2257 639 2320 obliquus
677 2256 845 2306 radius
871 2257 1041 2323 ‚minor
1077 2262 1151 2305 est
1188 2254 1336 2304 ducta
1369 2269 1428 2304 ex
1455 2253 1572 2305 Sole
1611 2254 1999 2321 perpendiculari
2039 2258 2088 2305 in
2125 2254 2254 2318 idem
2279 2254 2480 2321 planum

238 2330 609 2393 continuatum).

214 2330 232 2398 (
309 2409 312 2413 ’
362 2403 616 2452 Pulchrior
665 2403 757 2452 erit
806 2401 1132 2452 consideratio
1181 2400 1308 2449 ista:
1364 2401 1406 2449 si
1450 2400 1752 2466 perpendas,
1803 2407 1962 2451 totum
2000 2399 2201 2465 globum
2240 2415 2300 2450 ex
2338 2400 2480 2450 meris

220 2476 353 2525 fibris
393 2482 630 2534 constare,
673 2489 876 2538 quarum
915 2474 1232 2537 longissimae
1270 2478 1397 2534 sunt,
1438 2488 1565 2537 quae
1602 2476 1769 2523 insunt
1806 2475 1855 2523 in
1883 2474 2065 2523 circulo
2090 2473 2227 2538 globi
2251 2475 2479 2535 maximo,

221 2549 498 2610 breviores,
549 2563 677 2611 quae
714 2549 766 2595 in
803 2547 1113 2608 lateralibus,
1166 2544 1261 2595 hoc
1307 2551 1453 2610 pacto
1490 2561 1591 2596 non
1627 2553 1818 2597 tantum
1855 2546 1947 2596 EG
1986 2547 2066 2596 vel
2102 2546 2179 2596 IH
2215 2546 2339 2596 fibra
2376 2546 2478 2607 erit,

221 2621 309 2671 sed
347 2622 523 2682 etiam,
563 2635 691 2684 quos
725 2622 978 2684 tetigimus
1017 2622 1152 2668 sinus
1190 2618 1274 2668 LC
1313 2625 1363 2668 et
1397 2619 1506 2681 KP,
1546 2620 1765 2684 signatos
1804 2636 1836 2670 a
1870 2618 2009 2670 radio
2029 2619 2160 2670 Solis
2198 2620 2287 2670 ΑΕ
2325 2626 2374 2669 et
2409 2617 2481 2668 AI

223 2696 273 2741 in
311 2696 530 2743 terminis
569 2696 671 2743 suis
698 2693 752 2754 C,
793 2694 851 2760 F,
887 2695 930 2741 ii·
961 2699 1075 2742 sunt
1111 2692 1262 2754 fibrae
1299 2691 1543 2743 laterales.
1605 2691 1802 2755 Quanto
1842 2706 1958 2758 ergo
1994 2695 2207 2744 minores
2242 2698 2357 2742 sunt
2382 2690 2479 2753 CL,

220 2767 315 2816 ΕΚ
360 2782 510 2830 quam
548 2766 659 2829 GE,
698 2765 801 2828 HI,
853 2771 990 2816 tanto
1042 2767 1202 2815 minus
1241 2766 1416 2814 virium
1455 2779 1515 2815 ex
1553 2766 1692 2816 radio
1725 2766 1891 2820 ‚Solari
1930 2764 2143 2815 admittit
2178 2769 2227 2814 in
2265 2780 2318 2815 se
2355 2777 2481 2814 uua-

220 2839 471 2903 quaelibet
508 2840 630 2889 fibra
668 2841 819 2888 totius
859 2839 1125 2904 corporis,
1153 2838 1216 2887 ob
1254 2837 1382 2887 hanc
1419 2840 1577 2904 ipsam
1616 2839 1959 2904 obliquitatem
1995 2839 2120 2889 radii
2157 2836 2287 2890 Solis
2324 2840 2374 2886 in
2411 2850 2479 2886 se.

222 2913 301 2962 lta
350 2912 517 2963 radius
564 2915 670 2977 ipse
709 2912 867 2973 Solis,
918 2910 1218 2975 designando
1255 2911 1427 2965 fibram
1462 2910 1741 2975 lateralem,
1793 2911 2019 2977 designat
2054 2914 2238 2974 sinum,
2287 2913 2371 2976 qui
2408 2914 2480 2960 est

222 2999 449 3034 mensura
485 2987 724 3051 portionis
763 3000 885 3052 suae
920 2985 1116 3034 virtutis
1152 2986 1202 3031 in
1242 2997 1327 3032 eas
1363 2992 1605 3049 receptae.

347 3058 629 3109 Praeterea
667 3059 835 3108 omnis
862 3063 1024 3106 motus
1060 3055 1298 3106 naturalis
1334 3056 1415 3106 vel
1454 3057 1752 3120 artificialis,
1798 3060 1849 3107 in
1888 3073 2034 3123 quem
2071 3058 2152 3110 vel
2190 3055 2363 3107 eadem
2398 3052 2478 3104 vel

225 3130 436 3192 analoga
475 3137 765 3181 concurrunt
802 3131 1054 3195 principia,
1094 3129 1403 3194 dispensatur
1440 3145 1526 3194 per
1563 3133 1699 3180 sinus
1733 3132 2040 3196 angulorum,
2078 3131 2339 3198 praecipue
2363 3139 2477 3178 vero
2542 3167 2549 3176 ,

224 3210 272 3251 et
309 3203 671 3254 evidentissime
720 3212 883 3253 motus
920 3204 1002 3253 vel
1038 3205 1175 3252 nisus
1206 3202 1524 3252 brachiorum
1560 3206 1611 3252 in
1649 3203 1775 3254 libra
1813 3212 1862 3255 et
1898 3211 2095 3259 statera.
2175 3202 2298 3252 Cum
2334 3202 2480 3265 igitu·
2552 3229 2554 3260 ;

223 3276 368 3323 etiam
407 3275 528 3325 haec
564 3278 761 3326 libratio
799 3278 864 3325 sit
902 3279 1023 3326 inter
1063 3283 1225 3325 motus
1262 3276 1511 3325 naturales
1548 3277 1710 3326 latiori
1736 3276 2013 3341 significatu
2039 3276 2238 3345 (quippe
2262 3273 2478 3342 potentia
2550 3296 2554 3326 ι

223 3348 406 3396 librans
446 3351 624 3411 speciei
662 3349 848 3399 Solaris
885 3357 962 3399 est
998 3348 1354 3398 dimensionum
1393 3351 1637 3415 particeps
1675 3357 1724 3399 et
1761 3349 2139 3414 quodammodo,
2177 3351 2283 3398 sine
2316 3355 2476 3397 tamen
2551 3349 2554 3358 '

223 3422 443 3479 materia,
484 3422 778 3484 corporalis3
818 3422 1075 3486 dispositio
1114 3435 1231 3471 vero
1272 3420 1500 3470 fibrarum
1539 3424 1590 3471 in
1627 3421 1826 3507 planeta
1861 3437 2027 3472 rursus
2066 3430 2140 3473 est
2177 3416 2478 3486 corporalis),
2546 3426 2554 3470 J

226 3507 322 3541 non
372 3498 446 3540 est
496 3493 786 3555 absurdum,
838 3497 984 3544 etiam
1032 3483 1160 3543 hanc
1197 3493 1505 3544 librationem
1546 3497 1765 3560 accipere
1802 3495 1937 3558 leges
1976 3495 2172 3547 easdem
2212 3509 2321 3544 cum
2356 3492 2478 3541 libra
2544 3501 2551 3546 ι

228 3571 278 3614 et
314 3570 508 3614 statera.
583 3564 640 3612 Id
679 3572 814 3614 tanto
850 3569 1008 3630 magis
1048 3559 1310 3616 verisimile
1349 3565 1409 3616 de
1447 3567 1709 3617 libratione
1747 3582 1916 3617 versus
1954 3568 2144 3630 Solem,
2200 3565 2333 3642 quod
2370 3566 2476 3650 ipsa
2542 3571 2550 3602 ¹

227 3638 374 3688 etiam
411 3638 652 3701 promotio
689 3637 916 3700 planetae
953 3641 1001 3687 in
1040 3640 1242 3701 longum
1280 3654 1398 3688 suae
1438 3641 1654 3702 orbitae,
1705 3655 1856 3693 causa
1892 3643 2180 3714 intensionis
2221 3646 2269 3690 et
2306 3638 2476 3703 remis-
2541 3659 2547 3669 ⁴

227 3712 405 3771 sionis,
444 3708 721 3759 velocitatis
759 3709 944 3758 scilicet
981 3718 1030 3759 et
1066 3712 1340 3773 tarditatis,
1379 3712 1598 3775 ejusdem
1636 3713 1789 3761 librae
1826 3713 1907 3762 vel
1946 3704 2158 3765 staterae
2195 3712 2330 3776 leges
2357 3706 2475 3758 imi·
2542 3724 2544 3731 ’

227 3789 372 3844 tatur,
411 3789 465 3830 ut
501 3781 626 3830 libro
665 3780 753 3828 IV.
794 3780 975 3829 dictum
1012 3783 1129 3832 folio
1170 3785 1291 3832 351.
1330 3790 1380 3833 et
1420 3786 1545 3834 374.
1583 3785 1803 3847 infraque
1843 3785 2063 3849 pluribus
2099 3786 2184 3837 fiet
2219 3783 2432 3836 evidens.
2537 3779 2543 3816 ¹

378 3854 635 3918 Compara
670 3853 803 3902 hanc
841 3854 1125 3904 librationis
1163 3857 1486 3906 velocitatem'
1510 3872 1630 3908 cum
1665 3859 1954 3909 rationibus
1988 3859 2163 3910 librae.
2226 3857 2383 3908 Linea
2415 3865 2473 3904 ex
2535 3859 2541 3888 ²
