2554 4140
214 135 314 186 192
1015 123 1270 183 'Epitomes
1297 121 1612 170 Astronomiae

209 282 515 338 numeratus,
567 273 698 339 quod
734 274 858 325 haec
893 274 1065 324 ultima
1100 272 1280 323 Terrae
1317 271 1428 320 loca
1465 276 1629 321 essent
1667 284 1727 320 ex
1763 271 1840 332 iis,
1879 283 2005 334 quae
2037 267 2283 318 veteribus
2319 272 2456 316 erant

211 352 421 415 cognita,
449 347 677 413 quodque
701 348 769 397 ibi
791 353 965 397 natura
982 348 1093 411 ipsa
1122 345 1453 395 constituisset
1471 344 1660 392 initium
1678 342 1902 407 Europae
1923 351 1972 392 et
1991 341 2198 401 Africae,
2227 338 2456 389 ulteriora

210 423 414 474 haberet
452 435 679 472 oceanus,
754 419 992 471 Hodierni
1039 426 1202 468 tamen
1239 415 1510 480 geographi
1547 422 1596 465 et
1634 415 1821 466 Arabes
1872 418 2018 466 etiam
2056 420 2168 462 ante
2215 411 2339 461 haec
2375 425 2457 460 se-

209 495 321 546 cula
354 496 628 545 libertatem
664 493 745 542 hic
789 492 1075 543 nonnullam
1112 506 1201 554 pro
1240 504 1293 539 se
1331 491 1538 552 quisque
1573 495 1836 552 usurpant,
1889 487 1975 538 alii
2024 502 2055 535 a
2094 484 2332 545 Gadibus,
2372 483 2456 532 alii

210 583 241 617 a
268 568 551 618 Lusitaniae
590 565 1058 625 occidentalissimis,
1096 563 1182 612 alii
1219 561 1405 611 abillis
1443 562 1613 610 insulis
1639 563 1939 625 incipientes,
1976 573 2126 623 penes
2163 571 2287 622 quas
2318 571 2459 620 mag-

209 642 371 691 netica
409 642 571 704 cuspis
607 641 825 703 praecise
863 641 912 687 in
948 636 1119 701 polum
1154 633 1324 683 mundi
1362 636 1534 697 vergit,
1575 648 1703 697 quae
1738 633 1928 684 insulae
1955 633 2102 682 Corvi
2142 636 2191 680 et
2226 643 2458 693 promon-

212 716 335 776 toriil
365 714 548 763 Viridis
585 711 909 778 appellantur,
948 715 1157 772 suntque
1195 707 1416 757 Canariis
1454 705 1644 769 aliquot
1679 706 1910 771 gradibus
1948 702 2365 755 occidentaliores.

359 782 618 852 Quorsum
651 786 709 850 fit
742 781 1071 834 numeratio?
1116 780 1198 829 Ab
1237 778 1501 830 occidentis
1536 779 1687 843 plaga
1731 781 1782 828 in
1829 781 2087 840 orientem,
2136 774 2270 841 quod
2313 777 2460 825 etiam

217 858 406 910 zodiaci
445 866 493 910 et
529 859 808 922 aequatoris
847 855 1073 907 coelestis
1110 859 1272 918 partes
1309 852 1421 902 illas
1458 854 1507 900 in
1545 851 1717 918 plagas
1739 858 2066 913 numerentur,
2107 850 2170 900 ob
2197 862 2374 899 causas
2410 849 2459 895 in

209 931 306 982 illis
345 933 628 998 explicatas.

977 1041 1071 1091 111.
1127 1039 1686 1104 Aequinoctialis.

358 1149 622 1216 Quomodo
671 1146 995 1197 constituitur
1042 1143 1426 1205 aequinoctialis
1471 1142 1717 1205 sphaerae
1760 1141 2081 1192 materialis?
2135 1139 2259 1189 Cum
2294 1137 2462 1188 Tellus

618 1245 704 1288 Fir·
726 1241 783 1280 29.
1201 1214 1384 1265 habeat
1430 1215 1552 1265 duos
1588 1214 1761 1279 polos,
1813 1229 1960 1280 super
1998 1214 2176 1278 quibus
2225 1219 2461 1273 movetur,

1201 1287 1407 1338 habebit
1443 1295 1491 1338 et
1542 1287 1775 1337 circulum
1823 1287 2059 1349 medium,
2114 1285 2384 1350 aequaliter
2433 1298 2464 1334 a
2547 1296 2549 1299 ⁴

1199 1361 1330 1424 polis
1379 1367 1633 1412 remotum.
1707 1359 1824 1411 Jam
1860 1361 2064 1424 fingitur
2111 1367 2244 1409 recta
2290 1357 2464 1408 educta

1205 1579 1534 1630 circumducta
1579 1595 1689 1630 cum
1735 1580 1887 1630 Terra
1944 1579 2184 1629 describet
2233 1575 2465 1626 circulum

1095 1656 1113 1726 ἰ..
1204 1653 1328 1702 inter
1375 1652 1521 1715 fixas,
1577 1667 1723 1717 quem
1778 1651 2188 1716 aequinoctialem
2244 1649 2462 1699 dicimus.

1111 1762 1118 1790 2
1205 1725 1268 1774 Et
1304 1724 1386 1775 hic
1421 1732 1811 1791 repraesentatur
1855 1741 1887 1776 a
1933 1725 2114 1776 circulo
2140 1723 2320 1774 Terrae
2358 1737 2465 1772 me-

1104 1794 1116 1862 ,⁵
1208 1796 1288 1847 dio
1326 1799 1452 1848 inter
1486 1798 1629 1863 polos
1668 1799 1790 1862 ejus.

1208 1945 1429 2004 noctialis,
1459 1946 1560 2003 ejus
1586 1936 1682 2004 poli
1708 1946 1761 2005 B,
1794 1947 1843 1993 C.

1357 2016 1654 2073 Ouiumodi
1688 2018 1906 2067 circulus
1941 2024 2010 2067 eet
2055 2017 2338 2080 aequator?
2381 2017 2469 2067 Est

1209 2162 1458 2229 quidistat.

1360 2236 1505 2301 Quae
1563 2242 1633 2285 est
1691 2238 1826 2287 ratio
1885 2237 2196 2287 nominum?
2269 2235 2471 2286 Graecis

215 2304 496 2371 ἰσημερινος,
536 2308 678 2371 quasi
703 2307 1009 2372 aequidialis,
1048 2309 1238 2360 Latinis
1275 2308 1649 2374 aequinoctialis
1685 2308 1881 2372 dicitur,
1920 2309 2054 2374 quod
2092 2309 2206 2360 Sole
2244 2312 2296 2359 in
2331 2308 2469 2358 illum

217 2380 442 2430 veniente
494 2379 598 2431 dies
649 2388 917 2444 aequentur
967 2384 1222 2448 noctibus;
1273 2390 1510 2447 aequator
1546 2396 1692 2445 vero,
1742 2397 1851 2432 cum
1890 2383 1952 2433 ab
2001 2381 2095 2433 hoc
2133 2383 2319 2445 officio,
2367 2388 2470 2432 tum

216 2453 364 2502 etiam
401 2453 464 2503 ab
514 2454 796 2518 aequando,
845 2457 1176 2508 examinando
1204 2462 1254 2508 et
1290 2455 1535 2507 metiendo
1583 2462 1688 2506 toto
1724 2458 1881 2520 primo
1918 2462 2055 2505 motu
2092 2470 2270 2507 nomen
2306 2455 2470 2506 habet.

217 2523 411 2576 Nautae
450 2525 670 2577 hodierni
705 2527 958 2594 appellant
994 2529 1264 2593 lineam,
1318 2531 1437 2594 quia
1473 2530 1755 2593 exprimitur
1789 2531 1838 2578 in
1878 2543 2045 2580 eorum
2083 2531 2273 2595 mappis
2310 2527 2470 2594 planis

216 2599 378 2663 specie
414 2597 575 2650 lineae
612 2606 788 2651 rectae.
1191 2599 1196 2604 ’

371 2671 516 2736 Quae
552 2673 663 2723 loca
704 2673 888 2724 Terrae
922 2677 1204 2739 &ascipiunt
1239 2674 1599 2739 aequatorem?
1641 2674 1836 2724 Transit
1870 2681 2109 2740 aequator
2143 2690 2230 2740 per
2263 2675 2470 2725 insulam
2523 2651 2528 2655 ”

221 2741 271 2794 S.
297 2743 517 2796 Thomae
539 2747 589 2795 in
615 2761 793 2812 magno
829 2749 940 2797 sinu
970 2749 1183 2811 Africae,
1224 2749 1310 2812 qui
1349 2761 1559 2798 oceanus
1586 2747 1903 2813 Aethiopicus
1931 2748 2120 2809 dicitur,
2159 2763 2471 2813 permensus-

222 2831 316 2880 que
354 2817 667 2884 Aethiopiam
706 2820 900 2872 Africae
936 2828 1140 2885 partem,
1179 2821 1355 2870 transit
1389 2835 1537 2885 super
1575 2820 1743 2870 urbem
1782 2821 1932 2883 Arim,
1972 2821 2267 2872 celebratam
2305 2837 2336 2872 a
2371 2819 2471 2871 Ju-

219 2888 449 2941 daeorum
487 2899 536 2942 et
573 2891 924 2944 Saracenorum
962 2894 1220 2958 astrologis
1258 2907 1346 2957 pro
1392 2892 1552 2943 medio
1605 2893 1798 2957 muudi;
1847 2894 1960 2945 inde
2008 2895 2188 2959 trajicit
2235 2908 2469 2945 oceanum

219 2961 441 3014 Indicum
489 2971 539 3016 et
591 2967 638 3014 in
689 2981 748 3017 eo
799 2966 1008 3018 insulam
1045 2966 1394 3033 Taprobanen,
1448 2966 1662 3016 Auream
1699 2966 2087 3018 Chersonnesum
2139 2973 2188 3018 et
2235 2966 2468 3033 sporades

217 3036 594 3088 innumerabiles
632 3041 803 3090 oceani
828 3040 1104 3104 orientalis3
1142 3046 1259 3091 tunc
1294 3045 1655 3105 praetervectus
1692 3039 1836 3090 litora
1871 3040 2229 3105 Magellanicae
2267 3043 2469 3102 eminus,
2490 3028 2514 3091 ’.

221 3122 320 3171 qua
355 3109 525 3161 Novae
573 3109 794 3164 Guineae
836 3127 1015 3164 nomen
1060 3128 1121 3164 ea
1156 3113 1376 3170 sortitur,
1427 3126 1662 3163 oceanum
1713 3113 1975 3163 australem
2024 3117 2260 3164 immenso
2310 3118 2468 3164 tractu

221 3180 448 3245 pervadit
497 3183 789 3250 tandemque
842 3188 891 3235 in
929 3187 1205 3237 Peruanam
1247 3184 1418 3236 incidit
1465 3199 1671 3249 eamque
1714 3185 1871 3249 juxta=
1904 3186 2065 3236 lacum
2104 3186 2383 3251 Guajanum
2420 3191 2472 3236 et

127 3302 131 3306 .
219 3253 388 3304 urbem
423 3253 608 3306 Manoa
645 3260 842 3321 transit,
887 3274 1173 3324 rursumque
1211 3260 1260 3308 iu
1300 3273 1538 3309 oceanum
1575 3258 1874 3309 Atlanticum
1910 3261 2177 3324 ingressus,
2223 3259 2471 3310 residuum

221 3324 388 3377 circuli
424 3342 580 3391 usque
617 3330 680 3380 ad
717 3331 911 3382 Africae
945 3333 1092 3397 litora
1129 3338 1446 3383 consummat.
1713 3387 1717 3390 .

371 3399 632 3464 Quomodo
677 3405 1003 3467 appellantur
1048 3412 1218 3471 partes
1259 3398 1527 3469 sphaerae,
1575 3418 1703 3469 quae
1747 3407 2003 3455 constituit
2039 3405 2321 3470 aequator?
2373 3404 2468 3453 Di-

222 3477 394 3522 cuntur
429 3472 836 3538 hemisphaerium
872 3478 1250 3542 septentrionale
1304 3484 1354 3530 ct
1389 3476 1629 3541 australe,
1682 3477 1763 3528 vel
1801 3477 1997 3529 boreale
2049 3484 2098 3528 et
2133 3477 2468 3543 meridionale,

224 3543 285 3597 de
322 3543 500 3610 quibus
537 3549 814 3599 nominibus
853 3550 988 3602 infra.

1053 3667 1142 3717 Iv.
1197 3663 1591 3720 Zodiacus.¹

375 3763 639 3829 Quomodo
671 3765 869 3830 factum
906 3773 995 3829 eat,
1049 3774 1109 3817 ut
1142 3769 1405 3822 zodiacum
1441 3773 1500 3820 in
1532 3661 1747 3833 mZera
1788 3767 2046 3816 materiali
2081 3764 2468 3818 constituerent?

226 3817 328 3899 Sol,
369 3834 513 3888 Luna
548 3842 598 3888 et
632 3836 858 3903 planetae
895 3847 1079 3892 certum
1115 3846 1320 3892 tractum
1357 3842 1482 3894 coeli
1517 3840 1701 3893 stellati
1735 3840 2035 3891 motionibus
2071 3854 2161 3892 seu
2197 3839 2470 3906 apparitio-⁷
2532 3837 2540 3866 ¹

1209 2090 1530 2141 maximorum
1559 2105 1701 2153 unus,
1741 2092 1858 2155 quia
1883 2105 1914 2141 a
1940 2089 2069 2155 polis
2107 2089 2344 2154 sphaerae
2381 2103 2472 2141 ae-
2526 2135 2528 2138 .

1203 1448 1262 1483 ex
1309 1439 1472 1484 centro
1511 1433 1722 1483 Telluris
1767 1448 1854 1497 per
1905 1433 2052 1496 hujus
2100 1432 2249 1482 medii
2298 1431 2465 1480 circuli
2540 1469 2549 1480 .

1203 1513 1436 1570 punctum
1460 1505 1714 1571 quodlibet
1738 1521 1895 1570 usque
1920 1506 1983 1556 ad
2007 1505 2147 1567 fixas,
2180 1519 2309 1569 quae
2333 1510 2466 1553 recta
2542 1524 2554 1537 ³

1322 1881 1377 1927 In
1405 1880 1710 1927 schematibus
1742 1881 1801 1928 28
1830 1887 1876 1927 et
1907 1882 1964 1929 29
1992 1881 2173 1928 DMEN
2203 1885 2275 1926 eat
2315 1880 2465 1939 aequi-
2536 1858 2541 1866 '
