2554 4140
0 2227 13 2511 a

5 2522 19 2808 'l

822 170 960 219 Liber
988 171 1200 231 Quartus,
1259 173 1373 222 Pars
1404 171 1568 219 Tertia.
2213 178 2312 228 391

72 325 236 375 vincta
274 322 370 373 duo
407 323 517 384 ista,
563 323 612 386 1)
651 321 826 381 modus
862 324 1162 374 incitationis
1201 323 1461 387 copulariS,
1503 320 1555 388 2)
1591 322 1767 373 modus
1801 323 2200 386 eccentricitatis,
2241 337 2324 374 ec-

71 398 344 448 centricitas
379 401 543 446 tamen
578 397 799 460 praecise
839 395 1002 448 deleat
1037 394 1371 447 incitationem
1408 397 1458 443 in
1499 397 1676 459 copula
1714 410 1938 461 apogaea
1954 435 1968 461 ,
2021 396 2237 461 duplicet
2273 397 2324 444 in

70 472 315 534 perigaea‚
352 467 403 517 id
439 470 640 531 inquam
677 467 959 519 adhucdum
996 484 1095 519 non
1131 471 1271 533 potui
1307 469 1645 531 investigare..

220 542 390 606 Quam
425 541 588 590 tradis
624 557 834 592 causam
867 543 1187 607 probabilem
1224 549 1399 593 tantae
1436 543 1702 590 celeritatis
1739 542 1977 603 apsidum
2004 542 2326 606 limitumque

70 616 253 667 Lunae
264 651 282 677 ,
319 618 364 664 si
395 617 773 677 primariorum
806 617 1140 678 planetarum
1178 615 1375 678 apsides
1408 621 1454 663 et
1491 615 1672 663 limites
1706 621 1826 662 sunt
1855 615 2327 677 incomparabiliter

69 687 354 738 tardiores?
388 687 626 738 Nimirum
665 688 754 742 hicv
783 703 978 752 quoque
1016 690 1309 752 conspicuus
1347 686 1564 738 redditur
1602 688 1802 736 effectus
1829 689 2194 750 compositionis
2221 691 2325 738 vir-

69 767 226 812 tutum
262 762 579 811 motoriarum
616 761 802 811 Lunae.
863 762 1002 812 Sicut
1039 763 1167 811 enim
1208 764 1257 810 in
1295 760 1628 825 superioribus
1668 760 1767 807 vim
1807 760 2076 822 simplicem
2115 755 2360 823 Telluris,

62 840 442 898 ·attemperatam
479 849 586 884 esse
625 833 835 884 diximus
871 835 936 884 ad
971 849 1199 885 numeros
1219 835 1552 895 harmonicos,
1591 833 1640 880 in
1665 830 1983 883 revolvendo
1995 832 2193 896 quidem
2218 831 2326 883 cor-

68 922 188 973 pore
224 907 403 957 Terrae
441 908 623 957 circum
661 923 804 957 axem
842 908 905 957 ad
945 909 1051 957 360
1090 907 1194 971 dies
1230 907 1488 972 perfect08,
1528 908 1577 954 in
1616 905 1991 968 circumagenda
2029 921 2146 955 vero
2185 906 2328 970 Luna

71 983 198 1032 circa
223 980 425 1030 Terram
463 979 528 1029 ad
559 983 622 1030 12
662 981 882 1044 praecise
919 995 1112 1031 menses
1149 983 1199 1028 in
1237 995 1335 1030 uno
1370 994 1514 1042 anne,
1554 993 1642 1029 seu
1667 980 1946 1028 reversione
1974 981 2124 1027 centri
2150 979 2329 1038 Terrae

71 1055 200 1105 circa
235 1053 427 1103 Solem:
476 1055 548 1104 sic
596 1069 725 1104 nunc
771 1055 917 1104 etiam
969 1053 1187 1103 dicamus
1226 1055 1275 1101 in
1314 1053 1630 1104 inclinatione
1668 1057 1716 1101 et
1754 1053 2059 1101 restitutione
2099 1042 2328 1101 fibrarum

69 1127 256 1188 Lunae,
297 1133 347 1176 et
385 1127 563 1189 quibus
599 1126 795 1176 libratio
835 1133 884 1176 et
922 1127 1099 1189 quibus
1131 1125 1406 1177 latitudinis
1434 1126 1729 1178 deflexiones
1755 1124 2082 1187 perficiuntur,
2122 1139 2329 1189 propor-

69 1201 201 1250 tione
239 1199 412 1250 eadem
449 1204 800 1266 attemperatas
839 1213 946 1249 esse
983 1201 1115 1249 vires
1152 1215 1318 1250 earum
1357 1199 1602 1263 simplices
1640 1197 1705 1247 ad
1741 1197 2070 1260 prolixitatem
2097 1200 2329 1262 temporis

69 1273 239 1324 Lunae
288 1272 550 1336 periodici‚
603 1287 730 1336 quae
782 1273 1045 1322 observata
1091 1273 1183 1322 fuit
1227 1275 1277 1324 in
1325 1273 1539 1336 planetis
1588 1272 1778 1321 ceteris
1855 1270 1994 1321 Sicut
2028 1285 2144 1321 vero
2183 1286 2331 1336 supra

70 1351 266 1412 propter
314 1346 645 1396 accessionem
696 1345 968 1409 adjumenti
1016 1360 1076 1395 ex
1114 1345 1228 1395 Sole
1268 1351 1366 1395 tam
1405 1345 1469 1394 ad
1506 1345 1708 1430 globum
1747 1343 1926 1393 Terrae
1966 1344 2329 1406 turbinandum,

71 1435 220 1486 quam
267 1418 331 1467 ad
378 1418 571 1468 Lunam
617 1418 1061 1482 circumagendam,
1119 1419 1300 1468 turbati
1352 1420 1547 1468 fuerunt
1596 1420 1645 1466 in
1697 1417 1871 1467 effectu
1920 1417 2092 1467 ultimo
2141 1420 2329 1468 numeri

70 1492 373 1556 archetypici
420 1490 495 1559 (ut
538 1507 625 1564 pro
674 1493 781 1542 360
818 1492 992 1541 fierent
1030 1492 1133 1542 365
1174 1507 1283 1542 cum
1326 1491 1620 1556 quadrante,
1674 1497 1723 1540 et
1759 1505 1847 1554 pro
1893 1493 1955 1539 12
1995 1490 2331 1542 lunationibus

70 1568 119 1616 in
156 1579 285 1615 anno
341 1567 404 1613 12
446 1579 555 1615 cum
605 1567 797 1616 triente
818 1561 1047 1631 circiter),
1095 1567 1167 1615 sic
1203 1579 1330 1615 nunc
1367 1567 1515 1615 etiam
1561 1569 1758 1628 propter
1798 1563 2025 1626 ejusdem
2077 1566 2325 1621 accelera-

71 1640 217 1694 tionis
254 1638 425 1688 Lunae
462 1641 734 1690 auctarium
771 1638 865 1687 hoc
901 1653 962 1687 ex
999 1637 1356 1689 illuminatione
1394 1638 1564 1688 Solari·
1591 1638 1672 1698 fit,
1712 1642 1765 1686 ut
1801 1639 1937 1700 prius
1979 1637 2122 1689 Luna
2159 1640 2327 1688 veniat

38 1743 42 1745 Α
72 1711 135 1767 ad
170 1713 326 1763 latera
362 1711 527 1761 media
564 1714 794 1762 circuitus
818 1712 913 1772 sui,
953 1725 1101 1774 quam
1126 1711 1276 1762 fibrae
1297 1712 1435 1776 justo
1463 1710 1662 1765 modulo
1689 1708 1952 1760 inclinatae
1980 1718 2121 1774 sunt,
2163 1714 2331 1775 itaque

71 1785 179 1846 loco
205 1784 525 1850 profundiori,
567 1801 715 1849 quam
741 1791 928 1848 quanta
953 1790 1028 1834 est
1054 1791 1230 1848 quarta
1255 1800 1367 1849 pars
1395 1786 1457 1836 ab
1485 1784 1670 1848 apside,
1711 1784 1833 1833 fibra
1859 1785 1908 1831 in
1929 1782 2095 1833 Solem
2117 1790 2333 1849 spectet3

72 1873 168 1924 quo
205 1858 336 1908 facto
375 1860 805 1924 transpositionem
844 1857 1070 1921 apsidum
1108 1858 1211 1907 fieri
1249 1873 1397 1922 supra
1435 1857 1804 1908 inculcavimus,
1881 1856 2175 1907 Sensibilem
2217 1873 2363 1908 vero,

71 1931 332 1984 admodum
370 1946 459 1995 par
496 1938 572 1980 est
608 1927 715 1982 esse
754 1932 1180 1994 transpositionem
1221 1931 1348 1981 hanc
1385 1930 1635 1995 apsidum,
1676 1932 1793 1993 quia
1831 1931 2063 1981 sensibile
2103 1937 2177 1981 est
2212 1930 2334 1980 illud

72 2007 360 2066 anemium,
398 2019 465 2055 sc.
504 2005 604 2055 fere
637 2007 697 2055 11
727 2004 995 2068 graduum,
1033 2005 1269 2054 minorem
1307 2010 1470 2054 tamen
1509 2005 1651 2066 hanc,
1691 2003 1743 2052 id
1784 2008 1857 2054 est
1896 2005 2040 2053 trium
2078 2000 2377 2070 graduumf

70 2077 219 2144 paulo
266 2077 403 2143 plus,
450 2080 501 2126 in
551 2093 744 2129 mense:
806 2074 853 2144 l)
892 2079 1007 2141 quia
1059 2076 1131 2125 illi
1178 2077 1359 2141 gradus
1404 2079 1663 2142 potissima
1700 2082 1839 2141 parte
1876 2078 2246 2127 accumulantur
2282 2080 2333 2136 in

32 2158 36 2161 ’
71 2152 283 2216 copulis,
333 2150 487 2204 fibrae
534 2166 652 2202 vero
699 2153 808 2201 sine
862 2151 1147 2215 copularum
1197 2156 1421 2214 respectu
1467 2151 1730 2215 plurimum
1768 2149 2064 2199 inclinantur
2102 2157 2151 2206 et
2188 2150 2334 2201 recli-

71 2231 246 2281 nantur
281 2226 331 2273 in
355 2224 746 2288 longitudinibus
778 2223 966 2286 mediis,
1004 2225 1173 2287 itaque
1199 2231 1254 2275 ut
1277 2225 1537 2289 plurimum
1565 2225 1628 2276 ab
1656 2224 1866 2276 invicem
1892 2224 2120 2275 aberrant
2144 2239 2332 2289 aequa·
2381 2256 2386 2262 ·

69 2297 189 2348 lium
236 2300 573 2349 numeratione
620 2297 860 2363 graduum
881 2348 888 2357 ,
912 2297 1248 2348 affectationes
1301 2298 1423 2362 (quo
1465 2299 1514 2350 in
1565 2297 1695 2347 nodo
1743 2297 2011 2348 verisimile
2059 2304 2135 2347 est
2171 2298 2333 2349 adhuc

74 2370 262 2436 aliquid
295 2370 518 2426 abditum
554 2371 777 2434 haerere,
820 2371 959 2434 cujus
997 2371 1305 2433 ignoratione
1342 2371 1453 2433 fiat,
1509 2377 1563 2421 ut
1600 2372 1773 2423 Lunae
1813 2378 1974 2421 motus
2013 2371 2229 2422 nondum
2268 2372 2331 2421 ad

73 2442 351 2515 scrupulum
404 2446 563 2497 exacti
612 2446 738 2506 sint,
794 2459 856 2495 ne
903 2445 953 2492 in
991 2443 1240 2508 Tychonis
1291 2444 1488 2508 quidem
1535 2444 1777 2508 calculo);
1835 2442 1885 2510 2)
1926 2446 2042 2508 quia
2080 2444 2342 2495 inclinatio·

73 2517 302 2572 fibrarum
339 2531 438 2567 non
477 2523 665 2570 tantum
703 2518 1015 2581 praevenitur
1051 2516 1161 2567 loco
1203 2522 1250 2569 et
1288 2523 1522 2581 tempore,
1563 2518 1649 2568 sed
1688 2519 1834 2567 etiam
1863 2520 2149 2581 quantitate.
2179 2518 2242 2567 ob
2283 2518 2333 2567 id

75 2592 235 2656 heum
272 2589 521 2646 multatur.
582 2589 637 2640 Si
675 2591 805 2641 enim
841 2589 1028 2639 tardius
1066 2590 1343 2641 incessisset
1367 2590 1523 2651 Luna,
1564 2591 1643 2642 vel
1672 2593 1721 2640 si·
1742 2596 1879 2655 tanta
1904 2591 2041 2640 fieret
2066 2593 2333 2640 etiamnum

76 2661 300 2716 fibrarum
337 2663 588 2719 inclinatio
626 2665 675 2711 in
715 2663 857 2715 Luna
895 2662 1183 2724 accelerata,
1222 2668 1408 2727 quanta
1444 2664 1607 2724 futura
1644 2664 1817 2713 fuisset
1855 2665 1902 2712 in
1944 2663 2099 2726 tarda,
2131 2663 2334 2728 longius

20 2755 21 2759 ¹
76 2738 223 2793 etiam
271 2735 468 2801 apsides
520 2740 962 2800 transponerentur
1040 2736 1107 2784 At
1154 2735 1210 2785 fit
1259 2736 1614 2791 acceleratione
1652 2736 1866 2798 Lunae,·
1903 2742 1957 2785 ut
2004 2737 2127 2787 fibra
2166 2737 2335 2787 obviet

14 2812 21 2887 1
76 2807 181 2862 soli
215 2811 375 2874 prius,
415 2824 563 2872 quam
601 2808 664 2860 ad
698 2810 886 2873 justum
923 2809 1255 2860 inclinationis
1292 2809 1566 2873 modulum,
1608 2809 1907 2874 originaliter
1945 2810 2042 2859 sibi
2079 2810 2327 2872 tributum,

16 2882 339 2969 pertingat3
393 2897 600 2946 quarum
635 2896 792 2933 rerum
830 2883 1148 2946 permixtione
1186 2882 1264 2944 fit,
1318 2888 1371 2932 ut
1409 2885 1532 2942 inter
1566 2882 1688 2932 nihil
1725 2883 1805 2932 vel
1843 2882 2146 2944 insensibile,
2201 2883 2333 2947 quod

18 2961 28 3016 l
78 2961 208 3010 met
241 2958 347 3007 sine
386 2954 740 3006 acceleratione
779 2948 972 3016 Lunae,
1021 2960 1070 3006 et
1107 2956 1230 3005 inter
1277 2953 1390 3016 11⁰,
1440 2970 1564 3019 quos
1603 2962 1832 3008 causatur
1869 2955 2187 3018 acceleratio,
2228 2971 2332 3007 me-

20 3041 25 3082 3
78 3026 211 3082 &um
245 3028 447 3094 aliquid,
490 3027 593 3078 scil.
637 3024 770 3096 3¹s⁴⁰
805 3029 853 3076 in
892 3026 1116 3092 apsidum
1153 3032 1339 3078 motum
1379 3028 1631 3080 redundet.
1696 3028 1880 3078 Eadem
1921 3028 2051 3079 dicta
2090 3035 2233 3078 sunto
2275 3029 2336 3079 de

22 3118 26 3174 ᾖ
83 3099 306 3156 mnarum
356 3100 630 3153 latitudinis
683 3100 973 3164 impulsione
1023 3115 1110 3151 seu
1148 3100 1492 3152 reclinationez
1547 3101 1714 3152 debuit
1754 3103 1880 3150 enim
1921 3117 1980 3152 ea
2019 3116 2126 3153 esse
2165 3104 2331 3153 insen-

24 3178 27 3219 1
81 3172 262 3235 sibilis,
311 3180 368 3225 111
414 3176 462 3222 111
508 3173 718 3237 planetis
768 3174 1032 3236 primariis,
1081 3173 1123 3222 si
1160 3173 1303 3223 Luna
1349 3180 1404 3223 ut
1448 3176 1663 3238 primarii
1711 3174 1922 3237 simplici
1969 3176 2019 3225 vi
2076 3177 2329 3226 incessura

26 3246 31 3293 ἰ
84 3245 267 3298 tuimet.
333 3246 401 3297 At
437 3248 556 3310 quia
593 3247 938 3298 acceleratoria
975 3247 1067 3306 vis,
1108 3248 1455 3309 superveniens
1480 3247 1668 3311 Lunae,
1706 3248 1966 3299 aestimata
2005 3253 2078 3300 est
2110 3247 2200 3298 11ο
2231 3250 2330 3300 fere

3 3350 32 3381 0,
84 3316 399 3381 longitudinis
438 3320 625 3382 effectu,
666 3333 806 3382 quae,
846 3321 888 3369 si
928 3324 1030 3369 toto
1070 3318 1256 3370 ambitu
1294 3319 1426 3372 fibris
1464 3319 1735 3371 latitudinis
1775 3321 2087 3384 incumberet,
2127 3321 2238 3373 illas
2277 3328 2332 3372 ut

30 3400 40 3455 ι
86 3394 253 3446 muira
286 3405 340 3444 se
376 3405 473 3443 non
511 3394 721 3445 munitas
772 3393 887 3441 totis
931 3387 1022 3440 110
1059 3389 1336 3451 reclinaret,
1397 3391 1481 3443 illa
1518 3391 1663 3444 fibras
1701 3399 1847 3444 nacta
1884 3400 2072 3445 tantum
2108 3397 2157 3444 in
2196 3395 2331 3445 limi-

32 3465 43 3525 ’ῃ
88 3462 219 3511 tibus
264 3462 356 3512 sibi
402 3465 667 3529 obnoxias,
720 3480 816 3515 uno
867 3470 1029 3516 tamen
1067 3462 1223 3526 gradu
1264 3477 1372 3516 cum
1410 3466 1612 3517 semisse
1650 3466 1852 3518 reclinat
1889 3469 1937 3517 in
1976 3476 2074 3521 una
2112 3468 2333 3558 periodo,

37 3548 236 3597 quam
271 3533 631 3596 reclinationem
672 3540 892 3602 sequitur
928 3537 1203 3601 praecessio
1241 3536 1463 3590 limitum.

36 3589 46 3675 '3
232 3604 557 3663 Veruntamen
607 3626 716 3662 cum
764 3611 824 3661 de
875 3608 1230 3673 quantitatibus
1280 3617 1330 3661 et
1374 3612 1684 3674 proportione
1707 3613 1946 3664 binorum
1984 3615 2185 3664 istorum
2223 3628 2332 3670 mo-

40 3707 47 3740 ,
93 3684 256 3739 11111111,
308 3678 457 3733 altero
494 3683 745 3748 apsidum,
785 3683 937 3736 altero
977 3681 1184 3731 limitum
1223 3681 1416 3745 Lunae,
1458 3691 1646 3737 constet
1682 3691 1852 3738 exacte
1893 3702 1952 3737 ex
1991 3688 2332 3737 observatione

41 3767 50 3816 5
94 3755 167 3799 101
197 3749 299 3811 jam
334 3753 619 3821 seculorum,
658 3762 879 3822 superest
918 3757 1179 3805 etiamnum
1218 3753 1355 3810 locus
1389 3759 1605 3821 ingenio.
1671 3759 1793 3809 Nam
1833 3762 1919 3824 qui
1959 3774 2133 3811 causas
2161 3759 2330 3809 harum

44 3831 48 3882 ἰ
95 3834 250 3872 mmm
286 3822 430 3876 (⁸1⁰⁸
442 3829 683 3890 attulerit,
722 3838 775 3880 ut
815 3845 874 3880 ex
914 3830 973 3877 iis
1009 3832 1239 3890 sequatur
1275 3828 1396 3884 haec
1435 3833 1542 3895 ipsa
1578 3833 1854 3895 quantitas,
1898 3835 1938 3883 is
1978 3847 2166 3882 currum
2204 3832 2331 3881 circa

45 3899 272 3952 :moun
321 3903 450 3967 agat.
523 3901 580 3953 Id
625 3908 761 3961 tanto
806 3902 963 3968 magis
1009 3900 1159 3956 anniti
1209 3899 1386 3962 debent
1430 3903 1736 3986 philosoplii,
1791 3906 1924 3969 quod
1966 3906 2106 3957 Luna
2143 3909 2365 3987 praeter·
