2554 4140
225 141 324 188 134
1045 129 1282 187 Epitomes
1312 128 1629 174 Ast'ronomiae

218 280 353 336 liaris,
386 278 495 324 facit
526 278 805 334 quotientem
838 275 973 330 1764;
1006 287 1114 333 ergo
1146 273 1363 319 diameter
1393 276 1491 318 tota
1520 272 1645 329 globi
1675 273 1809 330 aquei
1839 279 1960 320 esset
1989 274 2103 321 1763
2133 274 2342 321 milliaria
2371 287 2472 320 cum

219 345 455 391 dodrante.

368 420 485 483 Qua
522 433 639 467 vero
675 416 901 467 methodo
927 417 1205 465 astronomi
1241 415 1398 464 solent
1433 416 1511 462 uti
1548 414 1618 463 ad
1660 416 1964 465 metiendum
2011 417 2194 467 Terrae
2236 418 2475 480 ylobum?

218 491 498 542 Astronomi
549 490 740 539 coelum
778 489 1031 549 adhibent,
1083 487 1177 536 hoc
1214 492 1289 535 est
1326 485 1632 535 altitudinem
1683 488 1786 550 poli
1823 490 1871 536 in
1912 489 2102 538 duobus
2153 490 2274 539 locis
2314 490 2472 538 eidem

217 565 485 614 meridiano
523 563 770 626 subJectiS‚
812 568 860 611 et
897 575 982 626 per
1022 575 1128 609 eam
1165 561 1298 622 prius
1335 560 1600 607 metiuntur
1637 559 1817 610 Terrae
1869 563 2128 622 ambitum,
2180 577 2238 612 cx
2289 563 2476 611 ambitu

221 637 394 687 deinde
449 636 651 686 eliciunt
699 642 748 686 et
797 635 1084 683 diametrum
1138 632 1260 694 ejus,
1336 630 1434 680 Sed
1482 632 1741 694 requiritur
1790 635 1924 696 prius
1978 636 2192 697 cognitio
2231 634 2477 684 doctrinae

222 710 535 773 sphaericae,
578 723 704 771 quae
741 710 792 755 in
830 706 1147 768 sequentibus
1187 704 1380 753 demum
1417 703 1648 754 tradetur.

751 789 968 868 Ostende
997 794 1150 834 tamen
1178 800 1273 832 rem
1304 789 1521 845 eoeemplo.
1581 787 1756 844 Pragae
1787 793 1858 833 est
1889 788 2079 836 altitudo
2111 789 2205 847 poli
2265 790 2344 835 50⁰
2406 791 2448 836 6¹

1475 852 1621 898 Lincii
1650 853 1734 898 sub
1763 853 1922 900 eodem
1950 855 2200 901 meridiano
2260 854 2330 900 48.
2378 855 2446 900 16.

1943 927 2212 974 Differentia
2276 933 2316 974 1
2375 930 2445 974 50.

390 1002 494 1047 Jam
523 1001 681 1046 Lincio
725 1001 918 1056 Pragam
976 999 1271 1046 communiter
1328 1005 1623 1045 numerantur
1673 1000 1880 1046 milliaria
1924 1001 1995 1048 26.
2057 1001 2105 1046 Si
2156 1015 2261 1058 ergo
2306 1003 2356 1046 1⁰
2402 1003 2474 1047 50¹

216 1067 338 1113 valet
367 1067 573 1113 milliaria
612 1068 690 1123 26,
730 1070 855 1111 totus
883 1065 1103 1120 ambitus,
1139 1065 1359 1123 graduum
1389 1067 1496 1119 360,
1537 1065 1706 1110 valebit
1735 1066 1944 1111 milliaria
1975 1069 2102 1113 5105.
2163 1066 2252 1112 Sed
2283 1067 2476 1112 ambitus

215 1138 288 1179 est
317 1134 375 1179 ad
406 1133 671 1178 diametrum
701 1138 751 1178 ut
779 1133 837 1178 22
867 1133 926 1178 ad
956 1134 997 1179 7.
1058 1131 1106 1176 Si
1145 1145 1251 1189 ergo
1293 1132 1487 1178 ambitus
1525 1133 1583 1178 22
1613 1133 1731 1178 valet
1773 1134 1981 1178 milliaria
2021 1133 2159 1189 5105,
2201 1132 2418 1177 diameter
2450 1137 2473 1176 7

218 1198 385 1244 valebit
414 1198 621 1243 milliaria
654 1198 765 1243 1615
796 1202 842 1242 et
872 1197 1204 1243 semidiameter
1234 1197 1442 1242 milliaria
1481 1198 1580 1244 807.
1603 1201 1637 1255 ⁸)

369 1275 579 1338 Quanta
615 1277 775 1337 i9itur
812 1281 1038 1323 censetur
1074 1276 1218 1325 hodie
1253 1274 1647 1323 semidiametros
1690 1274 1913 1323 Terrae?
1966 1273 2295 1324 Communiter
2330 1273 2477 1323 hodie

224 1348 287 1396 15
325 1348 553 1396 milliaria
592 1346 883 1396 Germanica
920 1344 1184 1397 mediocria
1220 1353 1534 1396 numerantur
1581 1349 1631 1394 in
1670 1346 1850 1410 gradus
1887 1347 2134 1411 singulos,
2186 1354 2241 1396 ut
2282 1349 2350 1396 ita
2386 1363 2478 1397 ve-

221 1422 356 1469 niant
392 1421 483 1468 toti
523 1420 936 1469 circumferentiae
977 1422 1140 1482 5400,
1181 1421 1540 1469 semidiametro
1578 1420 1682 1468 860
1719 1420 1832 1468 fere.

374 1492 726 1556 Computamus
763 1500 927 1543 autem
965 1496 1014 1541 in
1054 1508 1202 1541 unum
1240 1491 1445 1542 milliare
1471 1491 1813 1541 Germanicum
1842 1492 2016 1542 Italica
2054 1494 2088 1539 4
2125 1506 2213 1541 seu
2252 1494 2286 1539 4
2323 1491 2479 1540 millia

220 1579 455 1629 passuum
503 1567 936 1629 geometricorum,
992 1581 1198 1628 quorum
1247 1565 1454 1628 quilibet
1506 1565 1690 1614 habeat
1738 1564 1889 1628 pedes
1945 1566 1999 1627 5,
2055 1579 2143 1628 pes
2195 1566 2227 1613 4
2266 1565 2474 1628 palmos.

221 1637 394 1687 Stadia
431 1653 548 1688 vero
587 1641 636 1686 in
674 1638 870 1687 milliari
906 1639 1079 1688 Italico
1118 1641 1285 1688 insunt
1325 1640 1372 1700 8,
1411 1640 1459 1685 in
1489 1637 1781 1688 Germanico
1809 1640 1891 1698 32,
1933 1637 2187 1702 quodlibet
2229 1638 2328 1686 125
2358 1652 2478 1701 pas-

227 1725 385 1759 suum.
462 1711 541 1760 Ita
579 1726 704 1760 unus
742 1711 923 1775 gradus
963 1718 1170 1775 occupat
1209 1710 1477 1761 secundum
1515 1710 1777 1760 hodiernos
1815 1709 1976 1760 stadia
2009 1711 2115 1759 480
2154 1715 2204 1759 et
2240 1715 2346 1759 tota
2382 1712 2477 1759 cir-

221 1785 535 1845 cumferentia
571 1783 732 1834 stadia
774 1785 999 1834 172800.

367 1857 503 1920 Quid
538 1857 598 1906 de
633 1858 722 1907 hoc
759 1864 942 1906 veteres
975 1857 1349 1921 prodiderunt?
1422 1856 1626 1906 Veteres
1673 1857 1799 1905 inter
1843 1856 1984 1904 initia
2033 1856 2277 1905 nascentis
2315 1860 2476 1904 astro-

217 1930 411 1979 nomiae
461 1931 620 1979 minus
669 1933 884 1979 accurati
934 1931 1084 1980 fuere.
1164 1930 1291 1980 Nam
1339 1929 1711 1990 Eratosthenes,
1764 1931 1848 1992 qui
1885 1930 2009 1978 vixit
2060 1934 2175 1977 ante
2216 1927 2474 1989 Christum,

218 2001 379 2051 stadia
417 1999 631 2052 250000
668 2003 844 2066 prodit.

362 2075 483 2138 Ejus
519 2077 828 2138 ratiocinatio
866 2075 994 2125 talis.
1070 2075 1127 2124 In
1161 2075 1321 2140 Syene
1360 2074 1446 2125 Sol
1482 2077 1533 2123 in
1570 2075 1760 2125 aestivo
1798 2072 2009 2123 solstitio
2047 2073 2169 2138 hora
2207 2073 2477 2124 meridiana

140 2139 144 2145 ’
220 2147 463 2196 illuminat
500 2148 675 2198 fundos
713 2154 995 2211 puteorum,
1047 2149 1102 2197 fit
1138 2149 1285 2212 igitur
1320 2149 1540 2212 praecise
1593 2148 1660 2196 ibi
1705 2146 1966 2196 verticalis.
2042 2146 2111 2195 At
2150 2146 2475 2197 Alexandriae

219 2226 321 2268 tum
361 2221 553 2269 absistit
590 2236 620 2269 a
657 2223 837 2271 vertice
874 2236 973 2270 una
1011 2224 1417 2285 quinquagesima
1453 2226 1590 2286 parte
1629 2220 1819 2280 circuli,
1874 2220 1969 2269 hoc
2008 2225 2082 2268 est
2132 2217 2189 2268 7⁰
2231 2221 2330 2269 121.
2408 2219 2475 2269 At

216 2293 535 2342 intervallum
586 2296 884 2344 itinerarium
938 2297 1063 2343 inter
1109 2293 1271 2344 locum
1322 2300 1580 2357 utrumque
1632 2298 1854 2343 censetur
1909 2292 2048 2341 5000
2092 2291 2291 2355 stadiis,
2348 2304 2476 2356 quae

161 2399 167 2411 .
216 2371 384 2415 sumta
421 2368 742 2452 quinquagies
781 2367 995 2416 efficiunt
1032 2367 1262 2417 250000.

365 2438 660 2488 Posidonius
700 2441 827 2489 circa
865 2439 1040 2488 Christi
1080 2446 1300 2503 tempora
1351 2439 1526 2489 demsit
1571 2444 1760 2503 partem
1799 2438 2080 2487 vicesimam
2120 2438 2367 2500 quintam,
2421 2442 2477 2487 ut

217 2512 316 2559 sint
371 2512 532 2561 stadia
571 2513 801 2562 240000.
879 2513 996 2576 Ejus
1054 2515 1178 2562 ratio
1235 2513 1334 2562 sere
1390 2511 1563 2561 similis
1603 2516 1678 2562 est
1727 2513 1892 2575 priori.
1969 2510 2202 2574 Canopus
2241 2510 2386 2560 stella
2423 2512 2472 2558 in

218 2583 380 2632 insula
415 2584 592 2634 Rhodo
641 2586 747 2648 ejus
787 2591 947 2635 aetate
986 2586 1255 2648 stringebat
1292 2587 1594 2634 horizontem
1641 2598 1730 2634 nec
1778 2584 1926 2633 altius
1983 2583 2276 2646 emergebat.
2352 2583 2473 2633 Ale-

217 2655 450 2707 xandriae
499 2672 611 2707 vero
661 2658 724 2707 ad
763 2664 985 2721 quartam
1036 2661 1181 2707 unius
1227 2659 1351 2722 signi
1391 2665 1580 2722 partem
1626 2673 1679 2707 se
1718 2657 2003 2718 attollebat,
2061 2655 2111 2704 id
2159 2662 2231 2705 est
2273 2653 2330 2703 ’Ζο
2369 2658 2470 2717 30’,

221 2744 348 2792 quae
400 2736 474 2779 est
520 2745 633 2815 pars
673 2732 756 2779 48.
808 2733 959 2780 totius
1009 2731 1437 2781 circumferentiae.
1527 2731 1595 2779 At
1645 2729 1956 2779 intervallum
2005 2730 2329 2790 itinerarium,
2384 2743 2473 2778 seu

217 2803 428 2865 spatium
466 2805 611 2852 maris
650 2805 774 2853 inter
810 2804 972 2853 locum
1010 2810 1267 2866 utrumque
1307 2810 1529 2854 censetur
1570 2803 1710 2852 5000
1749 2801 1938 2864 stadiis,
1977 2815 2104 2864 quae
2143 2807 2305 2850 sumta
2342 2800 2472 2851 48¹⁶⁵

218 2875 431 2925 efficiunt
469 2877 697 2926 240000.
797 2880 800 2884 ’

360 2948 675 2998 Ptolemaeus
713 2963 858 3010 ver0,
883 2950 992 3014 ‘qui
1029 2949 1154 2997 vixit
1189 2954 1303 3012 post
1342 2948 1602 3010 Christum,
1647 2947 1711 2997 ad
1748 2961 1838 2997 nos
1875 2948 2087 3011 propius
2115 2946 2329 3009 accedit3
2384 2947 2472 2994 tri-

218 3021 325 3069 buit
364 3023 491 3070 enim
529 3023 612 3069 uni
650 3022 825 3085 gradui
863 3022 1024 3071 stadia
1067 3023 1196 3083 500,
1238 3036 1364 3085 quae
1403 3028 1565 3070 sumta
1604 3017 1768 3070 360¹⁰⁵
1808 3020 2024 3069 efficiunt
2066 3020 2296 3069 180000.

362 3093 679 3157 Alphragano
719 3101 917 3144 auctore
963 3100 1180 3159 tempore
1222 3094 1473 3144 Almeonis
1511 3094 1700 3144 Arabes
1748 3092 1939 3142 collatis
1978 3092 2228 3141 sententiis
2280 3097 2469 3142 statue·

216 3171 328 3215 runt
367 3168 449 3213 uni
490 3166 662 3229 gradui
702 3168 867 3216 circuli
905 3170 1105 3216 maximi
1142 3170 1193 3215 in
1232 3168 1383 3216 Terra
1422 3173 1694 3230 competere
1730 3165 1920 3229 palmos
1965 3166 2226 3226 1360000,
2268 3178 2471 3228 quorum

222 3241 250 3287 6
290 3239 474 3287 faciunt
525 3239 752 3290 cubitum.
841 3242 1019 3289 Eorum
1076 3247 1239 3290 autem
1280 3243 1311 3288 4
1361 3246 1616 3289 censentur
1663 3254 1693 3288 a
1739 3239 1882 3288 nobis
1932 3251 2020 3301 pro
2072 3237 2224 3300 pede,
2267 3239 2334 3286 20
2382 3251 2470 3300 pro

218 3325 367 3374 passu
406 3313 732 3374 geometrico;
773 3314 843 3361 ita
879 3315 1076 3362 venient
1116 3314 1180 3361 68
1221 3313 1375 3361 millia
1411 3327 1645 3376 passuum
1682 3313 1731 3359 in
1770 3310 1950 3374 gradus
1987 3310 2227 3372 singulos,
2266 3310 2360 3359 hoc
2399 3316 2472 3358 est

216 3383 444 3432 milliaria
485 3383 774 3432 Germanica
818 3388 897 3444 17,
938 3384 1096 3433 stadia
1137 3387 1268 3447 544,
1321 3392 1376 3434 ut
1411 3388 1481 3434 sit
1514 3391 1645 3435 totus
1683 3383 1895 3433 ambitus
1935 3383 2200 3431 stadiorum
2243 3383 2469 3432 195840.

364 3456 691 3519 Albategnius
730 3471 815 3505 seu
854 3456 1159 3507 Mahometes
1199 3459 1458 3507 Aracensis
1496 3457 1702 3521 gradum
1739 3455 1989 3509 dimidium
2035 3456 2261 3504 aestimat
2299 3454 2469 3504 diurno

217 3530 387 3578 itinere
426 3529 634 3577 hominis
674 3528 912 3591 expediti,
953 3544 1039 3578 seu
1076 3530 1364 3580 milliaribus
1404 3531 1625 3580 Arabicis
1662 3531 1738 3579 sui
1775 3527 1927 3578 seculi
1965 3529 2048 3575 42.

369 3601 474 3650 Gur
511 3603 590 3650 hic
626 3603 882 3649 inseritur
905 3601 1146 3651 dimensio
1192 3604 1390 3665 Terrae,
1428 3618 1506 3652 res
1541 3602 1890 3667 yeoyraphica,
1929 3615 2046 3649 cum
2082 3603 2138 3648 in
2157 3576 2469 3650 astronomia

220 3675 512 3723 versemur?
584 3675 718 3722 Etsi
712 3673 1052 3736 geographiae
1092 3681 1189 3736 est,
1244 3678 1400 3724 metiri
1440 3676 1695 3739 Terrarum
1733 3675 1991 3735 ambitum,
2039 3673 2295 3722 distantias
2332 3671 2469 3721 loco-

222 3762 342 3809 rum,
383 3762 548 3796 aream
588 3761 854 3796 convexam
893 3745 1164 3810 superficiei
1190 3747 1446 3810 Terrenae,
1485 3755 1534 3798 et
1557 3751 1714 3813 ipsam
1747 3746 1882 3811 globi
1914 3747 2066 3796 totius
2103 3746 2467 3812 corpulentiam,

228 3835 324 3869 non
362 3825 527 3884 potest
563 3824 724 3870 tamen
765 3820 1062 3871 astronomia
1099 3834 1261 3871 carere
1298 3821 1390 3871 hac
1428 3823 1719 3886 cognitione.
