2554 4140
1057 98 1323 170 Praecepta.
1991 144 1993 146 .
2240 101 2342 150 681

99 247 292 296 Tabula
331 248 638 311 aequationis
674 250 907 312 temporis
945 249 1244 317 compositae
1270 224 1564 312 temporaria
1602 248 1663 298 ad
1703 262 1884 297 annum
1911 246 2021 297 Chr.
2059 246 2350 298 MDCXVI.

273 330 2353 671 *ἓΐᾜῲῆ

1227 513 2229 560 ωωωωωωωωωωωω

1139 571 1163 589 0

1321 1001 1344 1426 bbffiaoesslssloeoeffi

271 1495 341 1528 sub
366 1495 436 1528 sub
456 1417 692 1593 ειὼΙειὼ-
629 1502 670 1525 su
710 1493 768 1527 Ad
788 1494 846 1527 Ad
879 1493 935 1526 Ad
956 1490 1015 1524 Ad
1043 1495 1108 1527 sub
1124 1494 1183 1527 Ad
1193 1415 1348 1591 'mmm
1301 1494 1357 1528 Ad
1388 1463 1457 1528 sub
1476 1495 1545 1529 sub
1561 1495 1627 1528 sub
1645 1496 1704 1530 Ad
1745 1497 1803 1530 Ad
1822 1496 1879 1529 Ad
1915 1495 1971 1529 Ad
2005 1496 2073 1529 sub
2091 1496 2150 1530 Au
2189 1495 2259 1528 sub

442 1531 448 1595 ι
1112 1526 1118 1578 ι
1632 1518 1850 1626 ιιχ

265 1678 401 1731 Caput
429 1677 526 1719 XV.
558 1691 595 1717 v,
628 1690 658 1717 s.
690 1675 764 1719 fol.
798 1677 884 1717 570
917 1687 968 1716 se.
1028 1673 1204 1713 Initium
1238 1684 1330 1724 cap.
1362 1671 1476 1711 XVI.
1508 1670 1587 1713 fol.
1620 1671 1706 1712 554
1738 1684 1796 1714 ss,

171 1778 179 1784 ·
237 1748 479 1795 Conclusio
515 1746 676 1804 capitis
707 1747 828 1793 XVI.
889 1750 973 1798 De
1026 1761 1247 1810 mappa
1303 1744 1508 1794 mundi
1571 1745 1952 1796 universali.
1995 1750 2099 1804 (Ofr.
2132 1748 2355 1805 f01.628.)

94 1818 277 1882 Spem,
342 1819 533 1865 interim
583 1816 696 1864 dum
746 1822 1016 1880 procedunt
1070 1834 1247 1885 operae
1301 1818 1708 1883 typographicae,
1762 1820 1906 1868 simul
1959 1819 2258 1882 prodituram
2316 1824 2364 1866 et

92 1892 311 1941 chartam
347 1890 726 1953 geographicam
783 1896 913 1945 orbis
953 1901 1215 1959 terrarum,
1270 1907 1416 1955 quam
1455 1906 1587 1941 nova
1625 1894 1811 1942 ratione
1866 1891 2207 1942 delineandam
2245 1905 2361 1955 pro-

89 1966 233 2028 posui
280 1978 367 2027 per
416 1963 710 2012 meridianos
762 1963 1003 2017 horarum.
1083 1968 1141 2014 In
1180 1966 1359 2029 magna
1395 1980 1442 2013 n.
1483 1967 1719 2015 varietate
1758 1965 2082 2015 constituendi
2138 1966 2361 2029 principii

91 2036 413 2100 longitudinis
452 2037 670 2085 locorum
722 2050 970 2108 praestare
1009 2041 1181 2104 putavi
1228 2040 1615 2104 numerationem
1666 2039 1839 2100 talem,
1898 2041 1945 2086 in
1987 2054 2084 2102 qua
2120 2038 2362 2087 Huennae

91 2111 278 2160 insulae
334 2111 549 2173 ejusque.
579 2111 703 2157 arcis
742 2108 1050 2178 Uraniburgi,
1086 2112 1381 2161 meridianus
1435 2119 1564 2161 esset
1609 2114 1888 2175 primarius,
1948 2111 2078 2174 quod
2119 2112 2182 2160 ad
2230 2111 2362 2159 hunc

89 2183 287 2233 tabulae
325 2186 424 2232 sint
462 2188 794 2248 constructae,
835 2195 890 2237 ut
928 2190 1075 2251 igitur
1113 2187 1176 2235 ab
1219 2200 1276 2235 eo
1316 2198 1484 2234 omnes
1524 2187 1572 2232 in
1602 2184 1900 2236 occidentem
1929 2185 2164 2234 distantes
2191 2191 2359 2233 notam

92 2258 329 2307 haberent
366 2256 770 2318 subtractoriam‚
812 2276 980 2311 omnes
1020 2262 1065 2307 in
1109 2260 1344 2308 orientem
1384 2258 1717 2321 adjectoriam.

236 2329 365 2389 Quia
404 2331 534 2379 enim
573 2329 773 2379 tabulae
811 2340 972 2383 motus
1002 2334 1187 2393 Lunae,
1234 2333 1296 2381 ob
1337 2346 1481 2394 quem
1522 2333 1789 2394 exquiritur
1829 2331 2099 2381 differentia
2138 2328 2359 2389 meridd.,

87 2405 399 2469 potissimum
439 2404 709 2451 inserviunt
748 2409 815 2454 rei
856 2409 1097 2466 nauticae,
1139 2405 1203 2454 ad
1229 2405 1355 2453 hanc
1382 2407 1527 2453 etiam
1565 2406 1828 2468 praecipue
1854 2403 2213 2468 respiciendum
2240 2402 2359 2451 mihi
2382 2432 2393 2442 ·

91 2478 276 2526 censui.
353 2476 506 2538 Atqui
534 2475 679 2524 litora
708 2483 877 2528 oceani
905 2484 1176 2542 utriusque,
1202 2480 1551 2541 promontoria,
1579 2477 1784 2537 insulae,
1814 2479 1977 2539 sinus„
2004 2482 2190 2541 poi-tue,
2233 2477 2358 2536 ostia

90 2550 374 2610 fluviorum,
416 2554 573 2612 syrtes
613 2555 661 2597 et
698 2550 876 2602 similia
913 2553 1023 2602 loca
1060 2555 1108 2600 in
1147 2558 1284 2600 tanta
1322 2551 1599 2613 linguarum
1635 2552 1873 2600 varietate
1911 2553 2105 2600 notiora
2141 2555 2256 2598 sunt
2297 2548 2358 2596 ab

88 2626 198 2686 ipsa
249 2636 339 2670 sua
390 2623 514 2670 serie
561 2625 803 2686 naturali,
859 2641 1005 2689 quam
1064 2641 1094 2674 a
1140 2625 1441 2672 nominibus:
1503 2625 1670 2686 itaque
1724 2637 1811 2686 pro
1867 2625 1990 2674 serie
2046 2622 2359 2685 alphabetica

87 2705 257 2760 typum
309 2696 468 2758 ipsum
518 2695 648 2743 orbis
695 2702 948 2748 terrarum:
988 2697 1480 2749 accommodatiorem
1532 2697 1633 2745 fore
1691 2697 1862 2760 putavi
1918 2698 2002 2757 iis,
2062 2697 2146 2759 qui
2193 2694 2355 2743 locum

99 2782 340 2832 quemque
379 2782 500 2817 suae
539 2772 846 2820 necessitatis
887 2787 1035 2822 causa
1073 2776 1187 2821 sunt
1225 2771 1517 2832 inquisituri.

247 2855 331 2903 Est
371 2863 537 2904 autem
574 2864 921 2908 transsumtum
964 2858 1212 2922 exemplar
1248 2859 1354 2921 typi
1407 2871 1466 2905 ex
1504 2871 1684 2920 mappa
1722 2854 1985 2905 universali
2036 2854 2164 2903 orbis
2203 2859 2358 2902 terra-

89 2942 221 2986 rum,
275 2927 406 2976 edita
456 2944 486 2977 a
525 2928 723 2979 Guiliel.
764 2931 1007 2981 Jansonio
1052 2932 1359 2981 Alcmariano
1409 2944 1537 2978 anno
1591 2930 1702 2980 Chr.
1749 2930 1900 2978 1605.
1943 2930 2210 2996 imperante
2249 2925 2358 2974 Ru-

94 2999 278 3063 dolpho
317 3001 391 3060 ΙΙ,
432 3016 463 3049 a
501 3017 597 3065 quo
636 3004 859 3054 Tabulae
899 3008 1022 3054 istae
1057 3019 1235 3054 nomen
1275 3003 1489 3064 trahunt,
1530 3017 1619 3056 nec
1660 3002 1760 3052 alia
1785 3001 1879 3051 fide
1918 3002 2101 3063 nititur,
2139 3003 2359 3063 praeter-

93 3087 241 3135 quam
280 3074 327 3120 in
368 3074 488 3123 locis
527 3078 574 3122 in
617 3078 842 3141 catalogo
883 3080 1123 3142 expressis
1163 3084 1210 3126 et
1248 3078 1436 3126 vicinis.

237 3160 294 3208 In
342 3160 436 3210 hoc
483 3163 649 3223 itaque
704 3170 822 3227 typo
872 3164 1165 3213 meridianus
1212 3163 1400 3212 medius
1456 3163 1737 3227 exprimitur
1800 3161 1990 3210 duabus
2047 3159 2152 3224 (vel
2204 3160 2358 3211 tribus

92 3235 280 3299 potius)
328 3233 467 3282 lineis
518 3236 683 3296 remisi,
743 3251 947 3299 quarum
996 3240 1127 3301 prior
1173 3235 1462 3286 semicirculi
1514 3237 1774 3300 superioris
1826 3249 1910 3299 per
1947 3234 2209 3284 latissimas
2259 3235 2358 3284 fere

92 3307 243 3354 totius
284 3307 415 3355 orbis
454 3311 758 3356 continentes
797 3309 1076 3370 traducitur,
1118 3318 1288 3373 estque
1326 3308 1600 3357 tabularum
1642 3308 1829 3369 harum,
1860 3313 1915 3356 ut
1953 3305 2077 3368 dixi,
2117 3309 2359 3374 propriuS,

96 3378 397 3441 distinguens
439 3380 742 3430 occidentale
783 3382 1205 3445 hemisphaerium,
1245 3396 1330 3445 per
1358 3381 1487 3444 quod
1517 3387 1590 3430 est
1614 3379 1943 3430 subtrahenda
1981 3381 2357 3431 meridianorum

96 3451 378 3511 differentia,
420 3454 482 3501 ab
506 3454 741 3511 orientali,
783 3469 869 3517 per
908 3455 1037 3517 quod
1066 3454 1317 3514 addenda3
1358 3454 1511 3502 altera
1535 3454 1664 3502 linea
1689 3459 1834 3514 recta,
1876 3468 2001 3516 quae
2041 3454 2201 3503 discos
2229 3453 2356 3502 late-

95 3524 221 3572 rales
260 3527 641 3575 semicirculares
681 3543 712 3575 a
748 3526 916 3576 dextra
954 3529 1245 3589 sinistraque
1285 3527 1521 3586 terminat,
1563 3529 1757 3589 gemina
1791 3526 1983 3590 quidem
2026 3535 2098 3576 cst
2138 3532 2354 3589 aspectu,

95 3602 338 3659 potestate
377 3613 502 3660 una,
544 3599 803 3662 designans
843 3600 1193 3649 semicirculum
1234 3599 1484 3648 meridiani
1539 3599 1811 3649 inferiorem
1850 3600 2135 3663 antipodum
2176 3597 2355 3646 Urani-

96 3669 253 3731 burgi,
292 3671 339 3716 in
380 3685 523 3733 quem
564 3674 919 3722 subu-actiones
959 3673 1020 3721 ab
1049 3670 1297 3721 occidente
1337 3677 1386 3720 et
1423 3670 1696 3721 additiones
1734 3674 1796 3722 ab
1823 3674 2005 3722 oriente
2039 3671 2354 3721 communiter

100 3740 344 3803 desinunt,
386 3750 440 3792 ut
477 3747 547 3794 sic
585 3761 641 3794 ex
681 3746 813 3794 horis
859 3749 920 3794 12
960 3745 1068 3794 sub.
1110 3751 1158 3794 et
1201 3747 1262 3792 12
1304 3743 1414 3793 add.
1457 3743 1560 3793 dies
1597 3759 1721 3793 unus
1762 3747 2009 3806 confletur,
2055 3745 2353 3792 differentiae

99 3817 485 3866 numerationum
537 3820 606 3867 cis
656 3825 703 3868 et
749 3818 887 3868 ultra.
967 3817 1199 3867 Confusio
1258 3823 1417 3866 tamen
1476 3823 1562 3867 aut
1615 3818 1911 3883 ambiguitas
1966 3816 2227 3867 metuenda
2280 3820 2355 3865 est
