2554 4140
208 127 310 175 184
1038 119 1274 177 Epitomes
1301 119 1618 171 Astronomiae

205 272 300 320 sita
336 283 433 319 non
471 267 779 318 attrahuntur
824 282 856 317 a
891 269 1010 317 rotis
1047 269 1290 331 gravitate
1327 267 1568 329 naturali,
1619 266 1707 316 sed
1742 282 1772 317 a
1808 266 2004 318 Tellure
2052 269 2173 318 rotis
2210 268 2460 332 subjecta,
2519 295 2529 301 -

205 345 276 392 ibi
314 344 460 406 igitur
497 355 557 390 ex
594 355 762 406 pugna
797 347 1017 390 motuum
1056 342 1107 389 in
1143 341 1318 403 plagas
1357 339 1576 388 diversas
1628 342 1779 388 oritur
1828 340 1912 390 ille
1949 343 2158 404 impetus
2209 347 2258 391 et
2295 340 2468 391 desul-'

206 417 352 478 tati03
391 413 568 477 quodsi
606 416 778 477 gravia
815 414 1076 477 alligentur
1112 419 1264 473 rotae,
1302 426 1400 461 non
1440 411 1685 461 desiliunt.
1761 412 1830 462 At
1851 413 2040 478 lapides
2077 417 2255 463 virtute
2281 419 2463 463 attrac-

204 489 330 537 toria
373 487 438 536 ad
478 486 678 535 Terram
731 488 857 536 sunt‘
893 486 1085 549 alligati
1136 492 1185 535 et
1229 487 1279 532 in
1329 484 1514 534 nullam
1560 485 1760 548 plagam
1811 492 1949 535 extra
1994 486 2159 535 locum
2203 487 2459 535 rotationis
2536 487 2540 490 '

207 560 417 610 Telluris
465 560 708 623 gravitate
758 575 848 608 sua
901 560 1133 620 tendunt;
1186 557 1349 606 nullus
1400 559 1548 621 igitur
1598 565 1674 608 est
1709 558 1848 607 locus
1895 572 2091 623 pugnae
2142 565 2191 608 et
2243 561 2460 622 impetui.

205 633 335 694 Illic,
391 646 488 696 quo
529 632 771 695 quidlibet
806 634 856 680 in
895 647 986 680 sua
1024 632 1296 693 quantitate
1345 632 1548 693 gravius
1583 636 1677 692 est,
1732 629 1827 680 hoc
1864 631 2105 681 efficacior
2145 631 2200 680 fit
2236 633 2460 695 impetus,

205 705 285 755 hic
320 705 510 768 lapides
547 720 608 755 ne
647 719 823 769 graves
861 704 1059 767 quidem
1096 708 1222 764 sunt,
1262 705 1303 752 si
1342 703 1556 764 Terram,
1601 718 1728 767 quae
1764 709 1964 764 rotatur,
2003 707 2166 753 animo
2191 718 2461 755 removeas.
2504 733 2520 743 -

352 778 411 827 Si
456 778 616 827 Terra
665 779 755 827 hoc
798 779 1101 826 velocissimo
1154 782 1296 826 motu
1333 777 1642 838 volveretur,
1695 783 1874 825 ventus
1922 792 1984 827 ex
2023 779 2250 839 opposito
2299 783 2464 827 motus

203 853 472 901 sentiretur
521 857 815 914 perpetuus,
893 849 1070 898 Posset
1118 848 1214 898 hoc
1265 848 1326 898 de
1373 851 1575 898 summis
1622 851 1859 898 montium
1906 850 2113 913 fastigiis
2163 849 2364 900 concedi
2415 856 2464 900 et

206 939 263 974 ex
301 923 396 974 hac
432 924 793 987 refrigeratione
834 936 983 971 causa
1023 923 1192 985 quaeri
1230 923 1515 986 perennium
1551 924 1740 971 nivium
1777 924 1927 971 etiam
1968 922 2060 971 sub
2098 936 2223 972 zona
2259 921 2460 985 torrida,

207 1000 324 1047 item
362 997 640 1060 frigiditatis
680 1002 934 1051 ventorum
964 995 1286 1056 orientalium,
1326 997 1636 1045 amoenitatis
1662 996 1932 1045 matutinae
1959 1001 2008 1044 et
2031 995 2275 1056 similium,
2315 994 2462 1044 dum·-
2548 1027 2552 1030 -

206 1069 350 1120 modo
389 1076 438 1120 et
473 1076 706 1119 montana
743 1067 1004 1117 humiliora
1042 1074 1092 1117 et
1127 1067 1285 1118 valles
1312 1070 1436 1117 intra
1474 1083 1664 1117 summa
1687 1068 1776 1117 illa
1813 1067 2028 1129 abditae,
2069 1083 2192 1132 quas
2230 1068 2465 1118 animalia
2521 1069 2524 1072 ’

198 1143 439 1204 incolunt,
479 1148 641 1192 essent
677 1148 838 1203 tutae,
895 1146 945 1191 et
981 1144 1065 1190 ae'r
1103 1141 1289 1197 inillis
1324 1156 1411 1205 per
1449 1141 1578 1190 hunc
1615 1143 1899 1190 exteriorem
1937 1142 2154 1190 attritum
2201 1142 2461 1205 impertur-

205 1217 354 1266 batus
392 1221 565 1280 atque
579 1215 787 1278 quietus,
830 1219 879 1264 et
915 1214 1118 1264 libertas
1155 1215 1206 1262 in
1242 1228 1301 1265 eo
1340 1215 1606 1278 vaporibus
1631 1213 1988 1274 ebullientibus,
2030 1213 2204 1264 ruendi
2239 1229 2466 1278 quaqua-

205 1303 413 1339 versum.
491 1288 559 1337 At
608 1292 806 1337 necesse
856 1301 955 1336 non
1010 1292 1108 1348 est,
1165 1292 1220 1336 ut
1272 1287 1596 1337 concedamus
1650 1285 1783 1350 quod
1834 1286 2077 1349 objicitur.
2153 1287 2289 1337 Aura
2329 1289 2460 1338 enim

204 1362 432 1412 aetherea
480 1366 553 1410 tot
603 1350 795 1410 vicibus
843 1361 1035 1409 tenuior
1080 1365 1155 1410 est
1193 1366 1359 1409 nostro
1398 1364 1539 1420 aere,
1597 1374 1744 1423 quem
1779 1359 2010 1409 hauriunt
2053 1360 2353 1422 animantes,
2409 1367 2465 1411 ut
2542 1404 2543 1408 ,

203 1433 510 1498 tranquillior
559 1439 609 1484 et
645 1435 715 1483 sic
753 1432 1080 1482 insensibilior
1127 1435 1192 1482 sit
1228 1435 1421 1482 attritus
1472 1433 1537 1482 ad
1572 1447 1742 1482 auram
1778 1433 2056 1483 aetheream
2103 1432 2236 1483 mille
2281 1432 2463 1483 millia-

206 1510 330 1556 rium
367 1510 418 1555 in
454 1521 553 1556 una
588 1506 733 1568 hora,
786 1521 934 1569 quam
985 1507 1178 1555 attritus
1226 1507 1370 1556 faciei
1418 1505 1629 1556 hominis
1679 1505 1744 1555 ad
1782 1509 1946 1555 aerem
1997 1507 2047 1554 in
2085 1521 2183 1556 una
2218 1506 2340 1557 hora
2374 1521 2463 1571 per

205 1573 458 1630 dimidium
492 1579 701 1629 milliare
737 1579 878 1628 illum
913 1578 1313 1643 perambulantis.

349 1653 490 1718 ,Quid
523 1652 931 1716 respondendum
968 1667 1129 1701 censes
1167 1652 1237 1701 ad
1273 1655 1597 1702 auctoritates
1621 1653 1853 1701 omnium
1878 1651 2164 1702 seculorum
2200 1654 2462 1703 omnium-

204 1743 300 1791 que
336 1727 604 1787 ordinum,
655 1741 828 1775 sacras
877 1732 924 1774 et
968 1727 1254 1790 profanas,
1307 1740 1440 1789 quae
1475 1727 1797 1775 contrarium
1843 1727 1952 1774 sine
1998 1728 2343 1775 controversia
2378 1741 2462 1775 re-

187 1803 426 1864 cipiunt,
473 1799 682 1848 Terram
719 1801 778 1847 in
815 1805 956 1849 motu
990 1802 1160 1862 primo
1198 1801 1467 1862 quiescere,
1519 1798 1714 1848 coelum
1750 1798 1980 1847 moveri?
2054 1796 2353 1862 Copernicus
2390 1801 2461 1848 sic

107 1876 123 1885 ”
202 1871 478 1937 respondet.
560 1871 608 1933 1)
650 1871 772 1920 Cum
809 1870 1003 1935 vulguS,
1043 1871 1236 1922 dicendi
1270 1873 1524 1935 magister,
1573 1883 1770 1921 sensum
1807 1870 2058 1920 oculorum
2097 1885 2191 1920 usn
2227 1870 2460 1958 loquendi

205 1948 455 2010 exprimat,
494 1945 818 2009 philosophus
844 1947 1115 2006 veritatem,
1155 1959 1283 2009 quae
1318 1945 1488 1996 subest
1511 1944 1860 2009 apparentibus
1884 1958 2045 1994 rerum
2070 1942 2343 2008 speciebus,
2383 1946 2462 1994 in-
2538 1944 2543 1948 ’

205 2022 379 2084 quirat,
418 2033 515 2068 non
543 2032 650 2068 esse
683 2018 963 2080 absurdum,
1002 2020 1326 2082 cogitationes
1350 2017 1630 2083 philosophi
1666 2022 1878 2067 remotas
1905 2031 2013 2067 csse
2039 2032 2070 2068 a
2090 2017 2279 2080 judicio
2307 2016 2460 2082 vulgi.
2535 2039 2554 2080 χ

207 2095 265 2158 2)
303 2092 437 2142 Loca
464 2091 630 2154 aliqua
656 2090 934 2155 Scripturae
958 2091 1087 2142 male
1112 2091 1176 2140 ad
1200 2093 1503 2155 propositum
1530 2092 1907 2140 astronomicum
1934 2089 2224 2154 detorqueri,
2266 2104 2462 2141 eorum-

205 2181 315 2229 que,
356 2167 439 2229 qui
477 2165 570 2214 hoc
609 2163 822 2225 soleant,
868 2164 1058 2227 judicia
1100 2170 1211 2213 utut
1247 2165 1505 2215 temeraria
1542 2162 1923 2227 contemnenda3
1973 2178 2087 2213 nam
2134 2163 2298 2228 palam
2335 2178 2461 2226 esse,
2529 2200 2531 2203 s

209 2241 357 2288 etiam
403 2243 600 2287 sanctos
655 2237 892 2287 ecclesiae
940 2244 1104 2302 patres
1154 2237 1214 2287 de
1251 2238 1397 2287 rebus
1435 2238 1802 2297 astronomicis,
1844 2251 1969 2300 quas
2007 2251 2104 2286 non
2144 2251 2204 2287 ex
2242 2237 2463 2301 professo

207 2311 490 2372 didicerant,
530 2309 773 2360 interdum
799 2310 1051 2373 pueriliter
1072 2309 1277 2371 locutos,
1309 2313 1458 2361 errori
1482 2324 1573 2360 suo
1597 2311 1920 2376 patrocinium
1944 2310 1994 2357 in
2020 2309 2282 2375 Scripturis
2310 2325 2466 2375 quae-

205 2386 399 2445 sivisse,
438 2390 494 2432 ut
518 2382 845 2445 Lactantium,
886 2385 971 2447 qui
997 2383 1195 2433 Terram
1229 2383 1422 2433 credere
1448 2398 1545 2432 non
1572 2389 1765 2448 poterat
1788 2397 1895 2434 esse
1920 2382 2194 2446 rotundam,
2235 2385 2314 2434 cui
2339 2381 2463 2434 Jobi

204 2457 366 2518 liber,
389 2462 580 2521 praeter
617 2457 890 2505 institutum
929 2456 1176 2520 loquentis
1213 2457 1308 2507 Dei
1347 2455 1411 2507 ad
1445 2455 1838 2523 philosophicam
1877 2455 2262 2522 speculationem
2300 2455 2466 2508 ‹letor-
2531 2479 2533 2482 ·

211 2537 304 2593 tus,
343 2529 635 2594 adstipulari
673 2528 930 2579 videbitur.
2516 2581 2517 2585 ,

255 2622 260 2626 ·
354 2602 493 2666 Quae
529 2603 781 2666 responsio
819 2607 982 2667 potest
1021 2602 1249 2667 explicari
1286 2602 1522 2667 pluribus.
1598 2603 1913 2653 Astronomia
1949 2604 2079 2654 enim
2116 2604 2273 2668 aperit
2308 2616 2466 2653 rerum

209 2676 505 2727 naturalium
532 2690 708 2725 causas
733 2676 1028 2740 inquiritque
1067 2677 1203 2725 visus
1227 2675 1538 2741 deceptiones
1576 2690 1636 2725 ex
1658 2676 1896 2741 professo,
1936 2677 2063 2726 sacri
2098 2675 2307 2739 codices,
2346 2676 2485 2743 snb-¹

208 2750 403 2800 limiora
437 2748 592 2798 multo
630 2747 891 2810 tradentes,
930 2754 1132 2798 utuntur
1170 2763 1392 2799 sermone
1429 2749 1694 2810 hominum,
1736 2755 1790 2798 ut
1815 2748 2024 2813 intelligi
2062 2750 2264 2814 possint,
2307 2763 2464 2814 eaque

211 2824 467 2873 occasione
503 2821 796 2872 naturalium
833 2836 990 2872 rerum
1030 2822 1218 2888 species
1264 2823 1394 2871 visui
1442 2828 1773 2883 occurrentes,
1828 2821 1958 2872 unde
2008 2836 2167 2872 sermo
2214 2822 2467 2872 hominum
2519 2883 2522 2886 ι

212 2902 372 2957 ortuS,
423 2894 788 2952 obiterbsaltem
821 2900 877 2944 et
913 2894 1048 2944 aliud
1086 2899 1286 2958 agentes
1326 2895 1595 2958 attingunt,
1634 2894 1684 2943 id
1722 2896 1882 2960 ipsum
1919 2894 2096 2945 facturi
2130 2894 2466 2955 nihilominus,
2543 2934 2548 2949 .

212 2971 307 3018 etsi
345 2972 587 3018 constaret
627 2969 851 3018 omnibus
891 2970 1087 3018 omnino
1126 2967 1405 3017 hominibus
1454 2967 1515 3017 de
1552 2968 1690 3017 visus
1729 2967 2112 3033 deceptionibus.
2188 2968 2293 3019 Nec
2336 2970 2467 3019 enim

211 3043 261 3090 in
306 3039 358 3101 id
406 3043 751 3090 astronomiam
804 3057 865 3092 ne
903 3056 994 3091 nos
1034 3040 1233 3105 quidem
1271 3042 1538 3091 astronomi
1577 3039 1870 3102 excolimus,
1921 3047 1977 3090 ut
2017 3055 2289 3092 sermonem
2328 3042 2463 3106 vulgi

211 3119 467 3175 mutemuS‚
507 3115 595 3164 sed
627 3119 683 3163 ut
716 3114 803 3164 illo
841 3120 1067 3165 manente
1107 3115 1327 3165 veritatis
1351 3114 1480 3164 sores
1505 3115 1781 3179 aperiamus
1818 3113 1973 3164 nihilo
1998 3117 2174 3164 minus.
2234 3115 2468 3166 Planetas

215 3193 343 3237 stare
380 3187 461 3236 vel
498 3186 811 3250 retrocedere,
852 3187 1076 3249 solstitia,
1117 3187 1248 3237 Solis
1276 3188 1635 3246 conversiones,
1673 3185 1840 3236 Solem
1877 3187 2006 3247 oriri,
2046 3186 2290 3250 occidere,
2331 3189 2466 3239 exire

214 3261 277 3309 ab
314 3273 412 3308 una
450 3259 575 3309 coeli
612 3262 916 3311 extremitate
953 3267 1008 3310 ut
1045 3275 1279 3326 sponsum
1317 3260 1377 3310 de
1413 3260 1656 3321 thalamo,
1698 3258 1841 3309 condi
1877 3259 1928 3307 in
1966 3259 2184 3322 alteram,
2226 3275 2463 3312 conscen-
2550 3268 2554 3326 33

216 3332 328 3382 dere
367 3331 490 3380 coeli
525 3332 765 3394 medium,
817 3335 1003 3385 moveri
1042 3340 1211 3399 contra
1260 3333 1416 3383 valles
1450 3338 1499 3384 et
1533 3338 1724 3383 montes
1770 3337 1951 3382 certos:
1999 3332 2123 3383 haec
2170 3348 2464 3400 usurpamus
2551 3379 2554 3385 Α

216 3420 326 3457 cum
362 3403 529 3465 vulgo,
567 3404 752 3454 scilicet
789 3420 897 3455 cum
934 3422 1081 3457 sensu
1120 3405 1397 3468 oculorum,
1444 3420 1554 3456 cum
1590 3405 1711 3455 nihil
1749 3404 1923 3454 horum
1960 3404 2024 3454 ad
2059 3406 2252 3457 literam
2290 3421 2461 3457 verum
2549 3412 2554 3451 ΑΒ

219 3481 296 3539 sit,
337 3477 561 3526 omnibus
602 3480 895 3527 astronomis
931 3482 981 3527 in
1006 3480 1101 3530 hoc
1137 3480 1570 3530 consentientibus.
1622 3478 1818 3541 Quanto
1856 3479 2016 3527 minus
2043 3480 2464 3543 exigendnm'erit

217 3566 247 3601 a
283 3550 531 3615 scripturis
579 3548 811 3599 divinitus
858 3553 1132 3616 inspiratis,
1183 3558 1241 3601 ut
1288 3552 1546 3618 repudiata
1590 3552 1784 3616 vulgari
1829 3550 2062 3614 loquendi
2109 3552 2462 3604 consuetudine
2547 3542 2554 3610 ζ’

216 3624 367 3674 verba
413 3636 504 3671 sua
554 3621 617 3670 ad
661 3623 892 3674 scientiae
929 3625 1180 3677 naturalis,
1201 3628 1433 3676 amussim
1469 3624 1772 3692 appendant,
1819 3624 2155 3689 abstrusisque
2193 3631 2242 3676 et
2279 3627 2481 3692 impor-
2544 3627 2551 3637 ¹

219 3698 350 3746 tuuis
369 3695 716 3758 ,locutionibus
766 3696 825 3746 de
871 3697 1016 3746 rebus
1052 3697 1180 3747 ultra
1227 3705 1421 3763 captum
1459 3696 1830 3750 erudiendorum
1866 3697 2101 3763 populum
2136 3699 2233 3750 Dei
2270 3695 2460 3765 simpli-
2542 3691 2554 3753 Ji

221 3784 324 3820 cem
360 3769 642 3834 perturbent
677 3782 833 3832 eaque
869 3784 920 3819 re
958 3771 1090 3819 viam
1127 3772 1246 3834 ipsis
1283 3772 1347 3821 ad
1384 3772 1586 3838 scopum
1629 3785 1771 3820 suum
1807 3772 2072 3834 genuinum
2118 3771 2263 3836 longe
2301 3772 2461 3822 subli-

225 3844 425 3893 miorem
470 3841 824 3909 intersepiant?
873 3841 1002 3897 Vide
1048 3845 1230 3915 passim
1273 3850 1378 3901 toto
1426 3845 1519 3901 hoc
1555 3844 1679 3899 libro
1716 3844 1871 3912 primo
1910 3846 2121 3911 vestigia
2154 3845 2474 3913 popularium.
