2554 4140
233 131 335 181 588
635 143 638 146 ’
661 134 664 138 ’
985 127 1039 173 In
1068 127 1315 185 Epitomen
1342 128 1492 175 Notae
1521 129 1736 177 Editoris.

231 274 388 330 etiam,
420 272 460 318 si
489 270 748 317 naturalem
778 271 855 316 ille
885 271 1160 330 hypothesin
1189 272 1442 331 exprimere
1467 272 1727 333 juberetur,
1769 276 1948 320 omnino
1981 277 2037 322 52
2067 274 2274 320 contraxi
2310 275 2358 320 in
2387 273 2485 320 uni-

239 354 351 395 cam,
383 338 683 394 transscripta
711 337 852 382 menti
882 342 1012 394 parte
1041 338 1290 391 molestiae,
1320 351 1455 394 quam
1486 343 1616 383 erant
1647 339 1765 384 oculi
1794 341 1984 386 subituri
2013 341 2110 398 soli,
2141 344 2192 385 ut
2223 355 2277 386 ea
2305 345 2483 398 partem

229 402 481 448 nonnullibi
519 403 752 458 colligeret
792 403 1198 461 proportionalem,
1245 417 1346 449 cum
1387 402 1571 448 tabulae
1613 403 1787 450 frontes
1827 420 1908 463 per
1948 408 2109 463 quinos
2147 405 2268 451 solos
2297 406 2480 462 gradus,

229 469 452 573 margines
482 480 565 525 per
590 471 747 513 ternos
779 468 1010 513 saltarent.

401 548 764 604 Praeceptum
799 548 894 593 124.
958 549 1193 607 Quomodo
1231 562 1315 605 per
1343 549 1467 594 viam
1495 549 1716 594 directam
1757 555 1800 595 et
1828 551 2136 595 astronomiae
2164 550 2305 595 veteri
2340 551 2486 608 mayis

231 578 619 659 accommodatam
655 614 988 671 computandus
1026 615 1087 660 sit
1115 615 1280 659 Imnac
1318 616 1443 659 locus
1471 615 1522 658 in
1553 616 1705 660 orbita
1743 627 1798 659 ecc
1831 615 1904 661 his
1942 617 2144 662 tabulis?
2202 617 2335 662 Initio
2366 629 2485 661 com-

228 686 415 738 putetur
452 681 581 726 locus
611 681 771 724 Lunae
810 678 946 725 fictus
985 693 1068 737 per
1106 680 1296 735 primam
1337 693 1399 724 sc.
1433 678 1680 723 anomaliae
1713 679 1885 724 solutae
1930 681 2256 736 aequationem.
2314 681 2486 736 Quodsi

228 746 479 801 contingat,
525 750 577 788 ut
607 744 740 790 simul
781 745 937 789 eodem
978 750 1203 789 momento
1243 745 1375 788 Luna
1419 744 1514 789 Soli
1557 750 1715 789 exacte
1762 745 2059 800 conjungatur
2103 747 2175 790 vel
2217 753 2484 804 opponatur,

228 811 361 856 fictus
394 811 482 856 iste
513 810 641 856 locus
673 809 807 856 simul
838 810 971 855 etiam
1002 823 1135 854 verus
1167 809 1268 854 erit.
1329 809 1434 854 Etsi
1463 822 1568 853 vero
1599 823 1688 853 non
1722 809 1945 854 coincidat
1975 810 2149 868 copula,
2181 817 2333 855 tamen
2362 811 2485 858 utilis

227 874 311 920 erit
340 874 474 920 fictus
509 875 596 919 iste
625 874 753 921 locus
799 878 893 919 tam
933 875 991 919 ad
1020 874 1321 930 indagandam
1365 874 1555 919 vicinam
1587 874 1797 931 copulam
1835 875 1932 919 sine
1974 874 2176 920 ulteriori
2216 877 2485 934 aequatione

228 939 375 997 (cujus
408 954 519 986 usus
560 946 774 998 respectu
814 939 942 984 locus
972 937 1046 982 hic
1083 938 1217 983 fictus
1259 938 1457 996 dicitur),
1499 953 1635 995 quam
1673 938 1731 982 ad
1760 939 2112 996 computandum
2152 954 2306 986 verum
2336 942 2483 986 locum

226 1006 450 1052 mediante
480 1007 748 1064 aequatione
777 1004 973 1050 luminis.

399 1071 452 1117 Si
482 1086 588 1117 vero
622 1071 906 1128 quaerendus
935 1075 1008 1114 est
1036 1070 1164 1115 locus
1185 1069 1350 1114 Lunae*
1374 1075 1504 1115 extra
1545 1070 1732 1127 copulas
1757 1083 1842 1116 nec
1872 1075 2060 1127 propter
2079 1069 2280 1128 copulas,
2310 1073 2487 1127 gemina

226 1138 299 1183 via
336 1143 489 1195 potest
525 1139 666 1196 pergi.
732 1138 771 1191 1)
799 1136 887 1182 Vel
925 1135 1136 1192 ponendo
1173 1134 1323 1180 locum
1363 1136 1519 1181 fictum
1558 1142 1610 1181 ut
1646 1149 1802 1182 verum
1844 1141 1889 1180 et
1927 1136 2208 1180 correctione
2239 1138 2486 1182 anomaliae

227 1203 401 1249 mediae
437 1209 489 1247 ut
520 1217 677 1262 supra;
718 1203 796 1248 ubi
823 1203 876 1247 fit
905 1214 1067 1259 saepe,
1106 1207 1158 1246 ut
1187 1202 1392 1247 videatur
1422 1201 1707 1260 quaerendus
1737 1202 1865 1246 locus
1896 1202 2076 1256 Lunae,
2123 1200 2204 1245 sed
2235 1201 2486 1247 consultius

227 1269 298 1323 sit,
331 1281 383 1313 eo
415 1268 487 1312 vel
516 1269 665 1325 posito
678 1283 699 1324 ‚⁴
732 1273 783 1312 ut
809 1268 908 1325 ⁸iam
936 1273 1068 1323 noto,
1107 1279 1325 1324 quaerere
1356 1274 1402 1312 et
1433 1268 1655 1323 corrigere
1685 1268 1830 1324 ipsam
1861 1266 2130 1310 anomaliam
2158 1265 2364 1311 mediam.
2425 1268 2488 1313 Ut

227 1335 265 1378 si
289 1334 491 1391 jubearis
537 1335 594 1379 ad
636 1335 792 1380 horam
834 1333 1097 1378 observatae
1132 1333 1193 1382 0²
1239 1338 1281 1389 2)
1329 1333 1362 1390 ῼ
1405 1346 1620 1390 quaerere
1658 1333 1806 1378 locum
1846 1333 2025 1388 Lunae,
2070 1338 2293 1389 praestat,
2338 1335 2485 1390 posito

224 1401 324 1446 loco
358 1400 391 1457 ῼ
433 1412 515 1457 pro
546 1414 652 1445 vero
685 1405 751 1456 3),
784 1411 1002 1457 quaerere
1032 1398 1300 1442 anomaliam
1329 1398 1521 1443 mediam
1552 1403 1597 1442 et
1627 1398 1692 1444 sic
1720 1404 1898 1455 tempus
1929 1397 2064 1454 idque
2095 1411 2356 1454 comparare
2385 1414 2484 1444 cum

225 1470 430 1522 tempore
459 1465 649 1513 tradito.
693 1466 798 1522 quia
834 1466 923 1509 hoc
954 1463 1132 1508 facilius
1174 1470 1259 1509 est.
1319 1463 1362 1518 2)
1391 1464 1479 1508 Vel
1509 1465 1738 1522 pergimus
1778 1477 1879 1509 cum
1918 1463 2025 1508 ficto
2066 1464 2123 1508 ad
2164 1463 2484 1521 exquirendam

225 1531 540 1588 aequationem
569 1531 773 1576 luminis:
805 1535 913 1575 tunc
942 1528 1182 1574 facillimus
1215 1529 1396 1585 quidem
1427 1535 1496 1575 est
1525 1530 1653 1576 labor
1682 1543 1762 1587 per
1791 1528 2014 1585 tabulam,
2058 1533 2108 1573 ut
2139 1537 2399 1585 excerptam
2429 1540 2487 1574 ex

225 1610 279 1642 ea
307 1597 488 1643 luminis
519 1598 849 1654 aequationem,
881 1599 1019 1652 prout
1049 1593 1210 1639 titulus
1243 1594 1342 1650 ejus
1373 1594 1577 1651 voluerit,
1610 1594 1927 1640 velfaddamus
1957 1593 2059 1638 loco
2090 1593 2196 1639 ficto
2227 1594 2299 1638 vel
2330 1594 2476 1639 detra·

223 1663 402 1722 hamus,
430 1664 608 1720 eritque
637 1660 850 1708 inventus
884 1662 1012 1707 locus
1043 1661 1202 1706 Lunae
1231 1662 1278 1705 in
1310 1662 1471 1708 orbita.
1531 1663 1593 1708 At
1623 1662 1727 1718 quia
1756 1660 1938 1706 luminis
1963 1660 2172 1717 aequatio
2204 1674 2297 1705 non
2329 1672 2483 1705 excer—

211 1730 348 1787 ¹pitur
378 1729 487 1773 satis
529 1729 587 1774 ad
618 1735 801 1785 gustum
833 1728 1113 1772 curiosorum
1144 1733 1329 1785 exacta,
1373 1734 1551 1773 sumant
1583 1742 1689 1784 ergo
1719 1727 1785 1772 illi
1817 1727 1903 1772 sibi
1932 1726 2135 1771 laborem
2173 1726 2295 1771 haud
2326 1740 2487 1784 parum

225 1807 332 1838 sane
361 1794 613 1852 molestum,
646 1792 918 1850 excerpendi
948 1805 1005 1837 ex
1035 1791 1192 1837 tabula
1216 1794 1430 1851 scrupula
1458 1800 1707 1851 menstrua,
1736 1800 1975 1850 exsortem,
2009 1798 2054 1838 et
2074 1806 2158 1851 per
2180 1805 2234 1838 ea
2263 1791 2486 1840 formandi

224 1859 539 1917 aequationem
569 1860 699 1914 hanc,
731 1872 875 1916 eaque
905 1862 1094 1903 utantur
1114 1858 1273 1902 eodem
1295 1859 1444 1904 modo.
2493 1887 2497 1890 -

399 1925 573 1982 Caput
603 1925 788 1977 XXVII.
847 1925 921 1969 De
959 1924 1205 1969 latitudine
1235 1923 1401 1970 Lunae
1440 1931 1696 1982 menstrua,
1737 1926 1920 1984 ejusque
1949 1927 2131 1972 tabulis.
2190 1925 2260 1970 De
2294 1924 2486 1970 circuitu

222 1990 443 2036 nodorum
483 1991 772 2047 retrogrado,
812 1990 962 2035 soluto
1002 2003 1029 2034 a
1059 1989 1238 2046 legibus
1269 1991 1458 2048 mensis,
1490 1997 1536 2036 et
1567 1990 1624 2036 de
1655 1991 1846 2068 simplici
1875 1991 2114 2037 latitudine
2145 1991 2314 2046 Lunae,
2350 2004 2484 2048 quam

225 2057 366 2102 habet
395 2056 476 2102 illa
506 2069 562 2101 ex
595 2069 675 2101 suo
708 2055 961 2100 eccentrico
995 2055 1241 2111 (nunquam
1261 2061 1414 2102 tamen
1435 2071 1608 2114 puram,
1639 2058 1728 2103 nisi
1759 2058 1807 2102 in
1827 2057 2036 2115 copulis),
2065 2057 2136 2102 vel
2166 2056 2308 2114 ipsius
2329 2057 2487 2100 Lunae

227 2122 508 2198 (secundum.
530 2122 810 2180 Tychonem)
843 2119 915 2165 vel
944 2120 1059 2165 nodi
1083 2135 1183 2166 cum
1215 2122 1321 2168 Sole
1352 2122 1507 2178 eJusve
1539 2124 1770 2181 opposite,
1814 2124 1869 2169 de
1899 2124 2006 2180 hac,
2050 2123 2253 2180 inquam,
2300 2121 2487 2178 ejusque

225 2188 382 2234 tabula
404 2188 476 2246 egi
495 2188 542 2232 in
562 2187 711 2244 capite
733 2187 874 2231 XXV.
896 2192 1008 2238 (ann.
1034 2190 1134 2243 78.).
1187 2188 1416 2245 Quidquid
1443 2189 1510 2233 illi
1531 2189 1736 2235 accedit
1722 2203 1910 2247 insuper
1929 2191 2106 2235 ratione
2127 2189 2309 2246 mensis,
2341 2193 2487 2232 totum

228 2268 285 2299 ex
314 2252 574 2299 inventione
605 2252 833 2310 Tychonis
863 2257 955 2308 est,
1003 2252 1090 2297 etsi
1118 2254 1309 2309 vestigia
1353 2254 1547 2300 forsitan
1577 2253 1729 2311 aliqua
1763 2255 1870 2300 licet
1900 2257 2143 2301 observare
2181 2255 2229 2299 in
2258 2253 2487 2300 nonnullis

227 2324 431 2366 veterum
471 2318 878 2365 observationibus.
939 2319 1042 2365 Non
1082 2325 1154 2363 est
1193 2326 1344 2364 autem
1382 2334 1455 2366 res
1487 2321 1636 2365 adhuc
1674 2334 1731 2365 ex
1774 2321 1894 2366 omni
1924 2326 2055 2378 parte
2083 2320 2270 2377 liquida.
2331 2320 2487 2378 Tycho

229 2389 367 2443 enim,
418 2400 521 2431 cum
551 2384 717 2442 angulo
756 2397 897 2441 parvo
936 2384 1199 2433 inclinatam
1238 2385 1406 2431 habeat
1445 2385 1636 2430 orbitam
1667 2387 1826 2432 Lunae
1863 2388 1911 2430 in
1941 2386 2138 2442 copulis,
2182 2385 2317 2430 etiam
2347 2399 2488 2443 parvo

227 2453 397 2512 angulo
426 2453 602 2497 Lunam
633 2451 799 2496 emittit
830 2464 854 2496 e
885 2451 1082 2508 copulis,
1127 2465 1229 2495 cum
1258 2451 1388 2496 n'odis
1420 2452 1579 2496 Lunae
1609 2451 1922 2496 existentibus.
1982 2451 2036 2496 Id
2065 2463 2172 2495 vero
2212 2450 2490 2507 deprehendi

227 2535 310 2579 ego
343 2518 473 2564 valde
505 2517 743 2563 adversum
775 2529 875 2561 esse
898 2516 1290 2562 observationibus
1313 2516 1559 2574 eclipsium,
1590 2523 1642 2562 ut
1663 2531 1779 2574 quae
1801 2518 1980 2563 omnino
2000 2522 2228 2563 testantur
2247 2518 2303 2563 de
2323 2517 2498 2574 angulo*

225 2591 379 2642 tanto,
412 2589 583 2642 quanta
611 2582 663 2627 fit
692 2582 739 2626 in
771 2582 1062 2639 quadraturis
1093 2583 1251 2628 Lunae
1282 2582 1499 2640 latitud03
1546 2584 1677 2641 quasi
1706 2598 1797 2629 una
1827 2591 1874 2629 et
1904 2584 2062 2629 eadem
2091 2584 2323 2630 inclinatio
2350 2582 2488 2639 hujus

227 2651 465 2698 eccentrici
509 2651 567 2695 ad
598 2649 850 2706 eclipticam
891 2655 1073 2694 maneat
1101 2655 1198 2694 toto
1237 2648 1316 2693 illo
1347 2662 1526 2708 mense,
1571 2663 1661 2706 quo
1695 2650 1773 2694 Sol
1813 2649 2074 2694 obambulat
2113 2649 2216 2706 loca
2254 2649 2487 2706 nodorum,

226 2717 447 2772 Lunaque
478 2715 568 2760 nen
599 2719 777 2758 tantum
807 2713 854 2757 in
885 2727 1094 2771 magnam
1125 2719 1234 2757 tunc
1264 2713 1547 2758 latitudinem
1579 2716 1630 2759 5⁰
1655 2714 1722 2759 181
1754 2715 1917 2759 evadat
1943 2715 1991 2759 in
2012 2715 2210 2772 quadris,
2243 2715 2324 2760 sed
2354 2714 2489 2760 etiam

227 2781 406 2837 aequali
448 2781 488 2825 ei
519 2778 684 2835 angulo
724 2778 911 2836 incipiat
950 2791 1189 2824 excurrere
1221 2794 1248 2824 a.
1280 2780 1402 2825 Sole.
1459 2781 1602 2836 Atqui
1639 2779 1678 2825 si
1709 2786 1923 2826 constans
1963 2794 2142 2838 semper
2181 2786 2383 2826 maneret
2411 2794 2488 2826 an·

226 2848 357 2904 gulus
402 2858 590 2903 magnus
627 2857 709 2900 per
750 2849 897 2889 totum
951 2844 1038 2888 iter
1068 2844 1227 2890 Lunae
1267 2858 1295 2889 a
1326 2845 1430 2890 Sole
1470 2846 1528 2890 ad
1559 2845 1656 2901 ejus
1699 2846 1991 2903 quadratum,
2033 2861 2123 2891 non
2160 2850 2316 2904 posset
2343 2847 2488 2904 Luna,
2548 2876 2554 2885 «

228 2927 327 2958 cum
365 2913 511 2958 nodos
548 2912 720 2956 invenit
756 2911 804 2954 in
844 2909 1129 2966 octantibus,
1172 2910 1458 2955 latitudinem
1495 2911 1635 2956 nihilo
1666 2913 1814 2957 minus
1853 2911 2020 2956 habere
2051 2914 2307 2970 parvulam,
2355 2925 2490 2969 quam

226 2982 375 3023 tamen
406 2977 562 3034 Tycho
595 2975 986 3022 observationibus
1015 2975 1191 3020 idoneis
1224 2976 1545 3032 comprobavit.
2537 3026 2541 3031 .

402 3042 469 3086 Ob
499 3043 623 3098 hanc*
647 3042 996 3100 perplexitatem
1037 3041 1112 3085 diu
1142 3041 1383 3087 admodum
1412 3048 1619 3098 versatus
1652 3055 1751 3087 sum
1794 3042 1841 3086 in
1879 3041 2053 3097 magnis
2094 3043 2344 3099 erroribus,
2387 3058 2490 3089 cum
2549 3073 2554 3095 <,

183 3164 186 3167 η
230 3109 373 3154 altera
403 3123 541 3154 manu
572 3109 840 3154 medicinam
871 3107 1080 3154 afferrem
1111 3108 1367 3164 eclipsibus,
1399 3107 1544 3152 altera
1575 3121 1672 3152 eam
1703 3120 1882 3152 rursum
1914 3108 2250 3167 subtraherem,
2281 3109 2490 3167 relapsus

226 3177 273 3220 in
292 3171 692 3231 aequipollentiam
719 3174 1038 3232 Tychonicam,
1070 3179 1120 3218 ut
1145 3174 1241 3230 jam
1273 3175 1426 3221 statim
1458 3175 1708 3232 apparebit,
1741 3174 1779 3219 si
1808 3179 1960 3218 tamen
1991 3183 2131 3219 unum
2150 3175 2488 3228 hoc-monuero.

228 3246 325 3286 tum
355 3240 533 3285 demum
564 3241 722 3286 eadem
753 3240 978 3298 praestari
1006 3239 1202 3296 per.has
1233 3240 1525 3298 hypotheses,
1560 3253 1676 3296 quae
1706 3253 1789 3298 per
1820 3239 2102 3297 Tychonicas
2119 3241 2490 3300 Progymnasma-

228 3313 347 3363 tum,
390 3306 428 3350 si
459 3319 538 3350 eae
567 3307 727 3351 iisdem
759 3307 894 3351 etiam
926 3305 1254 3362 quantitatibus
1295 3306 1593 3363 applicentur.
1623 3308 1627 3315 ’
1652 3307 1707 3350 Ιιι
1750 3306 1915 3361 quibus
1958 3305 2064 3360 quid
2104 3306 2222 3352 inter
2250 3313 2491 3364 utrumque

229 3370 499 3418 diversitatis
538 3370 740 3428 intersit,
783 3384 949 3428 operae
991 3370 1186 3429 pretium
1224 3377 1316 3429 est,
1359 3372 1596 3429 diligenter
1642 3373 1880 3417 observare
1910 3369 1957 3413 in
1991 3377 2236 3428 praecepto
2268 3371 2493 3429 sequentiss

228 3437 348 3483 Illud
378 3436 652 3480 commodius
683 3437 756 3481 hic
785 3449 962 3494 moneo,
993 3450 1065 3481 me
1094 3436 1204 3480 nodi
1232 3437 1382 3482 locum
1411 3437 1468 3481 ad
1498 3441 1655 3481 nostra
1682 3441 1888 3491 tempora
1916 3438 2195 3490 promovisse
2227 3437 2283 3482 ad
2313 3439 2398 3483 25¹.

405 3502 530 3557 Quae
566 3501 702 3556 igitur
746 3515 803 3546 ex
839 3502 926 3546 hac
967 3501 1250 3558 promotione
1293 3502 1528 3547 diversitas
1568 3502 1615 3546 in
1652 3500 1938 3545 latitudinem
1977 3501 2227 3559 redundat,
2273 3515 2328 3548 ea
2363 3502 2489 3559 prius

232 3565 513 3614 detrahenda
544 3570 614 3609 est
644 3565 699 3609 de
731 3565 984 3610 differentia
1023 3566 1275 3622 Tychonici
1307 3571 1353 3611 et
1381 3566 1470 3611 mei
1500 3565 1677 3621 calculi,
1707 3570 1815 3610 tunc
1845 3563 2023 3609 demum
2056 3566 2111 3611 de
2140 3567 2492 3625 aequipollentia
2552 3615 2554 3622 ,

234 3631 555 3692 hypothesium
583 3629 690 3673 ferri
719 3632 885 3686 poterit
911 3632 1133 3686 judicium
1165 3645 1340 3678 sanum.

357 3719 359 3722 >
409 3697 532 3752 Ergo
564 3695 622 3740 ad
654 3708 782 3751 opus.
841 3696 1224 3754 Praeceptum
1259 3699 1353 3744 125.
1413 3699 1578 3744 Veram
1601 3695 1903 3754 Tychonieam
1933 3698 2167 3753 eoequirere
2186 3698 2488 3744 latitudinem.

238 3765 400 3811 Veram
432 3763 531 3809 dico
575 3773 678 3807 cum
708 3758 887 3818 adjecta
915 3761 1203 3819 limitatione,
1244 3770 1295 3811 ut
1332 3765 1588 3823 intelligas,
1627 3774 1684 3807 ex
1713 3759 1938 3820 Tychonis
1983 3763 2206 3827 sententia
2235 3776 2387 3811 veram
2414 3761 2498 3812 hie-
