<?xml version="1.0" encoding="UTF-8"?>
<!DOCTYPE html PUBLIC "-//W3C//DTD XHTML 1.0 Transitional//EN"
    "http://www.w3.org/TR/xhtml1/DTD/xhtml1-transitional.dtd">
<html xmlns="http://www.w3.org/1999/xhtml" xml:lang="en" lang="en">
 <head>
  <title>
</title>
<meta http-equiv="Content-Type" content="text/html;charset=utf-8" />
  <meta name='ocr-system' content='tesseract 3.04.00' />
  <meta name='ocr-capabilities' content='ocr_page ocr_carea ocr_par ocr_line ocrx_word'/>
</head>
<body>
  <div class='ocr_page' id='page_1' title='image "./operaomniaedidit06kepluoft_0297.png"; bbox 0 0 2554 4140; ppageno 0'>
   <div class='ocr_carea' id='block_1_1' title="bbox 869 131 2362 190">
    <p class='ocr_par' dir='ltr' id='par_1_1' title="bbox 869 131 2362 190">
     <span class='ocr_line' id='line_1_1' title="bbox 869 131 2362 190; baseline 0.003 -12"><span class='ocrx_word' id='word_1_1' title='bbox 869 132 1006 180; x_wconf 86' lang='lat' dir='ltr'><strong>Liber</strong></span> <span class='ocrx_word' id='word_1_2' title='bbox 1037 132 1231 178; x_wconf 86' lang='lat' dir='ltr'><strong>Tertius.</strong></span> <span class='ocrx_word' id='word_1_3' title='bbox 1291 131 1404 177; x_wconf 84' lang='lat' dir='ltr'><strong>Pars</strong></span> <span class='ocrx_word' id='word_1_4' title='bbox 1435 131 1614 190; x_wconf 76' lang='lat' dir='ltr'><strong>Quinta.</strong></span> <span class='ocrx_word' id='word_1_5' title='bbox 2259 133 2362 182; x_wconf 77' lang='lat'><strong>283</strong></span> 
     </span>
    </p>
   </div>
   <div class='ocr_carea' id='block_1_2' title="bbox 926 310 1583 374">
    <p class='ocr_par' dir='ltr' id='par_1_2' title="bbox 926 310 1583 374">
     <span class='ocr_line' id='line_1_2' title="bbox 926 310 1583 374; baseline -0.006 -13"><span class='ocrx_word' id='word_1_6' title='bbox 926 312 1018 361; x_wconf 88' lang='lat' dir='ltr'><strong>De</strong></span> <span class='ocrx_word' id='word_1_7' title='bbox 1066 310 1583 374; x_wconf 70' lang='lat' dir='ltr'><strong>ortu-poetico.</strong></span> 
     </span>
    </p>
   </div>
   <div class='ocr_carea' id='block_1_3' title="bbox 121 425 2386 2768">
    <p class='ocr_par' dir='ltr' id='par_1_3' title="bbox 121 425 2380 1149">
     <span class='ocr_line' id='line_1_3' title="bbox 271 425 2374 492; baseline -0.002 -15"><span class='ocrx_word' id='word_1_8' title='bbox 271 429 383 492; x_wconf 76' lang='lat' dir='ltr'><strong>Quo</strong></span> <span class='ocrx_word' id='word_1_9' title='bbox 431 427 719 475; x_wconf 74' lang='lat' dir='ltr'><strong><em>discrimine</em></strong></span> <span class='ocrx_word' id='word_1_10' title='bbox 771 431 946 490; x_wconf 74' lang='lat' dir='ltr'><strong>ayitur</strong></span> <span class='ocrx_word' id='word_1_11' title='bbox 994 427 1053 475; x_wconf 84' lang='lat' dir='ltr'><strong>de</strong></span> <span class='ocrx_word' id='word_1_12' title='bbox 1102 433 1220 477; x_wconf 73' lang='lat' dir='ltr'><strong>ortu</strong></span> <span class='ocrx_word' id='word_1_13' title='bbox 1269 433 1320 475; x_wconf 86' lang='lat' dir='ltr'><strong>ct</strong></span> <span class='ocrx_word' id='word_1_14' title='bbox 1361 438 1541 474; x_wconf 85' lang='lat' dir='ltr'><strong>occasu</strong></span> <span class='ocrx_word' id='word_1_15' title='bbox 1588 425 1811 473; x_wconf 83' lang='lat' dir='ltr'><strong>siderum</strong></span> <span class='ocrx_word' id='word_1_16' title='bbox 1853 441 1949 487; x_wconf 76' lang='lat' dir='ltr'><strong>per</strong></span> <span class='ocrx_word' id='word_1_17' title='bbox 1994 427 2169 474; x_wconf 79' lang='lat' dir='ltr'><strong>varias</strong></span> <span class='ocrx_word' id='word_1_18' title='bbox 2218 425 2374 483; x_wconf 70' lang='lat' dir='ltr'><strong>hujus</strong></span> 
     </span>
     <span class='ocr_line' id='line_1_4' title="bbox 125 495 2376 564; baseline -0.002 -14"><span class='ocrx_word' id='word_1_19' title='bbox 125 503 244 550; x_wconf 74' lang='lat' dir='ltr'><strong>libri</strong></span> <span class='ocrx_word' id='word_1_20' title='bbox 272 500 479 562; x_wconf 74' lang='lat' dir='ltr'><strong>parics?</strong></span> <span class='ocrx_word' id='word_1_21' title='bbox 514 500 678 548; x_wconf 90' lang='lat' dir='ltr'><strong>Prima</strong></span> <span class='ocrx_word' id='word_1_22' title='bbox 714 506 852 564; x_wconf 86' lang='lat' dir='ltr'><strong>parte</strong></span> <span class='ocrx_word' id='word_1_23' title='bbox 894 500 1075 548; x_wconf 90' lang='lat' dir='ltr'><strong>dictum</strong></span> <span class='ocrx_word' id='word_1_24' title='bbox 1114 505 1189 549; x_wconf 88' lang='lat' dir='ltr'><strong>est</strong></span> <span class='ocrx_word' id='word_1_25' title='bbox 1229 499 1287 547; x_wconf 90' lang='lat' dir='ltr'><strong>de</strong></span> <span class='ocrx_word' id='word_1_26' title='bbox 1326 498 1399 558; x_wconf 90' lang='lat' dir='ltr'><strong>iis,</strong></span> <span class='ocrx_word' id='word_1_27' title='bbox 1440 512 1566 561; x_wconf 85' lang='lat' dir='ltr'><strong>quae</strong></span> <span class='ocrx_word' id='word_1_28' title='bbox 1605 495 1847 547; x_wconf 83' lang='lat' dir='ltr'>sideribus</span> <span class='ocrx_word' id='word_1_29' title='bbox 1888 498 2114 546; x_wconf 90' lang='lat' dir='ltr'><strong>accidunt</strong></span> <span class='ocrx_word' id='word_1_30' title='bbox 2138 497 2376 560; x_wconf 78' lang='lat' dir='ltr'>quotidie,</span> 
     </span>
     <span class='ocr_line' id='line_1_5' title="bbox 123 569 2375 635; baseline -0.002 -13"><span class='ocrx_word' id='word_1_31' title='bbox 123 571 227 622; x_wconf 87' lang='lat' dir='ltr'><strong>sine</strong></span> <span class='ocrx_word' id='word_1_32' title='bbox 265 572 648 621; x_wconf 81' lang='lat' dir='ltr'><strong>consideratione</strong></span> <span class='ocrx_word' id='word_1_33' title='bbox 688 573 939 635; x_wconf 87' lang='lat' dir='ltr'><strong>ecliptieae</strong></span> <span class='ocrx_word' id='word_1_34' title='bbox 978 579 1237 635; x_wconf 87' lang='lat' dir='ltr'><strong>motusque</strong></span> <span class='ocrx_word' id='word_1_35' title='bbox 1275 569 1404 620; x_wconf 86' lang='lat' dir='ltr'><strong>Solis</strong></span> <span class='ocrx_word' id='word_1_36' title='bbox 1442 585 1528 634; x_wconf 90' lang='lat' dir='ltr'><strong>per</strong></span> <span class='ocrx_word' id='word_1_37' title='bbox 1566 585 1689 628; x_wconf 89' lang='lat' dir='ltr'><strong>eam,</strong></span> <span class='ocrx_word' id='word_1_38' title='bbox 1731 570 1788 618; x_wconf 92' lang='lat' dir='ltr'><strong>de</strong></span> <span class='ocrx_word' id='word_1_39' title='bbox 1815 571 1992 633; x_wconf 87' lang='lat' dir='ltr'><strong>quibus</strong></span> <span class='ocrx_word' id='word_1_40' title='bbox 2032 571 2215 621; x_wconf 86' lang='lat' dir='ltr'><strong>dictum</strong></span> <span class='ocrx_word' id='word_1_41' title='bbox 2239 577 2375 632; x_wconf 84' lang='lat' dir='ltr'><strong>parte</strong></span> 
     </span>
     <span class='ocr_line' id='line_1_6' title="bbox 123 643 2378 711; baseline -0.002 -16"><span class='ocrx_word' id='word_1_42' title='bbox 123 644 358 705; x_wconf 86' lang='lat' dir='ltr'><strong>secunda,</strong></span> <span class='ocrx_word' id='word_1_43' title='bbox 413 644 510 694; x_wconf 89' lang='lat' dir='ltr'><strong>diei</strong></span> <span class='ocrx_word' id='word_1_44' title='bbox 548 645 833 706; x_wconf 81' lang='lat' dir='ltr'><strong>artificialiS,</strong></span> <span class='ocrx_word' id='word_1_45' title='bbox 878 646 936 694; x_wconf 92' lang='lat' dir='ltr'><strong>de</strong></span> <span class='ocrx_word' id='word_1_46' title='bbox 976 659 1073 708; x_wconf 88' lang='lat' dir='ltr'><strong>qua</strong></span> <span class='ocrx_word' id='word_1_47' title='bbox 1111 652 1250 711; x_wconf 86' lang='lat' dir='ltr'><strong>parte</strong></span> <span class='ocrx_word' id='word_1_48' title='bbox 1288 646 1456 704; x_wconf 87' lang='lat' dir='ltr'><strong>tertia,</strong></span> <span class='ocrx_word' id='word_1_49' title='bbox 1497 650 1582 691; x_wconf 90' lang='lat' dir='ltr'><strong>aut</strong></span> <span class='ocrx_word' id='word_1_50' title='bbox 1621 643 1920 692; x_wconf 85' lang='lat' dir='ltr'><strong>diversarum</strong></span> <span class='ocrx_word' id='word_1_51' title='bbox 1960 645 2073 690; x_wconf 88' lang='lat' dir='ltr'><strong>anni</strong></span> <span class='ocrx_word' id='word_1_52' title='bbox 2113 649 2378 707; x_wconf 85' lang='lat' dir='ltr'><strong>tempesta-</strong></span> 
     </span>
     <span class='ocr_line' id='line_1_7' title="bbox 122 711 2378 782; baseline -0.002 -15"><span class='ocrx_word' id='word_1_53' title='bbox 122 725 239 779; x_wconf 87' lang='lat' dir='ltr'><strong>tum,</strong></span> <span class='ocrx_word' id='word_1_54' title='bbox 280 718 339 767; x_wconf 86' lang='lat' dir='ltr'><strong>de</strong></span> <span class='ocrx_word' id='word_1_55' title='bbox 362 719 538 780; x_wconf 88' lang='lat' dir='ltr'><strong>quibus</strong></span> <span class='ocrx_word' id='word_1_56' title='bbox 563 726 700 782; x_wconf 86' lang='lat' dir='ltr'><strong>parte</strong></span> <span class='ocrx_word' id='word_1_57' title='bbox 739 711 918 781; x_wconf 81' lang='lat' dir='ltr'><strong>quarta</strong></span> <span class='ocrx_word' id='word_1_58' title='bbox 926 735 939 781; x_wconf 81' lang='lat'><em>3</em></span> <span class='ocrx_word' id='word_1_59' title='bbox 972 719 1075 781; x_wconf 86' lang='lat' dir='ltr'><strong>jam</strong></span> <span class='ocrx_word' id='word_1_60' title='bbox 1103 733 1219 767; x_wconf 83' lang='lat' dir='ltr'><strong>vero</strong></span> <span class='ocrx_word' id='word_1_61' title='bbox 1248 714 1559 781; x_wconf 83' lang='lat' dir='ltr'><strong>comparandi</strong></span> <span class='ocrx_word' id='word_1_62' title='bbox 1600 722 1713 764; x_wconf 88' lang='lat' dir='ltr'><strong>sunt</strong></span> <span class='ocrx_word' id='word_1_63' title='bbox 1737 721 1870 763; x_wconf 88' lang='lat' dir='ltr'><strong>ortus</strong></span> <span class='ocrx_word' id='word_1_64' title='bbox 1896 715 2105 763; x_wconf 84' lang='lat' dir='ltr'><strong>siderum</strong></span> <span class='ocrx_word' id='word_1_65' title='bbox 2144 729 2238 764; x_wconf 89' lang='lat' dir='ltr'><strong>non</strong></span> <span class='ocrx_word' id='word_1_66' title='bbox 2266 724 2378 764; x_wconf 90' lang='lat' dir='ltr'><strong>tan-</strong></span> 
     </span>
     <span class='ocr_line' id='line_1_8' title="bbox 123 787 2376 854; baseline -0.001 -14"><span class='ocrx_word' id='word_1_67' title='bbox 123 798 225 840; x_wconf 92' lang='lat' dir='ltr'><strong>tum</strong></span> <span class='ocrx_word' id='word_1_68' title='bbox 274 806 383 840; x_wconf 91' lang='lat' dir='ltr'><strong>cum</strong></span> <span class='ocrx_word' id='word_1_69' title='bbox 421 791 669 854; x_wconf 86' lang='lat' dir='ltr'><strong>ecliptica,</strong></span> <span class='ocrx_word' id='word_1_70' title='bbox 715 798 771 839; x_wconf 93' lang='lat' dir='ltr'><strong>ut</strong></span> <span class='ocrx_word' id='word_1_71' title='bbox 801 792 904 854; x_wconf 87' lang='lat' dir='ltr'><strong>jam</strong></span> <span class='ocrx_word' id='word_1_72' title='bbox 943 791 1112 850; x_wconf 84' lang='lat' dir='ltr'><strong>inod0,</strong></span> <span class='ocrx_word' id='word_1_73' title='bbox 1162 791 1246 839; x_wconf 88' lang='lat' dir='ltr'><strong>sed</strong></span> <span class='ocrx_word' id='word_1_74' title='bbox 1287 792 1435 840; x_wconf 84' lang='lat' dir='ltr'><strong>etiam</strong></span> <span class='ocrx_word' id='word_1_75' title='bbox 1474 803 1582 838; x_wconf 87' lang='lat' dir='ltr'><strong>cum</strong></span> <span class='ocrx_word' id='word_1_76' title='bbox 1621 794 1756 837; x_wconf 89' lang='lat' dir='ltr'><strong>motu</strong></span> <span class='ocrx_word' id='word_1_77' title='bbox 1794 787 1922 836; x_wconf 88' lang='lat' dir='ltr'><strong>Solis</strong></span> <span class='ocrx_word' id='word_1_78' title='bbox 1962 802 2048 851; x_wconf 90' lang='lat' dir='ltr'><strong>per</strong></span> <span class='ocrx_word' id='word_1_79' title='bbox 2085 802 2219 844; x_wconf 84' lang='lat' dir='ltr'><strong>eam,</strong></span> <span class='ocrx_word' id='word_1_80' title='bbox 2268 803 2376 837; x_wconf 90' lang='lat' dir='ltr'><strong>cum</strong></span> 
     </span>
     <span class='ocr_line' id='line_1_9' title="bbox 123 856 2378 928; baseline -0.002 -16"><span class='ocrx_word' id='word_1_81' title='bbox 123 865 232 913; x_wconf 89' lang='lat' dir='ltr'><strong>luce</strong></span> <span class='ocrx_word' id='word_1_82' title='bbox 270 863 442 912; x_wconf 87' lang='lat' dir='ltr'><strong>diurna</strong></span> <span class='ocrx_word' id='word_1_83' title='bbox 481 871 530 913; x_wconf 93' lang='lat' dir='ltr'><strong>et</strong></span> <span class='ocrx_word' id='word_1_84' title='bbox 567 879 674 914; x_wconf 90' lang='lat' dir='ltr'><strong>cum</strong></span> <span class='ocrx_word' id='word_1_85' title='bbox 712 856 1086 928; x_wconf 72' lang='lat' dir='ltr'><strong>tempestatibus</strong></span> <span class='ocrx_word' id='word_1_86' title='bbox 1125 865 1254 913; x_wconf 88' lang='lat' dir='ltr'><strong>anni.</strong></span> <span class='ocrx_word' id='word_1_87' title='bbox 1330 864 1407 911; x_wconf 94' lang='lat' dir='ltr'><strong>Ibi</strong></span> <span class='ocrx_word' id='word_1_88' title='bbox 1446 862 1504 912; x_wconf 89' lang='lat' dir='ltr'><strong>de</strong></span> <span class='ocrx_word' id='word_1_89' title='bbox 1545 868 1653 910; x_wconf 87' lang='lat' dir='ltr'><strong>ortu</strong></span> <span class='ocrx_word' id='word_1_90' title='bbox 1694 867 1743 911; x_wconf 90' lang='lat' dir='ltr'><strong>et</strong></span> <span class='ocrx_word' id='word_1_91' title='bbox 1781 874 1955 910; x_wconf 84' lang='lat' dir='ltr'><strong>occasu</strong></span> <span class='ocrx_word' id='word_1_92' title='bbox 1993 860 2078 909; x_wconf 91' lang='lat' dir='ltr'><strong>illo</strong></span> <span class='ocrx_word' id='word_1_93' title='bbox 2114 861 2378 920; x_wconf 80' lang='lat' dir='ltr'><strong>dicebatur,</strong></span> 
     </span>
     <span class='ocr_line' id='line_1_10' title="bbox 124 933 2380 1001; baseline -0.001 -16"><span class='ocrx_word' id='word_1_94' title='bbox 124 950 267 999; x_wconf 86' lang='lat' dir='ltr'><strong>quem</strong></span> <span class='ocrx_word' id='word_1_95' title='bbox 319 939 430 1000; x_wconf 89' lang='lat' dir='ltr'><strong>ipsa</strong></span> <span class='ocrx_word' id='word_1_96' title='bbox 474 937 659 986; x_wconf 80' lang='lat' dir='ltr'><strong>faciunt</strong></span> <span class='ocrx_word' id='word_1_97' title='bbox 709 952 794 987; x_wconf 89' lang='lat' dir='ltr'><strong>seu</strong></span> <span class='ocrx_word' id='word_1_98' title='bbox 833 939 998 1001; x_wconf 87' lang='lat' dir='ltr'><strong>potius</strong></span> <span class='ocrx_word' id='word_1_99' title='bbox 1049 936 1314 985; x_wconf 88' lang='lat' dir='ltr'><strong>secundum</strong></span> <span class='ocrx_word' id='word_1_100' title='bbox 1353 936 1673 999; x_wconf 87' lang='lat' dir='ltr'><strong>Copernicum</strong></span> <span class='ocrx_word' id='word_1_101' title='bbox 1721 934 1919 983; x_wconf 88' lang='lat' dir='ltr'><strong>horizon</strong></span> <span class='ocrx_word' id='word_1_102' title='bbox 1972 933 2275 982; x_wconf 89' lang='lat' dir='ltr'><strong>mundanus:</strong></span> <span class='ocrx_word' id='word_1_103' title='bbox 2330 943 2380 983; x_wconf 87' lang='lat' dir='ltr'><strong>at</strong></span> 
     </span>
     <span class='ocr_line' id='line_1_11' title="bbox 121 1006 2378 1074; baseline -0.001 -16"><span class='ocrx_word' id='word_1_104' title='bbox 121 1010 202 1059; x_wconf 85' lang='lat' dir='ltr'><strong>hic</strong></span> <span class='ocrx_word' id='word_1_105' title='bbox 237 1015 407 1072; x_wconf 86' lang='lat' dir='ltr'><strong>agetur</strong></span> <span class='ocrx_word' id='word_1_106' title='bbox 432 1009 491 1060; x_wconf 89' lang='lat' dir='ltr'><strong>de</strong></span> <span class='ocrx_word' id='word_1_107' title='bbox 518 1012 821 1074; x_wconf 81' lang='lat' dir='ltr'><strong>apparitione</strong></span> <span class='ocrx_word' id='word_1_108' title='bbox 861 1017 909 1059; x_wconf 92' lang='lat' dir='ltr'><strong>et</strong></span> <span class='ocrx_word' id='word_1_109' title='bbox 946 1009 1287 1069; x_wconf 78' lang='lat' dir='ltr'><strong>occultatione,</strong></span> <span class='ocrx_word' id='word_1_110' title='bbox 1329 1022 1454 1072; x_wconf 83' lang='lat' dir='ltr'><strong>quae</strong></span> <span class='ocrx_word' id='word_1_111' title='bbox 1481 1023 1509 1057; x_wconf 89' lang='lat' dir='ltr'><strong>a</strong></span> <span class='ocrx_word' id='word_1_112' title='bbox 1537 1007 1651 1057; x_wconf 90' lang='lat' dir='ltr'><strong>Sole</strong></span> <span class='ocrx_word' id='word_1_113' title='bbox 1690 1021 1888 1056; x_wconf 86' lang='lat' dir='ltr'><strong>causam</strong></span> <span class='ocrx_word' id='word_1_114' title='bbox 1927 1006 2076 1056; x_wconf 88' lang='lat' dir='ltr'><strong>habet</strong></span> <span class='ocrx_word' id='word_1_115' title='bbox 2115 1013 2163 1056; x_wconf 93' lang='lat' dir='ltr'><strong>et</strong></span> <span class='ocrx_word' id='word_1_116' title='bbox 2201 1022 2231 1055; x_wconf 88' lang='lat' dir='ltr'><strong>a</strong></span> <span class='ocrx_word' id='word_1_117' title='bbox 2268 1008 2378 1056; x_wconf 86' lang='lat' dir='ltr'><strong>luce</strong></span> 
     </span>
     <span class='ocr_line' id='line_1_12' title="bbox 124 1082 1840 1149; baseline 0.003 -20"><span class='ocrx_word' id='word_1_118' title='bbox 124 1082 310 1149; x_wconf 83' lang='lat' dir='ltr'><strong>diurna.</strong></span> <span class='ocrx_word' id='word_1_119' title='bbox 1836 1128 1840 1134; x_wconf 82' lang='lat'><em>.</em></span> 
     </span>
    </p>

    <p class='ocr_par' dir='ltr' id='par_1_4' title="bbox 121 1165 2381 1378">
     <span class='ocr_line' id='line_1_13' title="bbox 272 1165 2381 1233; baseline -0.001 -15"><span class='ocrx_word' id='word_1_120' title='bbox 272 1169 536 1232; x_wconf 81' lang='lat' dir='ltr'><strong>Quomodo</strong></span> <span class='ocrx_word' id='word_1_121' title='bbox 574 1170 899 1233; x_wconf 80' lang='lat' dir='ltr'><strong>appellantur</strong></span> <span class='ocrx_word' id='word_1_122' title='bbox 936 1175 1078 1217; x_wconf 83' lang='lat' dir='ltr'><strong>ortus</strong></span> <span class='ocrx_word' id='word_1_123' title='bbox 1102 1173 1147 1217; x_wconf 78' lang='lat' dir='ltr'><strong>ct</strong></span> <span class='ocrx_word' id='word_1_124' title='bbox 1185 1182 1387 1217; x_wconf 79' lang='lat' dir='ltr'><strong>occasus</strong></span> <span class='ocrx_word' id='word_1_125' title='bbox 1413 1167 1504 1216; x_wconf 87' lang='lat' dir='ltr'><strong>hoc</strong></span> <span class='ocrx_word' id='word_1_126' title='bbox 1545 1167 1648 1215; x_wconf 85' lang='lat' dir='ltr'><strong>Ioco</strong></span> <span class='ocrx_word' id='word_1_127' title='bbox 1675 1165 2012 1215; x_wconf 76' lang='lat' dir='ltr'><strong>considerati?</strong></span> <span class='ocrx_word' id='word_1_128' title='bbox 2048 1165 2215 1229; x_wconf 87' lang='lat' dir='ltr'><strong>Vulgo</strong></span> <span class='ocrx_word' id='word_1_129' title='bbox 2240 1170 2381 1230; x_wconf 77' lang='lat' dir='ltr'><strong>poe·-</strong></span> 
     </span>
     <span class='ocr_line' id='line_1_14' title="bbox 121 1239 2377 1306; baseline -0.002 -14"><span class='ocrx_word' id='word_1_130' title='bbox 121 1242 284 1292; x_wconf 86' lang='lat' dir='ltr'><strong>ticos</strong></span> <span class='ocrx_word' id='word_1_131' title='bbox 325 1242 479 1291; x_wconf 89' lang='lat' dir='ltr'><strong>dictos</strong></span> <span class='ocrx_word' id='word_1_132' title='bbox 498 1247 670 1306; x_wconf 89' lang='lat' dir='ltr'><strong>putant</strong></span> <span class='ocrx_word' id='word_1_133' title='bbox 697 1242 822 1302; x_wconf 90' lang='lat' dir='ltr'><strong>ideo,</strong></span> <span class='ocrx_word' id='word_1_134' title='bbox 865 1241 994 1304; x_wconf 90' lang='lat' dir='ltr'><strong>quod</strong></span> <span class='ocrx_word' id='word_1_135' title='bbox 1020 1243 1079 1289; x_wconf 89' lang='lat' dir='ltr'><strong>iis</strong></span> <span class='ocrx_word' id='word_1_136' title='bbox 1116 1247 1314 1290; x_wconf 85' lang='lat' dir='ltr'><strong>utantur</strong></span> <span class='ocrx_word' id='word_1_137' title='bbox 1352 1244 1528 1305; x_wconf 71' lang='lat' dir='ltr'><strong>poetae</strong></span> <span class='ocrx_word' id='word_1_138' title='bbox 1556 1241 1604 1286; x_wconf 91' lang='lat' dir='ltr'><strong>in</strong></span> <span class='ocrx_word' id='word_1_139' title='bbox 1644 1239 2052 1302; x_wconf 83' lang='lat' dir='ltr'><strong>descriptionibus</strong></span> <span class='ocrx_word' id='word_1_140' title='bbox 2079 1246 2377 1304; x_wconf 82' lang='lat' dir='ltr'><strong>temporum3</strong></span> 
     </span>
     <span class='ocr_line' id='line_1_15' title="bbox 123 1313 1880 1378; baseline -0.001 -15"><span class='ocrx_word' id='word_1_141' title='bbox 123 1315 240 1363; x_wconf 89' lang='lat' dir='ltr'><strong>mihi</strong></span> <span class='ocrx_word' id='word_1_142' title='bbox 277 1315 370 1363; x_wconf 89' lang='lat' dir='ltr'><strong>hoe</strong></span> <span class='ocrx_word' id='word_1_143' title='bbox 407 1329 583 1363; x_wconf 89' lang='lat' dir='ltr'><strong>nomen</strong></span> <span class='ocrx_word' id='word_1_144' title='bbox 621 1329 719 1364; x_wconf 91' lang='lat' dir='ltr'><strong>non</strong></span> <span class='ocrx_word' id='word_1_145' title='bbox 757 1315 951 1363; x_wconf 87' lang='lat' dir='ltr'><strong>videtur</strong></span> <span class='ocrx_word' id='word_1_146' title='bbox 987 1328 1092 1363; x_wconf 89' lang='lat' dir='ltr'><strong>esse</strong></span> <span class='ocrx_word' id='word_1_147' title='bbox 1130 1315 1335 1378; x_wconf 82' lang='lat' dir='ltr'><strong>generiS,</strong></span> <span class='ocrx_word' id='word_1_148' title='bbox 1377 1313 1462 1362; x_wconf 88' lang='lat' dir='ltr'><strong>sed</strong></span> <span class='ocrx_word' id='word_1_149' title='bbox 1501 1314 1645 1361; x_wconf 89' lang='lat' dir='ltr'><strong>unius</strong></span> <span class='ocrx_word' id='word_1_150' title='bbox 1684 1314 1880 1375; x_wconf 69' lang='lat' dir='ltr'><strong>speciei⁴</strong></span> 
     </span>
    </p>

    <p class='ocr_par' dir='ltr' id='par_1_5' title="bbox 121 1385 2385 2036">
     <span class='ocr_line' id='line_1_16' title="bbox 289 1385 2381 1452; baseline -0.001 -16"><span class='ocrx_word' id='word_1_151' title='bbox 289 1389 401 1452; x_wconf 83' lang='lat' dir='ltr'><strong>Quo</strong></span> <span class='ocrx_word' id='word_1_152' title='bbox 455 1403 573 1450; x_wconf 74' lang='lat' dir='ltr'><strong>cryc</strong></span> <span class='ocrx_word' id='word_1_153' title='bbox 625 1403 773 1436; x_wconf 77' lang='lat' dir='ltr'><strong>sensu</strong></span> <span class='ocrx_word' id='word_1_154' title='bbox 825 1388 904 1436; x_wconf 84' lang='lat' dir='ltr'><strong>hic</strong></span> <span class='ocrx_word' id='word_1_155' title='bbox 955 1393 1282 1450; x_wconf 75' lang='lat' dir='ltr'><strong>usurpantur</strong></span> <span class='ocrx_word' id='word_1_156' title='bbox 1337 1401 1476 1436; x_wconf 84' lang='lat' dir='ltr'><strong>voces</strong></span> <span class='ocrx_word' id='word_1_157' title='bbox 1529 1387 1656 1435; x_wconf 77' lang='lat' dir='ltr'><strong>oriri</strong></span> <span class='ocrx_word' id='word_1_158' title='bbox 1707 1392 1752 1433; x_wconf 81' lang='lat' dir='ltr'><strong>ct</strong></span> <span class='ocrx_word' id='word_1_159' title='bbox 1807 1386 2026 1435; x_wconf 80' lang='lat' dir='ltr'><strong>occidere</strong></span> <span class='ocrx_word' id='word_1_160' title='bbox 2077 1400 2166 1437; x_wconf 88' lang='lat' dir='ltr'><strong>scu</strong></span> <span class='ocrx_word' id='word_1_161' title='bbox 2224 1385 2381 1434; x_wconf 80' lang='lat' dir='ltr'><strong>disce-</strong></span> 
     </span>
     <span class='ocr_line' id='line_1_17' title="bbox 123 1457 2382 1525; baseline -0.001 -15"><span class='ocrx_word' id='word_1_162' title='bbox 123 1461 276 1510; x_wconf 81' lang='lat' dir='ltr'><strong>dcrc‘?</strong></span> <span class='ocrx_word' id='word_1_163' title='bbox 317 1458 510 1525; x_wconf 78' lang='lat' dir='ltr'><strong>Duplex</strong></span> <span class='ocrx_word' id='word_1_164' title='bbox 550 1467 623 1509; x_wconf 91' lang='lat' dir='ltr'><strong>est</strong></span> <span class='ocrx_word' id='word_1_165' title='bbox 640 1475 811 1511; x_wconf 89' lang='lat' dir='ltr'><strong>sensus</strong></span> <span class='ocrx_word' id='word_1_166' title='bbox 850 1461 1020 1509; x_wconf 85' lang='lat' dir='ltr'><strong>harum</strong></span> <span class='ocrx_word' id='word_1_167' title='bbox 1059 1460 1307 1524; x_wconf 88' lang='lat' dir='ltr'><strong>phrasium</strong></span> <span class='ocrx_word' id='word_1_168' title='bbox 1347 1460 1497 1508; x_wconf 67' lang='lat' dir='ltr'><strong>etiam·</strong></span> <span class='ocrx_word' id='word_1_169' title='bbox 1532 1457 1625 1507; x_wconf 91' lang='lat' dir='ltr'><strong>hoc</strong></span> <span class='ocrx_word' id='word_1_170' title='bbox 1649 1459 1774 1520; x_wconf 86' lang='lat' dir='ltr'><strong>loco,</strong></span> <span class='ocrx_word' id='word_1_171' title='bbox 1817 1460 1939 1508; x_wconf 88' lang='lat' dir='ltr'><strong>alter</strong></span> <span class='ocrx_word' id='word_1_172' title='bbox 1966 1457 2231 1523; x_wconf 75' lang='lat' dir='ltr'><strong>populariS,</strong></span> <span class='ocrx_word' id='word_1_173' title='bbox 2274 1474 2382 1507; x_wconf 90' lang='lat' dir='ltr'><strong>cum</strong></span> 
     </span>
     <span class='ocr_line' id='line_1_18' title="bbox 121 1531 2377 1598; baseline -0.003 -14"><span class='ocrx_word' id='word_1_174' title='bbox 121 1534 417 1584; x_wconf 87' lang='lat' dir='ltr'><strong>adventante</strong></span> <span class='ocrx_word' id='word_1_175' title='bbox 453 1540 595 1583; x_wconf 90' lang='lat' dir='ltr'><strong>nocte</strong></span> <span class='ocrx_word' id='word_1_176' title='bbox 635 1539 684 1583; x_wconf 92' lang='lat' dir='ltr'><strong>et</strong></span> <span class='ocrx_word' id='word_1_177' title='bbox 732 1536 970 1584; x_wconf 86' lang='lat' dir='ltr'><strong>exstincta</strong></span> <span class='ocrx_word' id='word_1_178' title='bbox 1007 1533 1114 1583; x_wconf 86' lang='lat' dir='ltr'><strong>luce</strong></span> <span class='ocrx_word' id='word_1_179' title='bbox 1163 1533 1259 1583; x_wconf 92' lang='lat' dir='ltr'><strong>diei</strong></span> <span class='ocrx_word' id='word_1_180' title='bbox 1307 1538 1440 1583; x_wconf 85' lang='lat' dir='ltr'><strong>astra</strong></span> <span class='ocrx_word' id='word_1_181' title='bbox 1479 1533 1747 1598; x_wconf 89' lang='lat' dir='ltr'><strong>promiscue</strong></span> <span class='ocrx_word' id='word_1_182' title='bbox 1787 1535 1950 1581; x_wconf 86' lang='lat' dir='ltr'><strong>omnia</strong></span> <span class='ocrx_word' id='word_1_183' title='bbox 1990 1531 2212 1580; x_wconf 88' lang='lat' dir='ltr'><strong>dicuntur</strong></span> <span class='ocrx_word' id='word_1_184' title='bbox 2252 1534 2377 1593; x_wconf 84' lang='lat' dir='ltr'><strong>oriri,</strong></span> 
     </span>
     <span class='ocr_line' id='line_1_19' title="bbox 124 1605 2383 1671; baseline -0 -16"><span class='ocrx_word' id='word_1_185' title='bbox 124 1620 249 1670; x_wconf 86' lang='lat' dir='ltr'><strong>quae</strong></span> <span class='ocrx_word' id='word_1_186' title='bbox 285 1609 434 1671; x_wconf 90' lang='lat' dir='ltr'><strong>prius,</strong></span> <span class='ocrx_word' id='word_1_187' title='bbox 475 1608 701 1670; x_wconf 86' lang='lat' dir='ltr'><strong>quamvis</strong></span> <span class='ocrx_word' id='word_1_188' title='bbox 739 1613 901 1656; x_wconf 88' lang='lat' dir='ltr'><strong>essent</strong></span> <span class='ocrx_word' id='word_1_189' title='bbox 937 1610 1228 1670; x_wconf 88' lang='lat' dir='ltr'><strong>praesentia,</strong></span> <span class='ocrx_word' id='word_1_190' title='bbox 1267 1605 1485 1655; x_wconf 88' lang='lat' dir='ltr'><strong>latebant</strong></span> <span class='ocrx_word' id='word_1_191' title='bbox 1524 1606 1613 1654; x_wconf 89' lang='lat' dir='ltr'><strong>sub</strong></span> <span class='ocrx_word' id='word_1_192' title='bbox 1652 1605 1759 1654; x_wconf 90' lang='lat' dir='ltr'><strong>luce</strong></span> <span class='ocrx_word' id='word_1_193' title='bbox 1788 1605 1904 1669; x_wconf 87' lang='lat' dir='ltr'><strong>diei3</strong></span> <span class='ocrx_word' id='word_1_194' title='bbox 1946 1614 1993 1654; x_wconf 90' lang='lat' dir='ltr'><strong>et</strong></span> <span class='ocrx_word' id='word_1_195' title='bbox 2035 1606 2248 1654; x_wconf 86' lang='lat' dir='ltr'><strong>vicissim</strong></span> <span class='ocrx_word' id='word_1_196' title='bbox 2278 1610 2383 1654; x_wconf 86' lang='lat' dir='ltr'><strong>orta</strong></span> 
     </span>
     <span class='ocr_line' id='line_1_20' title="bbox 122 1678 2384 1745; baseline -0.001 -17"><span class='ocrx_word' id='word_1_197' title='bbox 122 1681 232 1731; x_wconf 88' lang='lat' dir='ltr'><strong>luce</strong></span> <span class='ocrx_word' id='word_1_198' title='bbox 271 1681 364 1728; x_wconf 89' lang='lat' dir='ltr'><strong>sub</strong></span> <span class='ocrx_word' id='word_1_199' title='bbox 402 1679 665 1729; x_wconf 89' lang='lat' dir='ltr'><strong>adventum</strong></span> <span class='ocrx_word' id='word_1_200' title='bbox 705 1679 834 1729; x_wconf 88' lang='lat' dir='ltr'><strong>Solis</strong></span> <span class='ocrx_word' id='word_1_201' title='bbox 889 1680 1135 1730; x_wconf 88' lang='lat' dir='ltr'><strong>discedere</strong></span> <span class='ocrx_word' id='word_1_202' title='bbox 1188 1680 1412 1729; x_wconf 88' lang='lat' dir='ltr'><strong>dicuntur</strong></span> <span class='ocrx_word' id='word_1_203' title='bbox 1459 1685 1612 1739; x_wconf 87' lang='lat' dir='ltr'><strong>astra,</strong></span> <span class='ocrx_word' id='word_1_204' title='bbox 1666 1692 1791 1741; x_wconf 87' lang='lat' dir='ltr'><strong>quae</strong></span> <span class='ocrx_word' id='word_1_205' title='bbox 1847 1693 1954 1728; x_wconf 86' lang='lat' dir='ltr'><strong>cum</strong></span> <span class='ocrx_word' id='word_1_206' title='bbox 1993 1680 2126 1745; x_wconf 89' lang='lat' dir='ltr'><strong>prius</strong></span> <span class='ocrx_word' id='word_1_207' title='bbox 2165 1678 2384 1728; x_wconf 88' lang='lat' dir='ltr'><strong>lucerent</strong></span> 
     </span>
     <span class='ocr_line' id='line_1_21' title="bbox 124 1747 2381 1816; baseline -0.001 -14"><span class='ocrx_word' id='word_1_208' title='bbox 124 1753 511 1816; x_wconf 84' lang='lat' dir='ltr'><strong>viderenturque,</strong></span> <span class='ocrx_word' id='word_1_209' title='bbox 548 1754 652 1816; x_wconf 87' lang='lat' dir='ltr'><strong>jam</strong></span> <span class='ocrx_word' id='word_1_210' title='bbox 693 1753 997 1802; x_wconf 86' lang='lat' dir='ltr'><strong>occultantur</strong></span> <span class='ocrx_word' id='word_1_211' title='bbox 1034 1769 1064 1803; x_wconf 88' lang='lat' dir='ltr'><strong>a</strong></span> <span class='ocrx_word' id='word_1_212' title='bbox 1102 1753 1210 1803; x_wconf 90' lang='lat' dir='ltr'><strong>luce</strong></span> <span class='ocrx_word' id='word_1_213' title='bbox 1238 1753 1348 1814; x_wconf 91' lang='lat' dir='ltr'><strong>diei,</strong></span> <span class='ocrx_word' id='word_1_214' title='bbox 1390 1759 1456 1814; x_wconf 90' lang='lat' dir='ltr'><strong>ut,</strong></span> <span class='ocrx_word' id='word_1_215' title='bbox 1498 1754 1723 1816; x_wconf 88' lang='lat' dir='ltr'><strong>quamvis</strong></span> <span class='ocrx_word' id='word_1_216' title='bbox 1750 1751 1910 1801; x_wconf 87' lang='lat' dir='ltr'><strong>adhuc</strong></span> <span class='ocrx_word' id='word_1_217' title='bbox 1947 1753 1996 1799; x_wconf 90' lang='lat' dir='ltr'><strong>in</strong></span> <span class='ocrx_word' id='word_1_218' title='bbox 2023 1747 2381 1805; x_wconf 80' lang='lat' dir='ltr'><strong>summocoelo</strong></span> 
     </span>
     <span class='ocr_line' id='line_1_22' title="bbox 124 1825 2385 1891; baseline 0 -17"><span class='ocrx_word' id='word_1_219' title='bbox 124 1827 412 1891; x_wconf 85' lang='lat' dir='ltr'><strong>praesentia,</strong></span> <span class='ocrx_word' id='word_1_220' title='bbox 453 1829 581 1875; x_wconf 89' lang='lat' dir='ltr'><strong>cerni</strong></span> <span class='ocrx_word' id='word_1_221' title='bbox 621 1833 781 1876; x_wconf 87' lang='lat' dir='ltr'><strong>tamen</strong></span> <span class='ocrx_word' id='word_1_222' title='bbox 820 1827 1029 1890; x_wconf 89' lang='lat' dir='ltr'><strong>amplius</strong></span> <span class='ocrx_word' id='word_1_223' title='bbox 1061 1842 1157 1876; x_wconf 91' lang='lat' dir='ltr'><strong>non</strong></span> <span class='ocrx_word' id='word_1_224' title='bbox 1196 1828 1398 1890; x_wconf 84' lang='lat' dir='ltr'><strong>possint.</strong></span> <span class='ocrx_word' id='word_1_225' title='bbox 1476 1825 1646 1875; x_wconf 85' lang='lat' dir='ltr'><strong>Altera</strong></span> <span class='ocrx_word' id='word_1_226' title='bbox 1672 1826 1963 1888; x_wconf 88' lang='lat' dir='ltr'><strong>significatio</strong></span> <span class='ocrx_word' id='word_1_227' title='bbox 2002 1827 2282 1874; x_wconf 85' lang='lat' dir='ltr'><strong>restructior</strong></span> <span class='ocrx_word' id='word_1_228' title='bbox 2310 1832 2385 1874; x_wconf 89' lang='lat' dir='ltr'><strong>est</strong></span> 
     </span>
     <span class='ocr_line' id='line_1_23' title="bbox 124 1894 2383 1963; baseline -0.001 -15"><span class='ocrx_word' id='word_1_229' title='bbox 124 1906 173 1948; x_wconf 87' lang='lat' dir='ltr'><strong>et</strong></span> <span class='ocrx_word' id='word_1_230' title='bbox 209 1901 324 1948; x_wconf 89' lang='lat' dir='ltr'><strong>artis</strong></span> <span class='ocrx_word' id='word_1_231' title='bbox 361 1901 582 1963; x_wconf 85' lang='lat' dir='ltr'><strong>propria,</strong></span> <span class='ocrx_word' id='word_1_232' title='bbox 634 1902 937 1962; x_wconf 83' lang='lat' dir='ltr'><strong>sumiturque</strong></span> <span class='ocrx_word' id='word_1_233' title='bbox 977 1899 1035 1947; x_wconf 90' lang='lat' dir='ltr'><strong>de</strong></span> <span class='ocrx_word' id='word_1_234' title='bbox 1074 1901 1133 1948; x_wconf 90' lang='lat' dir='ltr'><strong>iis</strong></span> <span class='ocrx_word' id='word_1_235' title='bbox 1174 1899 1441 1959; x_wconf 74' lang='lat' dir='ltr'><strong>sideribuS,</strong></span> <span class='ocrx_word' id='word_1_236' title='bbox 1498 1913 1625 1962; x_wconf 87' lang='lat' dir='ltr'><strong>quae</strong></span> <span class='ocrx_word' id='word_1_237' title='bbox 1664 1904 1859 1963; x_wconf 86' lang='lat' dir='ltr'><strong>propter</strong></span> <span class='ocrx_word' id='word_1_238' title='bbox 1896 1894 2083 1947; x_wconf 80' lang='lat' dir='ltr'><strong>motum</strong></span> <span class='ocrx_word' id='word_1_239' title='bbox 2123 1898 2252 1947; x_wconf 85' lang='lat' dir='ltr'><strong>Solis</strong></span> <span class='ocrx_word' id='word_1_240' title='bbox 2293 1913 2383 1946; x_wconf 88' lang='lat' dir='ltr'><strong>an-</strong></span> 
     </span>
     <span class='ocr_line' id='line_1_24' title="bbox 124 1963 1860 2036; baseline 0.001 -16"><span class='ocrx_word' id='word_1_241' title='bbox 124 1986 272 2021; x_wconf 90' lang='lat' dir='ltr'><strong>nuum</strong></span> <span class='ocrx_word' id='word_1_242' title='bbox 310 1987 398 2036; x_wconf 88' lang='lat' dir='ltr'><strong>per</strong></span> <span class='ocrx_word' id='word_1_243' title='bbox 434 1973 690 2022; x_wconf 85' lang='lat' dir='ltr'><strong>zodiacum</strong></span> <span class='ocrx_word' id='word_1_244' title='bbox 729 1972 1091 2022; x_wconf 86' lang='lat' dir='ltr'><strong>vicissitudines</strong></span> <span class='ocrx_word' id='word_1_245' title='bbox 1129 1963 1262 2023; x_wconf 72' lang='lat' dir='ltr'><strong>ort&#39;us</strong></span> <span class='ocrx_word' id='word_1_246' title='bbox 1302 1977 1350 2021; x_wconf 89' lang='lat' dir='ltr'><strong>et</strong></span> <span class='ocrx_word' id='word_1_247' title='bbox 1389 1987 1597 2021; x_wconf 86' lang='lat' dir='ltr'><strong>occasus</strong></span> <span class='ocrx_word' id='word_1_248' title='bbox 1634 1971 1860 2021; x_wconf 84' lang='lat' dir='ltr'><strong>subeunt.</strong></span> 
     </span>
    </p>

    <p class='ocr_par' dir='ltr' id='par_1_6' title="bbox 126 2044 2380 2182">
     <span class='ocr_line' id='line_1_25' title="bbox 272 2044 2380 2109; baseline -0.001 -14"><span class='ocrx_word' id='word_1_249' title='bbox 272 2047 406 2109; x_wconf 81' lang='lat' dir='ltr'><strong>Quot</strong></span> <span class='ocrx_word' id='word_1_250' title='bbox 441 2053 561 2095; x_wconf 85' lang='lat' dir='ltr'><strong>sunt</strong></span> <span class='ocrx_word' id='word_1_251' title='bbox 596 2048 775 2108; x_wconf 82' lang='lat' dir='ltr'><strong>species</strong></span> <span class='ocrx_word' id='word_1_252' title='bbox 813 2046 1108 2108; x_wconf 73' lang='lat' dir='ltr'><strong>hujusmodi</strong></span> <span class='ocrx_word' id='word_1_253' title='bbox 1145 2046 1394 2095; x_wconf 77' lang='lat' dir='ltr'><strong>ortuum?</strong></span> <span class='ocrx_word' id='word_1_254' title='bbox 1443 2044 1606 2094; x_wconf 89' lang='lat' dir='ltr'><strong>Hodie</strong></span> <span class='ocrx_word' id='word_1_255' title='bbox 1646 2045 1796 2107; x_wconf 85' lang='lat' dir='ltr'><strong>vulgo</strong></span> <span class='ocrx_word' id='word_1_256' title='bbox 1837 2051 1931 2094; x_wconf 87' lang='lat' dir='ltr'><strong>tres</strong></span> <span class='ocrx_word' id='word_1_257' title='bbox 1970 2049 2226 2093; x_wconf 87' lang='lat' dir='ltr'><strong>numerant</strong></span> <span class='ocrx_word' id='word_1_258' title='bbox 2264 2059 2380 2109; x_wconf 88' lang='lat' dir='ltr'><strong>spe-</strong></span> 
     </span>
     <span class='ocr_line' id='line_1_26' title="bbox 126 2116 2295 2182; baseline -0 -15"><span class='ocrx_word' id='word_1_259' title='bbox 126 2119 222 2168; x_wconf 88' lang='lat' dir='ltr'><strong>cies</strong></span> <span class='ocrx_word' id='word_1_260' title='bbox 262 2127 394 2168; x_wconf 89' lang='lat' dir='ltr'><strong>ortus</strong></span> <span class='ocrx_word' id='word_1_261' title='bbox 434 2127 481 2168; x_wconf 90' lang='lat' dir='ltr'><strong>et</strong></span> <span class='ocrx_word' id='word_1_262' title='bbox 520 2133 722 2168; x_wconf 86' lang='lat' dir='ltr'><strong>occasus</strong></span> <span class='ocrx_word' id='word_1_263' title='bbox 760 2121 962 2182; x_wconf 80' lang='lat' dir='ltr'><strong>poe&#39;tici:</strong></span> <span class='ocrx_word' id='word_1_264' title='bbox 1004 2122 1366 2180; x_wconf 86' lang='lat' dir='ltr'><strong>cosmicum,</strong></span> <span class='ocrx_word' id='word_1_265' title='bbox 1407 2119 1831 2182; x_wconf 86' lang='lat' dir='ltr'><strong>acronychum</strong></span> <span class='ocrx_word' id='word_1_266' title='bbox 1871 2125 1919 2167; x_wconf 91' lang='lat' dir='ltr'><strong>et</strong></span> <span class='ocrx_word' id='word_1_267' title='bbox 1958 2116 2295 2166; x_wconf 88' lang='lat' dir='ltr'><strong>heliacum.</strong></span> 
     </span>
    </p>

    <p class='ocr_par' dir='ltr' id='par_1_7' title="bbox 123 2188 2386 2606">
     <span class='ocr_line' id='line_1_27' title="bbox 273 2188 2384 2256; baseline -0.001 -16"><span class='ocrx_word' id='word_1_268' title='bbox 273 2192 411 2255; x_wconf 79' lang='lat' dir='ltr'><strong>Quid</strong></span> <span class='ocrx_word' id='word_1_269' title='bbox 445 2193 707 2256; x_wconf 84' lang='lat' dir='ltr'><strong>appellant</strong></span> <span class='ocrx_word' id='word_1_270' title='bbox 742 2197 912 2242; x_wconf 84' lang='lat' dir='ltr'><strong>ortum</strong></span> <span class='ocrx_word' id='word_1_271' title='bbox 950 2199 997 2241; x_wconf 81' lang='lat' dir='ltr'><strong>ct</strong></span> <span class='ocrx_word' id='word_1_272' title='bbox 1033 2207 1264 2242; x_wconf 85' lang='lat' dir='ltr'><strong>occasum</strong></span> <span class='ocrx_word' id='word_1_273' title='bbox 1303 2192 1610 2241; x_wconf 77' lang='lat' dir='ltr'><strong>cosmicum?</strong></span> <span class='ocrx_word' id='word_1_274' title='bbox 1667 2188 1876 2240; x_wconf 86' lang='lat' dir='ltr'><strong>Cosmici</strong></span> <span class='ocrx_word' id='word_1_275' title='bbox 1934 2190 2149 2255; x_wconf 89' lang='lat' dir='ltr'><strong>epitheto</strong></span> <span class='ocrx_word' id='word_1_276' title='bbox 2189 2193 2384 2254; x_wconf 85' lang='lat' dir='ltr'><strong>signant</strong></span> 
     </span>
     <span class='ocr_line' id='line_1_28' title="bbox 128 2264 2386 2330; baseline -0 -19"><span class='ocrx_word' id='word_1_277' title='bbox 128 2264 345 2313; x_wconf 89' lang='lat' dir='ltr'><strong>moderni</strong></span> <span class='ocrx_word' id='word_1_278' title='bbox 393 2268 657 2313; x_wconf 86' lang='lat' dir='ltr'><strong>astronomi</strong></span> <span class='ocrx_word' id='word_1_279' title='bbox 706 2267 994 2330; x_wconf 87' lang='lat' dir='ltr'><strong>principium</strong></span> <span class='ocrx_word' id='word_1_280' title='bbox 1035 2265 1154 2326; x_wconf 91' lang='lat' dir='ltr'><strong>diei,</strong></span> <span class='ocrx_word' id='word_1_281' title='bbox 1209 2266 1415 2314; x_wconf 89' lang='lat' dir='ltr'><strong>obscura</strong></span> <span class='ocrx_word' id='word_1_282' title='bbox 1455 2264 1513 2314; x_wconf 90' lang='lat' dir='ltr'><strong>de</strong></span> <span class='ocrx_word' id='word_1_283' title='bbox 1553 2279 1722 2313; x_wconf 85' lang='lat' dir='ltr'><strong>causa:</strong></span> <span class='ocrx_word' id='word_1_284' title='bbox 1776 2266 1916 2327; x_wconf 86' lang='lat' dir='ltr'><strong>quasi</strong></span> <span class='ocrx_word' id='word_1_285' title='bbox 1956 2266 2163 2314; x_wconf 88' lang='lat' dir='ltr'><strong>cosmice</strong></span> <span class='ocrx_word' id='word_1_286' title='bbox 2205 2267 2386 2312; x_wconf 87' lang='lat' dir='ltr'><strong>oriatur</strong></span> 
     </span>
     <span class='ocr_line' id='line_1_29' title="bbox 126 2336 2384 2400; baseline 0.001 -16"><span class='ocrx_word' id='word_1_287' title='bbox 126 2337 210 2384; x_wconf 90' lang='lat' dir='ltr'><strong>ilia</strong></span> <span class='ocrx_word' id='word_1_288' title='bbox 248 2338 416 2394; x_wconf 86' lang='lat' dir='ltr'><strong>stella,</strong></span> <span class='ocrx_word' id='word_1_289' title='bbox 468 2353 594 2400; x_wconf 89' lang='lat' dir='ltr'><strong>quae</strong></span> <span class='ocrx_word' id='word_1_290' title='bbox 633 2339 816 2387; x_wconf 88' lang='lat' dir='ltr'><strong>oriente</strong></span> <span class='ocrx_word' id='word_1_291' title='bbox 857 2338 971 2388; x_wconf 89' lang='lat' dir='ltr'><strong>Sole</strong></span> <span class='ocrx_word' id='word_1_292' title='bbox 1013 2341 1185 2400; x_wconf 89' lang='lat' dir='ltr'><strong>oritur,</strong></span> <span class='ocrx_word' id='word_1_293' title='bbox 1235 2340 1443 2387; x_wconf 89' lang='lat' dir='ltr'><strong>cosmice</strong></span> <span class='ocrx_word' id='word_1_294' title='bbox 1484 2338 1675 2388; x_wconf 89' lang='lat' dir='ltr'><strong>occidat</strong></span> <span class='ocrx_word' id='word_1_295' title='bbox 1711 2336 1821 2398; x_wconf 88' lang='lat' dir='ltr'><strong>illa,</strong></span> <span class='ocrx_word' id='word_1_296' title='bbox 1876 2353 2002 2400; x_wconf 88' lang='lat' dir='ltr'><strong>quae</strong></span> <span class='ocrx_word' id='word_1_297' title='bbox 2050 2338 2234 2386; x_wconf 81' lang='lat' dir='ltr'><strong>oriente</strong></span> <span class='ocrx_word' id='word_1_298' title='bbox 2271 2336 2384 2387; x_wconf 87' lang='lat' dir='ltr'><strong>Sole</strong></span> 
     </span>
     <span class='ocr_line' id='line_1_30' title="bbox 126 2409 2385 2476; baseline 0 -18"><span class='ocrx_word' id='word_1_299' title='bbox 126 2409 316 2458; x_wconf 89' lang='lat' dir='ltr'><strong>occidit.</strong></span> <span class='ocrx_word' id='word_1_300' title='bbox 391 2410 495 2473; x_wconf 86' lang='lat' dir='ltr'><strong>Ego</strong></span> <span class='ocrx_word' id='word_1_301' title='bbox 545 2410 723 2460; x_wconf 86' lang='lat' dir='ltr'><strong>definio</strong></span> <span class='ocrx_word' id='word_1_302' title='bbox 779 2418 934 2461; x_wconf 89' lang='lat' dir='ltr'><strong>ortum</strong></span> <span class='ocrx_word' id='word_1_303' title='bbox 982 2412 1062 2461; x_wconf 85' lang='lat' dir='ltr'><strong>vel</strong></span> <span class='ocrx_word' id='word_1_304' title='bbox 1113 2426 1338 2461; x_wconf 90' lang='lat' dir='ltr'><strong>occasum</strong></span> <span class='ocrx_word' id='word_1_305' title='bbox 1388 2413 1648 2460; x_wconf 89' lang='lat' dir='ltr'><strong>cosmicum</strong></span> <span class='ocrx_word' id='word_1_306' title='bbox 1689 2410 1971 2476; x_wconf 90' lang='lat' dir='ltr'><strong>simpliciter</strong></span> <span class='ocrx_word' id='word_1_307' title='bbox 2009 2417 2057 2460; x_wconf 88' lang='lat' dir='ltr'><strong>et</strong></span> <span class='ocrx_word' id='word_1_308' title='bbox 2094 2410 2385 2474; x_wconf 84' lang='lat' dir='ltr'><strong>generaliter</strong></span> 
     </span>
     <span class='ocr_line' id='line_1_31' title="bbox 123 2481 2385 2549; baseline 0 -19"><span class='ocrx_word' id='word_1_309' title='bbox 123 2481 285 2541; x_wconf 90' lang='lat' dir='ltr'><strong>illum,</strong></span> <span class='ocrx_word' id='word_1_310' title='bbox 332 2482 526 2546; x_wconf 89' lang='lat' dir='ltr'><strong>quando</strong></span> <span class='ocrx_word' id='word_1_311' title='bbox 566 2482 707 2532; x_wconf 89' lang='lat' dir='ltr'><strong>stella</strong></span> <span class='ocrx_word' id='word_1_312' title='bbox 746 2486 851 2534; x_wconf 91' lang='lat' dir='ltr'><strong>sine</strong></span> <span class='ocrx_word' id='word_1_313' title='bbox 889 2490 1111 2549; x_wconf 89' lang='lat' dir='ltr'><strong>respectu</strong></span> <span class='ocrx_word' id='word_1_314' title='bbox 1151 2484 1280 2534; x_wconf 89' lang='lat' dir='ltr'><strong>Solis</strong></span> <span class='ocrx_word' id='word_1_315' title='bbox 1318 2498 1462 2549; x_wconf 90' lang='lat' dir='ltr'><strong>super</strong></span> <span class='ocrx_word' id='word_1_316' title='bbox 1503 2484 1805 2533; x_wconf 87' lang='lat' dir='ltr'><strong>horizontem</strong></span> <span class='ocrx_word' id='word_1_317' title='bbox 1843 2483 2141 2533; x_wconf 90' lang='lat' dir='ltr'><strong>mundanum</strong></span> <span class='ocrx_word' id='word_1_318' title='bbox 2183 2485 2385 2547; x_wconf 86' lang='lat' dir='ltr'><strong>emergit</strong></span> 
     </span>
     <span class='ocr_line' id='line_1_32' title="bbox 131 2554 791 2606; baseline 0.002 -1"><span class='ocrx_word' id='word_1_319' title='bbox 131 2554 208 2605; x_wconf 81' lang='lat' dir='ltr'><strong>vel</strong></span> <span class='ocrx_word' id='word_1_320' title='bbox 245 2556 338 2604; x_wconf 92' lang='lat' dir='ltr'><strong>sub</strong></span> <span class='ocrx_word' id='word_1_321' title='bbox 378 2570 489 2604; x_wconf 89' lang='lat' dir='ltr'><strong>eum</strong></span> <span class='ocrx_word' id='word_1_322' title='bbox 528 2555 791 2606; x_wconf 88' lang='lat' dir='ltr'><strong>descendit.</strong></span> 
     </span>
    </p>

    <p class='ocr_par' dir='ltr' id='par_1_8' title="bbox 129 2628 2384 2768">
     <span class='ocr_line' id='line_1_33' title="bbox 280 2628 2383 2695; baseline 0.001 -19"><span class='ocrx_word' id='word_1_323' title='bbox 280 2628 417 2692; x_wconf 78' lang='lat' dir='ltr'><strong>Quid</strong></span> <span class='ocrx_word' id='word_1_324' title='bbox 451 2635 519 2677; x_wconf 82' lang='lat' dir='ltr'><strong>cst</strong></span> <span class='ocrx_word' id='word_1_325' title='bbox 555 2634 694 2678; x_wconf 82' lang='lat' dir='ltr'><strong>ortus</strong></span> <span class='ocrx_word' id='word_1_326' title='bbox 733 2630 808 2677; x_wconf 85' lang='lat' dir='ltr'><strong>vel</strong></span> <span class='ocrx_word' id='word_1_327' title='bbox 846 2643 1046 2678; x_wconf 81' lang='lat' dir='ltr'><strong>occasus</strong></span> <span class='ocrx_word' id='word_1_328' title='bbox 1071 2629 1420 2693; x_wconf 77' lang='lat' dir='ltr'><strong>acronychus?</strong></span> <span class='ocrx_word' id='word_1_329' title='bbox 1458 2630 1775 2695; x_wconf 88' lang='lat' dir='ltr'><strong>Acronychus</strong></span> <span class='ocrx_word' id='word_1_330' title='bbox 1815 2633 1947 2679; x_wconf 90' lang='lat' dir='ltr'><strong>ortus</strong></span> <span class='ocrx_word' id='word_1_331' title='bbox 1975 2634 2062 2691; x_wconf 81' lang='lat' dir='ltr'><strong>est,</strong></span> <span class='ocrx_word' id='word_1_332' title='bbox 2106 2643 2214 2677; x_wconf 90' lang='lat' dir='ltr'><strong>cum</strong></span> <span class='ocrx_word' id='word_1_333' title='bbox 2240 2629 2383 2679; x_wconf 88' lang='lat' dir='ltr'><strong>stella</strong></span> 
     </span>
     <span class='ocr_line' id='line_1_34' title="bbox 129 2702 2384 2768; baseline 0.001 -20"><span class='ocrx_word' id='word_1_334' title='bbox 129 2702 178 2748; x_wconf 91' lang='lat' dir='ltr'><strong>in</strong></span> <span class='ocrx_word' id='word_1_335' title='bbox 216 2715 312 2749; x_wconf 91' lang='lat' dir='ltr'><strong>uno</strong></span> <span class='ocrx_word' id='word_1_336' title='bbox 352 2715 463 2750; x_wconf 90' lang='lat' dir='ltr'><strong>acro</strong></span> <span class='ocrx_word' id='word_1_337' title='bbox 503 2716 590 2751; x_wconf 89' lang='lat' dir='ltr'><strong>seu</strong></span> <span class='ocrx_word' id='word_1_338' title='bbox 628 2703 830 2751; x_wconf 90' lang='lat' dir='ltr'><strong>termino</strong></span> <span class='ocrx_word' id='word_1_339' title='bbox 867 2704 1037 2762; x_wconf 88' lang='lat' dir='ltr'><strong>noctis,</strong></span> <span class='ocrx_word' id='word_1_340' title='bbox 1079 2703 1128 2751; x_wconf 90' lang='lat' dir='ltr'><strong>id</strong></span> <span class='ocrx_word' id='word_1_341' title='bbox 1156 2710 1229 2752; x_wconf 89' lang='lat' dir='ltr'><strong>est</strong></span> <span class='ocrx_word' id='word_1_342' title='bbox 1267 2705 1314 2750; x_wconf 91' lang='lat' dir='ltr'><strong>in</strong></span> <span class='ocrx_word' id='word_1_343' title='bbox 1355 2703 1460 2766; x_wconf 78' lang='lat' dir='ltr'><strong>ejus</strong></span> <span class='ocrx_word' id='word_1_344' title='bbox 1494 2704 1733 2768; x_wconf 87' lang='lat' dir='ltr'><strong>principio</strong></span> <span class='ocrx_word' id='word_1_345' title='bbox 1772 2705 1924 2752; x_wconf 90' lang='lat' dir='ltr'><strong>oritur</strong></span> <span class='ocrx_word' id='word_1_346' title='bbox 1949 2716 2197 2764; x_wconf 86' lang='lat' dir='ltr'><strong>emergens</strong></span> <span class='ocrx_word' id='word_1_347' title='bbox 2238 2717 2384 2766; x_wconf 85' lang='lat' dir='ltr'><strong>supra</strong></span> 
     </span>
    </p>
   </div>
   <div class='ocr_carea' id='block_1_4' title="bbox 53 2773 2386 2839">
    <p class='ocr_par' dir='ltr' id='par_1_9' title="bbox 53 2773 2386 2839">
     <span class='ocr_line' id='line_1_35' title="bbox 53 2773 2386 2839; baseline 0.001 -19"><span class='ocrx_word' id='word_1_348' title='bbox 53 2816 55 2820; x_wconf 80' lang='grc'>,</span> <span class='ocrx_word' id='word_1_349' title='bbox 126 2773 451 2835; x_wconf 85' lang='lat' dir='ltr'><strong>horizontem,</strong></span> <span class='ocrx_word' id='word_1_350' title='bbox 506 2773 753 2824; x_wconf 87' lang='lat' dir='ltr'><strong>occidente</strong></span> <span class='ocrx_word' id='word_1_351' title='bbox 792 2774 907 2824; x_wconf 90' lang='lat' dir='ltr'><strong>Sole</strong></span> <span class='ocrx_word' id='word_1_352' title='bbox 955 2789 980 2824; x_wconf 93' lang='lat' dir='ltr'><strong>e</strong></span> <span class='ocrx_word' id='word_1_353' title='bbox 1031 2778 1242 2838; x_wconf 87' lang='lat' dir='ltr'><strong>regione.</strong></span> <span class='ocrx_word' id='word_1_354' title='bbox 1319 2775 1480 2825; x_wconf 90' lang='lat' dir='ltr'><strong>Plinio</strong></span> <span class='ocrx_word' id='word_1_355' title='bbox 1533 2785 1608 2826; x_wconf 91' lang='lat' dir='ltr'><strong>est</strong></span> <span class='ocrx_word' id='word_1_356' title='bbox 1661 2783 1794 2826; x_wconf 88' lang='lat' dir='ltr'><strong>ortus</strong></span> <span class='ocrx_word' id='word_1_357' title='bbox 1833 2777 2156 2839; x_wconf 85' lang='lat' dir='ltr'><strong>vespertinus.</strong></span> <span class='ocrx_word' id='word_1_358' title='bbox 2235 2774 2386 2824; x_wconf 90' lang='lat' dir='ltr'><strong>Addit</strong></span> 
     </span>
    </p>
   </div>
   <div class='ocr_carea' id='block_1_5' title="bbox 126 2847 2387 3424">
    <p class='ocr_par' dir='ltr' id='par_1_10' title="bbox 126 2847 2387 3116">
     <span class='ocr_line' id='line_1_36' title="bbox 127 2847 2386 2914; baseline 0.002 -21"><span class='ocrx_word' id='word_1_359' title='bbox 127 2847 305 2912; x_wconf 85' lang='lat' dir='ltr'><strong>vulgus</strong></span> <span class='ocrx_word' id='word_1_360' title='bbox 342 2847 628 2897; x_wconf 86' lang='lat' dir='ltr'><strong>hodiernum</strong></span> <span class='ocrx_word' id='word_1_361' title='bbox 682 2861 884 2897; x_wconf 83' lang='lat' dir='ltr'><strong>occasus</strong></span> <span class='ocrx_word' id='word_1_362' title='bbox 935 2848 1195 2914; x_wconf 86' lang='lat' dir='ltr'><strong>acronychi</strong></span> <span class='ocrx_word' id='word_1_363' title='bbox 1236 2848 1560 2899; x_wconf 84' lang='lat' dir='ltr'><strong>definitionem</strong></span> <span class='ocrx_word' id='word_1_364' title='bbox 1599 2849 1747 2910; x_wconf 88' lang='lat' dir='ltr'><strong>hanc,</strong></span> <span class='ocrx_word' id='word_1_365' title='bbox 1804 2863 1910 2897; x_wconf 91' lang='lat' dir='ltr'><strong>cum</strong></span> <span class='ocrx_word' id='word_1_366' title='bbox 1951 2848 2093 2897; x_wconf 86' lang='lat' dir='ltr'><strong>stella</strong></span> <span class='ocrx_word' id='word_1_367' title='bbox 2135 2847 2386 2899; x_wconf 85' lang='lat' dir='ltr'><strong>occidente</strong></span> 
     </span>
     <span class='ocr_line' id='line_1_37' title="bbox 126 2919 2384 2986; baseline 0.001 -17"><span class='ocrx_word' id='word_1_368' title='bbox 126 2919 241 2970; x_wconf 85' lang='lat' dir='ltr'><strong>Sole</strong></span> <span class='ocrx_word' id='word_1_369' title='bbox 279 2921 482 2981; x_wconf 87' lang='lat' dir='ltr'><strong>occidit,</strong></span> <span class='ocrx_word' id='word_1_370' title='bbox 540 2920 587 2968; x_wconf 91' lang='lat' dir='ltr'><strong>id</strong></span> <span class='ocrx_word' id='word_1_371' title='bbox 627 2927 700 2969; x_wconf 90' lang='lat' dir='ltr'><strong>est</strong></span> <span class='ocrx_word' id='word_1_372' title='bbox 738 2934 835 2969; x_wconf 90' lang='lat' dir='ltr'><strong>una</strong></span> <span class='ocrx_word' id='word_1_373' title='bbox 881 2935 990 2970; x_wconf 89' lang='lat' dir='ltr'><strong>cum</strong></span> <span class='ocrx_word' id='word_1_374' title='bbox 1029 2921 1156 2972; x_wconf 83' lang='lat' dir='ltr'><strong>Sole.</strong></span> <span class='ocrx_word' id='word_1_375' title='bbox 1231 2923 1337 2986; x_wconf 81' lang='lat' dir='ltr'><strong>Ego</strong></span> <span class='ocrx_word' id='word_1_376' title='bbox 1378 2922 1555 2971; x_wconf 88' lang='lat' dir='ltr'><strong>definio</strong></span> <span class='ocrx_word' id='word_1_377' title='bbox 1592 2936 1820 2972; x_wconf 86' lang='lat' dir='ltr'><strong>occasum</strong></span> <span class='ocrx_word' id='word_1_378' title='bbox 1861 2921 2216 2985; x_wconf 86' lang='lat' dir='ltr'><strong>acronychum,</strong></span> <span class='ocrx_word' id='word_1_379' title='bbox 2249 2935 2384 2980; x_wconf 21' lang='lat' dir='ltr'><strong>,cum</strong></span> 
     </span>
     <span class='ocr_line' id='line_1_38' title="bbox 133 2993 2387 3057; baseline 0 -15"><span class='ocrx_word' id='word_1_380' title='bbox 133 2993 275 3043; x_wconf 83' lang='lat' dir='ltr'><strong>stella</strong></span> <span class='ocrx_word' id='word_1_381' title='bbox 312 2995 360 3041; x_wconf 92' lang='lat' dir='ltr'><strong>in</strong></span> <span class='ocrx_word' id='word_1_382' title='bbox 402 2993 555 3043; x_wconf 87' lang='lat' dir='ltr'><strong>altero</strong></span> <span class='ocrx_word' id='word_1_383' title='bbox 595 3006 706 3042; x_wconf 88' lang='lat' dir='ltr'><strong>acro</strong></span> <span class='ocrx_word' id='word_1_384' title='bbox 745 3008 831 3042; x_wconf 89' lang='lat' dir='ltr'><strong>seu</strong></span> <span class='ocrx_word' id='word_1_385' title='bbox 869 2995 1075 3044; x_wconf 89' lang='lat' dir='ltr'><strong>termino</strong></span> <span class='ocrx_word' id='word_1_386' title='bbox 1115 2997 1286 3056; x_wconf 88' lang='lat' dir='ltr'><strong>noctis,</strong></span> <span class='ocrx_word' id='word_1_387' title='bbox 1327 2994 1375 3043; x_wconf 91' lang='lat' dir='ltr'><strong>id</strong></span> <span class='ocrx_word' id='word_1_388' title='bbox 1417 3000 1490 3044; x_wconf 90' lang='lat' dir='ltr'><strong>est</strong></span> <span class='ocrx_word' id='word_1_389' title='bbox 1527 2995 1576 3042; x_wconf 91' lang='lat' dir='ltr'><strong>in</strong></span> <span class='ocrx_word' id='word_1_390' title='bbox 1617 2996 1722 3057; x_wconf 84' lang='lat' dir='ltr'><strong>ejus</strong></span> <span class='ocrx_word' id='word_1_391' title='bbox 1763 2994 1856 3043; x_wconf 85' lang='lat' dir='ltr'><strong>fine</strong></span> <span class='ocrx_word' id='word_1_392' title='bbox 1885 2995 2087 3057; x_wconf 89' lang='lat' dir='ltr'><strong>occidit;</strong></span> <span class='ocrx_word' id='word_1_393' title='bbox 2128 2994 2288 3044; x_wconf 91' lang='lat' dir='ltr'><strong>Plinio</strong></span> <span class='ocrx_word' id='word_1_394' title='bbox 2315 3003 2387 3045; x_wconf 84' lang='lat' dir='ltr'><strong>est</strong></span> 
     </span>
     <span class='ocr_line' id='line_1_39' title="bbox 128 3068 652 3116; baseline 0 -2"><span class='ocrx_word' id='word_1_395' title='bbox 128 3078 333 3116; x_wconf 83' lang='lat' dir='ltr'><strong>occasus</strong></span> <span class='ocrx_word' id='word_1_396' title='bbox 370 3068 652 3115; x_wconf 88' lang='lat' dir='ltr'><strong>matutinus.</strong></span> 
     </span>
    </p>

    <p class='ocr_par' dir='ltr' id='par_1_11' title="bbox 128 3136 2385 3424">
     <span class='ocr_line' id='line_1_40' title="bbox 276 3136 2384 3203; baseline 0 -15"><span class='ocrx_word' id='word_1_397' title='bbox 276 3139 413 3203; x_wconf 80' lang='lat' dir='ltr'><strong>Quid</strong></span> <span class='ocrx_word' id='word_1_398' title='bbox 447 3145 514 3188; x_wconf 80' lang='lat' dir='ltr'><strong>cst</strong></span> <span class='ocrx_word' id='word_1_399' title='bbox 551 3145 692 3188; x_wconf 81' lang='lat' dir='ltr'><strong>crtus</strong></span> <span class='ocrx_word' id='word_1_400' title='bbox 730 3146 776 3187; x_wconf 80' lang='lat' dir='ltr'><strong>ct</strong></span> <span class='ocrx_word' id='word_1_401' title='bbox 812 3154 1013 3188; x_wconf 77' lang='lat' dir='ltr'><strong>occasus</strong></span> <span class='ocrx_word' id='word_1_402' title='bbox 1050 3139 1306 3188; x_wconf 82' lang='lat' dir='ltr'><strong>heliacus?</strong></span> <span class='ocrx_word' id='word_1_403' title='bbox 1327 3136 1394 3202; x_wconf 71' lang='lat'><strong>⁴¹²)</strong></span> <span class='ocrx_word' id='word_1_404' title='bbox 1449 3139 1612 3187; x_wconf 89' lang='lat' dir='ltr'><strong>Oritur</strong></span> <span class='ocrx_word' id='word_1_405' title='bbox 1651 3139 1794 3188; x_wconf 82' lang='lat' dir='ltr'><strong>stella</strong></span> <span class='ocrx_word' id='word_1_406' title='bbox 1831 3138 2035 3200; x_wconf 86' lang='lat' dir='ltr'><strong>heliacc,</strong></span> <span class='ocrx_word' id='word_1_407' title='bbox 2076 3139 2169 3190; x_wconf 89' lang='lat' dir='ltr'><strong>hoc</strong></span> <span class='ocrx_word' id='word_1_408' title='bbox 2195 3147 2269 3190; x_wconf 89' lang='lat' dir='ltr'><strong>est</strong></span> <span class='ocrx_word' id='word_1_409' title='bbox 2309 3143 2384 3189; x_wconf 90' lang='lat' dir='ltr'><strong>in-</strong></span> 
     </span>
     <span class='ocr_line' id='line_1_41' title="bbox 128 3211 2385 3278; baseline 0.001 -16"><span class='ocrx_word' id='word_1_410' title='bbox 128 3213 244 3277; x_wconf 84' lang='lat' dir='ltr'><strong>cipit</strong></span> <span class='ocrx_word' id='word_1_411' title='bbox 281 3227 529 3278; x_wconf 86' lang='lat' dir='ltr'><strong>apparere,</strong></span> <span class='ocrx_word' id='word_1_412' title='bbox 569 3211 778 3275; x_wconf 85' lang='lat' dir='ltr'><strong>quando,</strong></span> <span class='ocrx_word' id='word_1_413' title='bbox 821 3226 945 3275; x_wconf 83' lang='lat' dir='ltr'><strong>quae</strong></span> <span class='ocrx_word' id='word_1_414' title='bbox 983 3214 1115 3276; x_wconf 85' lang='lat' dir='ltr'><strong>prius</strong></span> <span class='ocrx_word' id='word_1_415' title='bbox 1154 3212 1341 3261; x_wconf 89' lang='lat' dir='ltr'><strong>latebat</strong></span> <span class='ocrx_word' id='word_1_416' title='bbox 1377 3211 1467 3259; x_wconf 86' lang='lat' dir='ltr'><strong>sub</strong></span> <span class='ocrx_word' id='word_1_417' title='bbox 1506 3211 1655 3259; x_wconf 88' lang='lat' dir='ltr'><strong>radiis</strong></span> <span class='ocrx_word' id='word_1_418' title='bbox 1695 3211 1838 3271; x_wconf 88' lang='lat' dir='ltr'><strong>Solis,</strong></span> <span class='ocrx_word' id='word_1_419' title='bbox 1879 3213 1949 3261; x_wconf 89' lang='lat' dir='ltr'><strong>sic</strong></span> <span class='ocrx_word' id='word_1_420' title='bbox 1985 3219 2039 3261; x_wconf 89' lang='lat' dir='ltr'><strong>ut</strong></span> <span class='ocrx_word' id='word_1_421' title='bbox 2078 3212 2250 3264; x_wconf 87' lang='lat' dir='ltr'><strong>eodem</strong></span> <span class='ocrx_word' id='word_1_422' title='bbox 2288 3216 2385 3264; x_wconf 81' lang='lat' dir='ltr'><strong>fere</strong></span> 
     </span>
     <span class='ocr_line' id='line_1_42' title="bbox 130 3284 2383 3349; baseline 0.001 -15"><span class='ocrx_word' id='word_1_423' title='bbox 130 3291 344 3349; x_wconf 82' lang='lat' dir='ltr'><strong>tempore</strong></span> <span class='ocrx_word' id='word_1_424' title='bbox 384 3301 491 3335; x_wconf 88' lang='lat' dir='ltr'><strong>cum</strong></span> <span class='ocrx_word' id='word_1_425' title='bbox 532 3285 646 3334; x_wconf 89' lang='lat' dir='ltr'><strong>Sole</strong></span> <span class='ocrx_word' id='word_1_426' title='bbox 686 3292 733 3333; x_wconf 89' lang='lat' dir='ltr'><strong>et</strong></span> <span class='ocrx_word' id='word_1_427' title='bbox 773 3290 986 3333; x_wconf 85' lang='lat' dir='ltr'><strong>oreretur</strong></span> <span class='ocrx_word' id='word_1_428' title='bbox 1026 3292 1073 3333; x_wconf 89' lang='lat' dir='ltr'><strong>et</strong></span> <span class='ocrx_word' id='word_1_429' title='bbox 1111 3285 1372 3345; x_wconf 85' lang='lat' dir='ltr'><strong>occideret,</strong></span> <span class='ocrx_word' id='word_1_430' title='bbox 1414 3284 1645 3348; x_wconf 86' lang='lat' dir='ltr'><strong>postridie</strong></span> <span class='ocrx_word' id='word_1_431' title='bbox 1685 3300 1710 3334; x_wconf 92' lang='lat' dir='ltr'><strong>e</strong></span> <span class='ocrx_word' id='word_1_432' title='bbox 1749 3285 1897 3334; x_wconf 88' lang='lat' dir='ltr'><strong>radiis</strong></span> <span class='ocrx_word' id='word_1_433' title='bbox 1937 3284 2065 3335; x_wconf 87' lang='lat' dir='ltr'><strong>Solis</strong></span> <span class='ocrx_word' id='word_1_434' title='bbox 2102 3289 2298 3336; x_wconf 88' lang='lat' dir='ltr'><strong>emersit</strong></span> <span class='ocrx_word' id='word_1_435' title='bbox 2334 3290 2383 3335; x_wconf 87' lang='lat' dir='ltr'><strong>in</strong></span> 
     </span>
     <span class='ocr_line' id='line_1_43' title="bbox 130 3356 2383 3424; baseline 0.001 -18"><span class='ocrx_word' id='word_1_436' title='bbox 130 3364 328 3419; x_wconf 83' lang='lat' dir='ltr'><strong>tantum,</strong></span> <span class='ocrx_word' id='word_1_437' title='bbox 368 3366 421 3407; x_wconf 91' lang='lat' dir='ltr'><strong>ut</strong></span> <span class='ocrx_word' id='word_1_438' title='bbox 456 3357 570 3407; x_wconf 89' lang='lat' dir='ltr'><strong>Sole</strong></span> <span class='ocrx_word' id='word_1_439' title='bbox 608 3358 790 3407; x_wconf 88' lang='lat' dir='ltr'><strong>latente</strong></span> <span class='ocrx_word' id='word_1_440' title='bbox 831 3358 921 3405; x_wconf 86' lang='lat' dir='ltr'><strong>sub</strong></span> <span class='ocrx_word' id='word_1_441' title='bbox 962 3356 1211 3405; x_wconf 85' lang='lat' dir='ltr'><strong>horizonte</strong></span> <span class='ocrx_word' id='word_1_442' title='bbox 1258 3359 1367 3420; x_wconf 83' lang='lat' dir='ltr'><strong>ipsa</strong></span> <span class='ocrx_word' id='word_1_443' title='bbox 1405 3359 1608 3422; x_wconf 86' lang='lat' dir='ltr'><strong>primum</strong></span> <span class='ocrx_word' id='word_1_444' title='bbox 1663 3360 1790 3408; x_wconf 88' lang='lat' dir='ltr'><strong>cerni</strong></span> <span class='ocrx_word' id='word_1_445' title='bbox 1831 3361 2009 3422; x_wconf 87' lang='lat' dir='ltr'><strong>possit,</strong></span> <span class='ocrx_word' id='word_1_446' title='bbox 2059 3360 2264 3424; x_wconf 86' lang='lat' dir='ltr'><strong>jamjam</strong></span> <span class='ocrx_word' id='word_1_447' title='bbox 2305 3361 2383 3409; x_wconf 92' lang='lat' dir='ltr'><strong>vel</strong></span> 
     </span>
    </p>
   </div>
   <div class='ocr_carea' id='block_1_6' title="bbox 135 3427 2481 3498">
    <p class='ocr_par' dir='ltr' id='par_1_12' title="bbox 135 3427 2481 3498">
     <span class='ocr_line' id='line_1_44' title="bbox 135 3427 2481 3498; baseline 0.003 -21"><span class='ocrx_word' id='word_1_448' title='bbox 135 3431 415 3480; x_wconf 84' lang='lat' dir='ltr'><strong>occubitura</strong></span> <span class='ocrx_word' id='word_1_449' title='bbox 451 3432 542 3481; x_wconf 88' lang='lat' dir='ltr'><strong>sub</strong></span> <span class='ocrx_word' id='word_1_450' title='bbox 591 3431 888 3479; x_wconf 87' lang='lat' dir='ltr'><strong>horizontem</strong></span> <span class='ocrx_word' id='word_1_451' title='bbox 931 3430 1007 3477; x_wconf 87' lang='lat' dir='ltr'><strong>vel</strong></span> <span class='ocrx_word' id='word_1_452' title='bbox 1049 3429 1399 3487; x_wconf 73' lang='lat' dir='ltr'><strong>exstinguenda</strong></span> <span class='ocrx_word' id='word_1_453' title='bbox 1446 3427 1507 3494; x_wconf 89' lang='lat' dir='ltr'><strong>(si</strong></span> <span class='ocrx_word' id='word_1_454' title='bbox 1547 3437 1652 3479; x_wconf 89' lang='lat' dir='ltr'><strong>orta</strong></span> <span class='ocrx_word' id='word_1_455' title='bbox 1690 3438 1763 3480; x_wconf 88' lang='lat' dir='ltr'><strong>est</strong></span> <span class='ocrx_word' id='word_1_456' title='bbox 1800 3445 1858 3480; x_wconf 88' lang='lat' dir='ltr'><strong>ex</strong></span> <span class='ocrx_word' id='word_1_457' title='bbox 1895 3431 2173 3498; x_wconf 89' lang='lat' dir='ltr'><strong>horizonte)</strong></span> <span class='ocrx_word' id='word_1_458' title='bbox 2212 3447 2384 3498; x_wconf 87' lang='lat' dir='ltr'><strong>super·</strong></span> <span class='ocrx_word' id='word_1_459' title='bbox 2476 3468 2481 3483; x_wconf 87' lang='lat'><strong>.</strong></span> 
     </span>
    </p>
   </div>
   <div class='ocr_carea' id='block_1_7' title="bbox 13 3496 2380 3571">
    <p class='ocr_par' dir='ltr' id='par_1_13' title="bbox 13 3496 2380 3571">
     <span class='ocr_line' id='line_1_45' title="bbox 13 3496 2380 3571; baseline 0.002 -22"><span class='ocrx_word' id='word_1_460' title='bbox 13 3547 16 3561; x_wconf 76' lang='grc'>,</span> <span class='ocrx_word' id='word_1_461' title='bbox 80 3498 85 3505; x_wconf 75' lang='grc'><strong>”</strong></span> <span class='ocrx_word' id='word_1_462' title='bbox 131 3510 278 3551; x_wconf 84' lang='lat' dir='ltr'><strong>ventu</strong></span> <span class='ocrx_word' id='word_1_463' title='bbox 315 3503 437 3553; x_wconf 90' lang='lat' dir='ltr'><strong>lucis</strong></span> <span class='ocrx_word' id='word_1_464' title='bbox 478 3504 692 3553; x_wconf 85' lang='lat' dir='ltr'><strong>diurnae.</strong></span> <span class='ocrx_word' id='word_1_465' title='bbox 770 3502 959 3552; x_wconf 80' lang='lat' dir='ltr'><strong>Occidit</strong></span> <span class='ocrx_word' id='word_1_466' title='bbox 1010 3502 1152 3550; x_wconf 84' lang='lat' dir='ltr'><strong>stella</strong></span> <span class='ocrx_word' id='word_1_467' title='bbox 1202 3496 1387 3551; x_wconf 87' lang='lat' dir='ltr'><strong>heliace</strong></span> <span class='ocrx_word' id='word_1_468' title='bbox 1437 3517 1525 3552; x_wconf 89' lang='lat' dir='ltr'><strong>seu</strong></span> <span class='ocrx_word' id='word_1_469' title='bbox 1563 3503 1855 3565; x_wconf 89' lang='lat' dir='ltr'><strong>occultatur,</strong></span> <span class='ocrx_word' id='word_1_470' title='bbox 1910 3520 2036 3568; x_wconf 87' lang='lat' dir='ltr'><strong>quae</strong></span> <span class='ocrx_word' id='word_1_471' title='bbox 2087 3520 2195 3556; x_wconf 90' lang='lat' dir='ltr'><strong>cum</strong></span> <span class='ocrx_word' id='word_1_472' title='bbox 2234 3509 2380 3571; x_wconf 66' lang='lat' dir='ltr'><strong>prim,</strong></span> 
     </span>
    </p>
   </div>
   <div class='ocr_carea' id='block_1_8' title="bbox 131 3573 2384 3922">
    <p class='ocr_par' dir='ltr' id='par_1_14' title="bbox 131 3573 2384 3922">
     <span class='ocr_line' id='line_1_46' title="bbox 134 3573 2382 3643; baseline 0.002 -20"><span class='ocrx_word' id='word_1_473' title='bbox 134 3573 249 3624; x_wconf 86' lang='lat' dir='ltr'><strong>Sole</strong></span> <span class='ocrx_word' id='word_1_474' title='bbox 285 3589 381 3623; x_wconf 88' lang='lat' dir='ltr'><strong>non</strong></span> <span class='ocrx_word' id='word_1_475' title='bbox 419 3577 625 3624; x_wconf 89' lang='lat' dir='ltr'><strong>multum</strong></span> <span class='ocrx_word' id='word_1_476' title='bbox 664 3577 786 3624; x_wconf 82' lang='lat' dir='ltr'><strong>infra</strong></span> <span class='ocrx_word' id='word_1_477' title='bbox 824 3577 1123 3624; x_wconf 85' lang='lat' dir='ltr'><strong>horizontem</strong></span> <span class='ocrx_word' id='word_1_478' title='bbox 1150 3588 1321 3634; x_wconf 89' lang='lat' dir='ltr'><strong>mers0,</strong></span> <span class='ocrx_word' id='word_1_479' title='bbox 1362 3574 1521 3624; x_wconf 86' lang='lat' dir='ltr'><strong>adhuc</strong></span> <span class='ocrx_word' id='word_1_480' title='bbox 1559 3583 1831 3626; x_wconf 89' lang='lat' dir='ltr'><strong>cerneretur</strong></span> <span class='ocrx_word' id='word_1_481' title='bbox 1855 3591 2016 3643; x_wconf 86' lang='lat' dir='ltr'><strong>supra,</strong></span> <span class='ocrx_word' id='word_1_482' title='bbox 2052 3579 2155 3642; x_wconf 87' lang='lat' dir='ltr'><strong>jam</strong></span> <span class='ocrx_word' id='word_1_483' title='bbox 2196 3581 2243 3626; x_wconf 91' lang='lat' dir='ltr'><strong>in</strong></span> <span class='ocrx_word' id='word_1_484' title='bbox 2270 3585 2382 3627; x_wconf 88' lang='lat' dir='ltr'><strong>tan-</strong></span> 
     </span>
     <span class='ocr_line' id='line_1_47' title="bbox 131 3647 2382 3710; baseline 0.002 -15"><span class='ocrx_word' id='word_1_485' title='bbox 131 3651 232 3695; x_wconf 84' lang='lat' dir='ltr'><strong>tum</strong></span> <span class='ocrx_word' id='word_1_486' title='bbox 270 3662 375 3697; x_wconf 86' lang='lat' dir='ltr'><strong>sese</strong></span> <span class='ocrx_word' id='word_1_487' title='bbox 413 3649 628 3698; x_wconf 87' lang='lat' dir='ltr'><strong>condidit</strong></span> <span class='ocrx_word' id='word_1_488' title='bbox 666 3649 794 3698; x_wconf 88' lang='lat' dir='ltr'><strong>Solis</strong></span> <span class='ocrx_word' id='word_1_489' title='bbox 833 3648 1004 3708; x_wconf 82' lang='lat' dir='ltr'><strong>radiis,</strong></span> <span class='ocrx_word' id='word_1_490' title='bbox 1051 3654 1104 3695; x_wconf 90' lang='lat' dir='ltr'><strong>ut</strong></span> <span class='ocrx_word' id='word_1_491' title='bbox 1141 3647 1398 3710; x_wconf 84' lang='lat' dir='ltr'><strong>postridie,</strong></span> <span class='ocrx_word' id='word_1_492' title='bbox 1451 3656 1555 3698; x_wconf 87' lang='lat' dir='ltr'><strong>orta</strong></span> <span class='ocrx_word' id='word_1_493' title='bbox 1593 3664 1650 3698; x_wconf 89' lang='lat' dir='ltr'><strong>ex</strong></span> <span class='ocrx_word' id='word_1_494' title='bbox 1690 3650 1942 3700; x_wconf 88' lang='lat' dir='ltr'><strong>horizonte</strong></span> <span class='ocrx_word' id='word_1_495' title='bbox 1980 3651 2058 3700; x_wconf 90' lang='lat' dir='ltr'><strong>vei</strong></span> <span class='ocrx_word' id='word_1_496' title='bbox 2100 3653 2382 3700; x_wconf 87' lang='lat' dir='ltr'><strong>occubitura</strong></span> 
     </span>
     <span class='ocr_line' id='line_1_48' title="bbox 133 3718 2381 3787; baseline 0.003 -21"><span class='ocrx_word' id='word_1_497' title='bbox 133 3718 224 3766; x_wconf 86' lang='lat' dir='ltr'><strong>sub</strong></span> <span class='ocrx_word' id='word_1_498' title='bbox 260 3718 409 3781; x_wconf 88' lang='lat' dir='ltr'><strong>illum,</strong></span> <span class='ocrx_word' id='word_1_499' title='bbox 449 3724 576 3770; x_wconf 87' lang='lat' dir='ltr'><strong>cerni</strong></span> <span class='ocrx_word' id='word_1_500' title='bbox 617 3722 823 3786; x_wconf 84' lang='lat' dir='ltr'><strong>amplius</strong></span> <span class='ocrx_word' id='word_1_501' title='bbox 862 3736 957 3769; x_wconf 88' lang='lat' dir='ltr'><strong>non</strong></span> <span class='ocrx_word' id='word_1_502' title='bbox 999 3722 1165 3783; x_wconf 83' lang='lat' dir='ltr'><strong>possit.</strong></span> <span class='ocrx_word' id='word_1_503' title='bbox 1241 3719 1334 3769; x_wconf 90' lang='lat' dir='ltr'><strong>Illa</strong></span> <span class='ocrx_word' id='word_1_504' title='bbox 1372 3723 1547 3771; x_wconf 86' lang='lat' dir='ltr'><strong>rectius</strong></span> <span class='ocrx_word' id='word_1_505' title='bbox 1586 3725 1824 3787; x_wconf 87' lang='lat' dir='ltr'><strong>apparitio</strong></span> <span class='ocrx_word' id='word_1_506' title='bbox 1863 3739 1947 3772; x_wconf 89' lang='lat' dir='ltr'><strong>seu</strong></span> <span class='ocrx_word' id='word_1_507' title='bbox 1989 3726 2217 3783; x_wconf 83' lang='lat' dir='ltr'><strong>emersiO,</strong></span> <span class='ocrx_word' id='word_1_508' title='bbox 2259 3725 2381 3773; x_wconf 88' lang='lat' dir='ltr'><strong>haec</strong></span> 
     </span>
     <span class='ocr_line' id='line_1_49' title="bbox 136 3790 2384 3854; baseline 0.002 -16"><span class='ocrx_word' id='word_1_509' title='bbox 136 3790 392 3841; x_wconf 80' lang='lat' dir='ltr'><strong>occultatio</strong></span> <span class='ocrx_word' id='word_1_510' title='bbox 440 3793 689 3843; x_wconf 86' lang='lat' dir='ltr'><strong>diceretur.</strong></span> <span class='ocrx_word' id='word_1_511' title='bbox 779 3799 965 3844; x_wconf 79' lang='lat' dir='ltr'><strong>(Plinius</strong></span> <span class='ocrx_word' id='word_1_512' title='bbox 1010 3796 1081 3839; x_wconf 84' lang='lat' dir='ltr'><strong>lib.</strong></span> <span class='ocrx_word' id='word_1_513' title='bbox 1126 3795 1290 3839; x_wconf 84' lang='lat' dir='ltr'>XVIII.</span> <span class='ocrx_word' id='word_1_514' title='bbox 1332 3810 1426 3854; x_wconf 85' lang='lat' dir='ltr'><strong>cap.</strong></span> <span class='ocrx_word' id='word_1_515' title='bbox 1471 3798 1548 3843; x_wconf 79' lang='lat'><strong>25:</strong></span> <span class='ocrx_word' id='word_1_516' title='bbox 1590 3801 1915 3846; x_wconf 66' lang='lat' dir='ltr'><strong>autadventu</strong></span> <span class='ocrx_word' id='word_1_517' title='bbox 1946 3800 2068 3845; x_wconf 75' lang='lat' dir='ltr'><strong>Solis</strong></span> <span class='ocrx_word' id='word_1_518' title='bbox 2099 3801 2384 3845; x_wconf 77' lang='lat' dir='ltr'><strong>occultantur</strong></span> 
     </span>
     <span class='ocr_line' id='line_1_50' title="bbox 134 3858 2379 3922; baseline 0.002 -17"><span class='ocrx_word' id='word_1_519' title='bbox 134 3858 285 3906; x_wconf 68' lang='lat' dir='ltr'><strong>masc</strong></span> <span class='ocrx_word' id='word_1_520' title='bbox 314 3865 355 3908; x_wconf 71' lang='lat' dir='ltr'><strong>st</strong></span> <span class='ocrx_word' id='word_1_521' title='bbox 383 3865 582 3920; x_wconf 79' lang='lat' dir='ltr'><strong>conspici</strong></span> <span class='ocrx_word' id='word_1_522' title='bbox 611 3864 837 3919; x_wconf 76' lang='lat' dir='ltr'><strong>desinunt,</strong></span> <span class='ocrx_word' id='word_1_523' title='bbox 868 3869 949 3909; x_wconf 72' lang='lat' dir='ltr'><strong>aut</strong></span> <span class='ocrx_word' id='word_1_524' title='bbox 980 3863 1178 3917; x_wconf 69' lang='lat' dir='ltr'><strong>ejusdcm</strong></span> <span class='ocrx_word' id='word_1_525' title='bbox 1198 3862 1406 3909; x_wconf 77' lang='lat' dir='ltr'><strong>abscessu</strong></span> <span class='ocrx_word' id='word_1_526' title='bbox 1429 3865 1673 3922; x_wconf 74' lang='lat' dir='ltr'><strong>proferunt</strong></span> <span class='ocrx_word' id='word_1_527' title='bbox 1702 3879 1761 3912; x_wconf 86' lang='lat' dir='ltr'><strong>se.</strong></span> <span class='ocrx_word' id='word_1_528' title='bbox 1821 3866 2063 3911; x_wconf 81' lang='lat' dir='ltr'><strong>Emcrsum</strong></span> <span class='ocrx_word' id='word_1_529' title='bbox 2093 3866 2177 3912; x_wconf 80' lang='lat' dir='ltr'><strong>hoc</strong></span> <span class='ocrx_word' id='word_1_530' title='bbox 2207 3866 2379 3922; x_wconf 70' lang='lat' dir='ltr'><strong>melius,</strong></span> 
     </span>
    </p>
   </div>
  </div>
 </body>
</html>
