2554 4140
186 111 287 166 698
939 107 1216 152 Tabularum
1245 91 1633 166 Rudolphinaium

183 254 537 310 praeconceptae
568 249 803 306 opiniones
843 252 991 296 animo
1023 251 1252 341 expellere
1285 252 1466 307 jussum
1503 253 1631 300 novis
1672 259 1718 299 et
1744 255 1857 302 111110
1882 255 2058 302 calculo
2097 254 2290 312 1110111118
2319 255 2427 320 ima-

182 320 358 378 ginibus
388 319 669 362 instruerem.

219 433 222 436 Α
317 383 434 460 Quid
471 383 591 440 quod
624 397 732 428 cum
770 382 1059 438 simplicitate
1088 383 1453 441 suppositionum
1482 383 1730 441 lunarium,
1774 399 1858 443 per
1895 387 1980 432 has
2024 387 2288 432 novationes
2319 399 2425 431 008·

180 450 378 504 stitutaj
409 453 552 494 certat
582 447 800 493 mirabilis
830 447 1071 493 effectuum
1097 450 1302 506 ipsorum
1331 448 1549 504 varietas,
1597 454 1648 493 ut
1677 451 1819 505 primo
1850 457 2039 512 aspectu
2078 464 2194 508 pene
2224 452 2429 498 videatur

179 513 457 570 incredibile,
489 527 546 559 ex
575 514 736 571 positis
758 520 851 559 tam
873 515 1188 571 paucissequi
1219 519 1311 558 tam
1340 514 1499 558 multa.¹
1554 515 1754 569 Itaque·
1742 530 1788 559 m
1808 517 2042 572 Epitomes
2062 519 2184 562 Astr.
2215 518 2330 562 libro
2352 519 2433 571 IV„

178 593 222 634 p.
242 579 317 624 IV.
344 577 462 637 (3'01)
478 583 524 623 et
546 592 573 623 a
593 578 702 622 folio
725 579 811 624 778
833 584 959 632 (461)
979 593 1062 636 per
1082 581 1139 625 40
1161 580 1248 635 (18)
1281 579 1516 624 continuas
1538 579 1677 625 facies
1698 581 1840 627 multa
1861 582 2178 637 quidem-sunt
2192 583 2428 640 explicata,

176 648 222 686 at
242 643 434 688 schema
464 644 647 689 unicum
680 643 999 704 exprimendae
1030 645 1311 689 omnimodae
1342 645 1549 690 varietati
1587 658 1871 703 nequaquam
1899 646 2089 702 sufficit,
2130 649 2210 693 sed
2240 648 2429 698 totidem

177 709 356 752 omnino
388 709 692 755 schematibus
724 715 794 753 est
824 723 962 766 opus,
996 716 1105 766 quot
1135 709 1210 754 hic
1240 709 1448 754 exhibeo.

323 774 411 819 Sed
442 775 618 820 accedit
657 776 817 820 ceteris
849 788 989 820 causa
1020 780 1171 831 sexta,
1214 780 1265 819 ut
1294 775 1565 832 praecipua,
1610 788 1691 820 cur
1719 775 1793 819 hic
1833 774 2146 832 explicandam
2175 780 2428 832 censuerim

176 840 469 897 hypothesin,
511 841 634 897 quod
662 841 882 897 calculus,
923 847 975 885 ut
1004 839 1133 886 esset'
1157 841 1304 886 minus
1346 837 1574 894 morosus,
1616 841 1672 885 ab
1709 841 1895 899 ingenio.
1927 841 2232 898 hypotheseos
2261 843 2308 887 in
2339 857 2430 888 una

176 910 306 961 parte
336 905 487 951 differt
517 908 653 964 idque
685 906 1014 968 quodammodo
1047 906 1257 950 occultat.
1317 905 1460 963 Igitur
1480 906 1605 951 haud
1627 907 1849 963 cujusque
1870 906 2021 963 fuerit,
2054 906 2277 952 calculum
2305 908 2428 954 hunc

177 983 278 1015 cum
305 970 548 1028 hypothesi
578 984 769 1028 cumque
797 971 1012 1028 Epitoma
1045 984 1311 1028 comparare
1338 984 1586 1029 verumque
1617 972 1714 1029 ejus
1750 971 2090 1018 fundamentum
2120 985 2297 1029 eruere,
2343 974 2430 1018 nisi

175 1036 277 1092 quis
304 1035 392 1080 hac
421 1035 718 1089 instructione
751 1037 1003 1093 adjuvetur.
1062 1036 1323 1094 Itaspero,
1370 1037 1584 1083 lectorem
1630 1034 1892 1094 ponderatis
1922 1038 1994 1081 his
2025 1037 2135 1083 meis
2167 1038 2314 1083 causis
2355 1052 2428 1083 ve-

99 1116 102 1119 ·
174 1102 294 1148 niam
323 1100 576 1158 prolixitati
605 1102 873 1159 largiturum
903 1108 950 1147 et
981 1101 1237 1148 confusioni
1266 1116 1432 1159 rerum,
1463 1116 1580 1160 quas
1612 1102 1689 1147 8111
1718 1102 1846 1147 1111118
1869 1102 2235 1159 editionibusque
2266 1103 2427 1148 distin-

175 1167 252 1225 gui
282 1172 589 1223 cognatasque
617 1167 665 1212 in
696 1182 834 1214 unum
865 1181 1074 1214 acervum
1104 1170 1263 1215 referri
1291 1171 1528 1255 pulchrius
1558 1169 1750 1215 forsitan
1781 1169 1945 1216 fuisset
1972 1170 2187 1228 futurum,
2221 1171 2430 1216 aestima·
2463 1205 2467 1210 .

174 1240 325 1280 turum
355 1245 471 1278 esse.

317 1309 412 1349 Jam
441 1312 642 1362 proponit
670 1312 873 1363 Keplerus
912 1314 1123 1354 schemata
1154 1318 1268 1366 octo,
1317 1314 1367 1353 110
1399 1316 1553 1367 quibus
1583 1325 1707 1364 supra
1737 1311 1813 1355 fol.
1843 1313 1943 1353 580.
1977 1283 2323 1372 diximus-eaque
2353 1324 2429 1352 sx-

177 1377 309 1426 plieat
349 1382 389 1418 et
418 1381 465 1418 in
493 1382 612 1418 textu
644 1379 752 1418 sicut
789 1380 834 1419 in
865 1382 1147 1431 manuscripto
1191 1382 1250 1421 sic
1279 1382 1432 1432 pergit:
1479 1373 1795 1423 Manentibus
1844 1370 1991 1435 igitur
2037 1373 2208 1420 ceteris
2260 1372 2427 1434 literis,

175 1443 236 1492 ad
275 1445 487 1496 solutam
525 1447 819 1495 anomaliam
856 1449 1221 1510 pertinentibus,
1254 1449 1359 1511 Jam
1384 1447 1465 1496 ΙΜ
1493 1455 1566 1497 est
1599 1439 1966 1494 illuminationis
2005 1444 2171 1492 circuli
2197 1444 2432 1494 diameter

175 1516 425 1580 producta,
466 1521 543 1569 cui
582 1519 644 1567 ad
682 1527 838 1568 rectos
867 1525 941 1569 est
979 1520 1106 1569 STV
1144 1521 1274 1570 linea
1314 1503 1613 1585 copularum,
1649 1524 1696 1568 et
1722 1518 1800 1567 ΤΒ
1840 1520 1887 1565 in
1927 1517 2092 1566 Solem
2132 1517 2298 1579 tendit,
2339 1517 2431 1566 TV

174 1592 224 1636 in
262 1592 460 1642 umbrae
499 1592 675 1641 Terrae
727 1592 914 1653 locum,
955 1592 1058 1642 Soli
1098 1596 1402 1659 oppositum3
1453 1588 1502 1641 id
1540 1591 1824 1642 medietates
1872 1592 2018 1640 etiam
2066 1589 2282 1658 indicant
2320 1591 2451 1654 glo-'

174 1661 276 1710 buli
313 1663 505 1727 Terrae,
546 1665 764 1730 superior
802 1681 833 1715 a
871 1664 985 1715 Sole
1023 1667 1317 1727 illuminata,
1365 1667 1563 1716 inferior
1600 1669 1648 1712 in
1687 1665 1906 1714 umbram
1946 1677 2088 1712 versa
2138 1673 2256 1713 snae
2307 1678 2436 1727 opa-.

175 1737 349 1786 citatis.
428 1739 776 1802 concipiuntur
829 1745 993 1790 autem
1041 1739 1127 1789 Sol
1178 1747 1226 1790 et
1263 1740 1414 1790 Terra
1461 1744 1682 1804 respectu
1730 1737 1876 1801 hujus
1915 1736 2112 1787 char-tae
2161 1736 2299 1787 velut
2335 1739 2430 1786 im-

173 1810 402 1873 mobiles,
444 1818 499 1861 ut
535 1811 622 1861 Sol
658 1811 858 1861 Terram
895 1829 927 1862 8
963 1815 1200 1877 superiori
1238 1815 1345 1863 loco
1385 1812 1638 1868 illuminet.
1735 1853 1742 1859 .

318 1884 415 1924 Jam
435 1885 766 1936 manuscriptum
786 1886 939 1936 pergit:
974 1882 1106 1939 Quod
1133 1883 1271 1940 igitur
1299 1883 1460 1929 attinet
1481 1882 1703 1928 theoriam
1723 1882 1896 1937 Lunae,
1929 1880 2085 1925 orbem
2106 1893 2168 1937 sc.
2194 1881 2292 1936 ejus
2314 1880 2433 1926 circa

178 1949 365 1994 Terram
396 1943 664 2005 ordinatum,
697 1948 784 1993 hoc
814 1948 892 1993 illa
923 1948 979 1993 ad
1011 1962 1206 2006 unguem
1238 1956 1307 1995 est
1339 1949 1496 1995 similis
1528 1948 1724 2005 planetis
1755 1946 1940 2003 ceteris,
1976 1951 2205 2002 'quantum
2232 1947 2281 1992 in
2313 1959 2430 2005 8080.

174 2017 384 2060 Movetur
426 2016 544 2060 enim
585 2015 705 2059 circa
736 2014 921 2059 Terram
964 2015 1112 2060 causis
1154 2014 1461 2071 naturalibus,
1507 2013 1731 2068 circulum,
1765 2025 1900 2070 quam
1929 2012 2135 2068 proxime
2177 2011 2430 2070 perfectum

175 2081 497 2139 efficientibus3
542 2094 645 2127 nam
691 2093 808 2138 quae
855 2094 913 2125 ex
941 2081 1068 2138 Epit.
1097 2083 1221 2127 Astr.
1263 2080 1342 2125 fol.
1373 2081 1461 2127 800
1493 2082 1610 2139 (470)
1650 2084 1809 2125 contra
1844 2076 2035 2134 produci
2071 2084 2287 2136 possunt,
2332 2078 2430 2124 nul·
2460 2100 2463 2103 ·

178 2148 265 2194 lius
297 2154 404 2194 sunt
432 2149 662 2194 momenti.
723 2148 868 2204 Quam
900 2147 958 2192 ob
989 2160 1083 2191 rem
1116 2148 1250 2192 etiam
1287 2147 1487 2204 pingitur
1526 2147 1612 2191 iter
1642 2145 1784 2192 centri
1814 2144 1972 2189 Lunae
2010 2144 2055 2188 in
2086 2143 2232 2189 forma
2260 2143 2428 2199 circuli,

182 2213 267 2258 etsi
297 2213 410 2258 nulli
440 2219 548 2258 sunt
579 2215 711 2260 orbes
743 2211 891 2258 solidi.
954 2212 1041 2256 Est
1086 2218 1238 2257 autem
1282 2213 1477 2257 circulus
1516 2212 1593 2258 ille
1635 2211 1939 2266 eccentricus,
1985 2215 2140 2255 centro
2174 2211 2206 2254 C
2238 2216 2320 2264 (fig.
2351 2214 2431 2270 3.);

180 2279 302 2336 quod
333 2284 538 2324 centrum
569 2282 667 2336 (8011
711 2279 810 2338 eJus
840 2278 961 2324 linea
991 2284 1139 2324 motus
1173 2279 1244 2324 CT
1285 2279 1522 2337 producta)
1564 2279 1710 2336 spatio
1751 2292 1971 2324 annorum
2001 2278 2086 2334 8¹l2
2125 2278 2209 2323 sub
2247 2278 2432 2325 zodiaco

179 2345 388 2390 circumit
417 2346 463 2390 in
495 2345 726 2402 signorum
758 2346 1106 2402 consequentia,
1147 2345 1407 2391 describens
1436 2345 1526 2392 hoc
1555 2351 1679 2391 motu
1711 2342 1943 2391 circellum
1970 2343 2091 2388 circa
2121 2343 2326 2401 Terram,
2358 2344 2435 2400 qui

175 2411 222 2455 iu
255 2411 557 2456 schematibus
589 2413 796 2458 omnibus
828 2417 897 2456 est
926 2413 1106 2470 pictus;
1143 2413 1302 2470 quales
1334 2413 1539 2459 cit-cellos
1567 2407 1707 2458 etiam
1737 2417 1986 2457 ceterorum
2006 2409 2301 2466 ,planetarum
2330 2423 2432 2455 008-

178 2483 248 2522 tra
278 2477 645 2534 eccentricorum‚
677 2477 878 2525 sidetur
908 2483 1087 2536 tempus
1119 2481 1229 2525 satis
1262 2479 1458 2536 longum,
1491 2479 1801 2525 describerent
1832 2478 1952 2522 circa
1977 2489 2142 2533 corpus
2165 2474 2282 2522 Solis
2314 2476 2435 2533 apud

178 2542 452 2600 Tychonem.
513 2543 600 2588 Est
627 2543 766 2600 igitur
797 2542 917 2588 linea
948 2544 1158 2602 apsidum
1189 2549 1276 2596 (cfr.
1299 2560 1342 2599 p.
1366 2546 1483 2602 581.)
1517 2578 1527 2590 .
1550 2578 1559 2588 .
1585 2577 1597 2589 .
1626 2543 1841 2589 mediocri
1870 2540 2124 2587 intervallo.
2176 2542 2279 2586 Erit
2295 2541 2434 2599 igitur

177 2609 216 2653 G
245 2608 480 2665 longitudo
521 2609 686 2666 prima,
734 2610 774 2653 D
808 2609 1021 2655 secunda.
1078 2610 1169 2655 Hic
1207 2615 1278 2654 est
1318 2610 1461 2654 omnis
1499 2614 1747 2666 apparatus
1786 2607 2117 2665 hypotheseos,
2160 2605 2308 2663 quoad
2337 2606 2433 2651 lon·

180 2677 442 2734 gitudinem.
505 2676 812 2732 Quaecunque
843 2676 982 2732 igitur
1013 2676 1068 2720 de
1097 2676 1292 2734 planetis
1325 2675 1487 2720 ceteris
1518 2680 1625 2720 sunt
1656 2673 1797 2729 dicta,
1840 2685 1893 2717 ea
1922 2671 2095 2725 ratione
2126 2671 2262 2728 hujus
2292 2670 2432 2727 hypo-

178 2743 362 2788 theseos
395 2742 530 2786 etiam
558 2740 605 2784 in
636 2741 813 2787 Lunam
846 2741 1084 2798 quadrant.
1145 2741 1392 2798 Propterea
1424 2739 1560 2785 etiam
1599 2739 1756 2784 tabula
1786 2737 2106 2795 aequationum
2140 2750 2221 2783 seu
2252 2750 2432 2782 anoma-

176 2809 263 2852 liae
296 2812 573 2864 coaequatae
604 2811 674 2852 est
706 2811 966 2851 constructa
996 2805 1131 2863 plane
1163 2805 1319 2850 similis
1342 2806 1518 2862 ceteriS,
1551 2803 1638 2848 nisi
1669 2804 1788 2861 quod
1812 2803 2095 2848 intervallum
2117 2816 2198 2848 8011
2221 2802 2432 2848 distantia

176 2874 333 2918 Lunae
364 2887 391 2918 a
421 2873 562 2918 Terra
591 2887 682 2918 non
713 2871 866 2918 addita
898 2875 990 2928 est,
1033 2875 1083 2914 ut
1115 2883 1230 2927 quae
1260 2883 1351 2914 non
1385 2874 1455 2916 est
1484 2868 1742 2914 necessaria
1771 2868 1828 2913 ad
1861 2860 2100 2914 calculum.
2158 2869 2433 2913 Numeratur

175 2940 311 2995 igitur
341 2938 564 2985 anomalia
595 2937 738 2983 centri
768 2938 814 2982 in
846 2935 1207 2982 circumferentia
1237 2936 1293 2980 ab
1316 2937 1355 2980 A
1387 2949 1542 2981 versus
1577 2935 1635 2994 G,
1660 2935 1696 2979 P
1720 2939 1766 2979 et
1784 2934 1839 2990 D,
1873 2939 1918 2978 et
1943 2933 2165 2978 anomalia
2183 2939 2432 2990 coaequata

179 3006 249 3052 vel
289 3005 388 3062 ejus
427 3004 661 3050 residuum
698 3003 756 3049 ad
796 3000 1114 3059 complendum
1152 2998 1370 3047 circulum
1411 2971 1674 3046 numerat⁷ur
1712 2999 1757 3043 in
1797 2998 1962 3055 angulo
1996 2998 2102 3044 CTS
2134 2997 2191 3042 ad
2229 3002 2431 3042 centrum

180 3073 359 3129 Terrae,
391 3070 603 3117 differens
635 3071 691 3117 ab
715 3070 826 3115 AGS
859 3067 1025 3124 angulo
1059 3067 1180 3114 TSC.
1243 3068 1442 3124 Tempus
1474 3067 1667 3124 denique
1699 3078 1782 3111 seu
1811 3077 1936 3108 mora
1966 3064 2124 3108 Lunae
2153 3063 2199 3107 in
2231 3062 2433 3118 quolibet

183 3150 291 3181 arcu
322 3142 373 3181 ut
401 3136 475 3182 AS
509 3135 720 3183 dividitur
758 3135 804 3179 in
834 3140 988 3191 partes
1019 3133 1152 3191 duas,
1195 3147 1286 3178 una
1316 3139 1385 3178 est
1417 3134 1607 3178 sectoris
1637 3131 1749 3176 ASC
1780 3143 1910 3185 area,
1951 3129 2093 3174 altera
2123 3133 2191 3172 est
2220 3128 2435 3186 trianguli

181 3202 429 3258 aequatorii
460 3202 566 3247 TCS
599 3202 762 3246 areola.
827 3201 937 3245 Cum
970 3205 1121 3246 autem
1151 3198 1264 3244 haec
1294 3211 1419 3242 mora
1452 3198 1511 3242 sit
1539 3196 1678 3255 idem,
1711 3195 1832 3254 quod
1864 3194 2085 3241 anomalia
2114 3193 2281 3249 media,
2314 3209 2430 3251 quae

181 3272 252 3312 est
282 3264 463 3311 divisa
451 3281 496 3310 m
526 3274 676 3323 partes
709 3267 806 3323 360,
839 3280 930 3311 non
960 3267 1106 3312 minus
1139 3279 1273 3322 quam
1302 3265 1402 3321 ipsa
1434 3266 1569 3309 etiam
1602 3233 1984 3316 circumferentia,
2015 3258 2120 3304 hinc
2149 3258 2212 3310 fit,
2243 3265 2294 3305 ut
2323 3275 2430 3318 pars

180 3331 317 3390 prior-
346 3344 427 3375 seu
464 3337 613 3377 sector
653 3331 927 3387 exprimetur
967 3332 1124 3376 eodem
1164 3345 1373 3388 numero,
1421 3345 1510 3387 quo
1556 3329 1652 3386 ejus
1693 3341 1825 3372 arcus
1857 3340 1938 3372 seu
1950 3324 2190 3370 anomalia
2221 3328 2428 3388 eccentri‚

181 3410 287 3454 pars
318 3408 423 3439 vero
454 3397 676 3451 posterior
707 3410 786 3443 seu
817 3410 923 3441 area
952 3396 1164 3453 trianguli
1194 3397 1240 3440 in
1272 3396 1428 3441 eadem
1450 3394 1566 3440 cella
1596 3401 1665 3440 est
1683 3393 1887 3447 inferiori
1905 3391 2006 3436 1000
2029 3391 2246 3447 subjecta.
2281 3392 2429 3447 Quare

183 3461 299 3508 sicut
329 3473 433 3505 area
462 3467 558 3507 tota
587 3469 824 3520 utramque
853 3468 1029 3520 partem
1060 3461 1294 3518 complexa
1315 3461 1540 3536 signifi-cat
1570 3466 1614 3504 et
1638 3463 1868 3504 mensurat
1895 3470 2064 3501 moram
2087 3457 2253 3501 totam
2240 3472 2287 3502 18
2307 3472 2427 3510 arcu,

116 3556 123 3573 2
185 3527 251 3572 sic
282 3525 414 3572 etiam
443 3527 490 3570 in
520 3527 673 3572 tabula
704 3542 874 3573 summa
905 3528 1096 3573 duorum
1125 3540 1424 3583 numerorum,
1457 3526 1502 3570 in
1535 3526 1691 3571 eadem
1721 3524 1833 3570 cella
1863 3521 1947 3567 sibi
1977 3528 2131 3568 mutuo
2165 3522 2428 3568 subordina-

186 3597 354 3646 torum,
391 3592 599 3649 exprimit
638 3599 780 3639 totam
811 3584 1080 3640 anomaliam
1110 3594 1327 3651 mediam,
1366 3593 1714 3649 respondentem
1753 3589 2002 3660 anomaliae
2044 3594 2342 3647 coaequatae,
2381 3590 2427 3636 in

187 3658 343 3703 eadem
375 3658 494 3704 linea
522 3659 713 3716 positae.

331 3740 455 3785 Haec
483 3739 621 3796 igitur
651 3744 756 3783 sunt
783 3738 860 3783 illa
891 3709 979 3786 duo
1000 3741 1145 3798 prima
1164 3740 1447 3798 aequationis
1469 3738 1702 3792 elementa,
1735 3734 1984 3791 quantitate
2008 3699 2271 3792 plerumque
2293 3747 2426 3791 quam

187 3807 390 3866 proxime
422 3805 592 3862 eadem,
624 3803 837 3861 trianguli
867 3805 1067 3864 ejusdem
1098 3804 1348 3866 aequatorii
1378 3804 1569 3851 alterum
1591 3801 1698 3856 TSQ
1729 3801 1934 3859 angulus,
1965 3801 2155 3846 alterum
2176 3811 2281 3850 area
2301 3803 2422 3853 Tse,
