2554 4140
225 167 326 216 382
1052 157 1288 215 Epitomes
1318 155 1636 202 Astronomiae

224 309 419 374 apsides
459 304 812 370 (longitudines
850 305 1064 368 mediae)
1102 296 1284 356 habent
1322 304 1537 368 aliquam
1576 305 1895 367 latitudinem,
1933 307 1981 353 in
2020 304 2151 354 Jove
2187 303 2387 365 nullam,
2428 312 2475 354 et

223 383 287 431 ad
339 383 466 431 hanc
516 379 792 443 analogiam
843 378 1036 427 illorum
1082 378 1278 442 apsides
1315 378 1714 442 progrediuntur,
1765 378 1912 441 hujus
1948 383 2094 427 stant.
2171 377 2291 426 Cum
2329 378 2475 439 igitur

224 455 348 503 alias
402 456 477 503 vis
522 451 791 502 inclinandi
839 451 1010 501 fibram
1048 451 1306 515 planetarii
1344 454 1557 514 corporis
1594 453 1658 499 sit
1694 453 1905 501 maxima
1942 453 1990 498 in
2027 450 2280 515 apsidibus
2318 450 2375 511 P,
2414 449 2475 510 R,

222 528 309 576 ubi
344 528 489 576 rectis
529 524 721 589 angulis
759 524 882 573 fibra
922 524 1027 574 Soli
1066 524 1314 587 objicitur,
1374 523 1602 572 credibile
1642 531 1741 585 est,
1783 539 1891 573 eam
1930 525 2028 573 vim
2068 525 2130 572 ob
2167 522 2475 571 latitudinem

226 615 332 649 esse
381 598 529 663 paulo
577 598 920 649 remissiorem.
998 596 1107 658 Quo
1158 598 1318 644 minus
1355 595 1486 644 idem
1525 596 1752 645 damnum
1792 599 1938 646 etiam
1978 597 2026 644 in
2064 597 2322 645 libratione
2361 610 2475 644 sen-

222 674 387 732 tiatur,
428 686 577 722 causa
614 677 709 733 est,
751 673 869 734 quia
904 663 973 718 ibi
1010 669 1208 718 libratio
1245 683 1332 732 per
1369 684 1421 718 se
1459 683 1584 732 pene
1622 670 1773 718 nulla.
1850 669 2080 718 Vicissim
2118 671 2167 716 in
2205 670 2249 718 N
2289 674 2361 718 est
2398 670 2475 716 in-

224 745 499 794 clinationis
539 746 613 794 vis
651 759 775 807 pene
813 742 964 802 nulla,
1003 741 1274 790 librationis
1312 743 1550 791 maxima:
1593 742 1823 791 damnum
1861 744 2009 805 igitur
2046 744 2093 789 in
2132 742 2225 791 hac
2258 742 2474 803 sentitur,

221 821 270 866 in
318 817 404 868 illa
449 832 571 879 non,
621 831 710 881 pro
762 815 1032 864 latitudinis
1085 814 1285 863 modulo
1301 850 1312 875 ‚
1365 820 1624 878 potestque
1673 815 1800 876 fieri,
1857 822 1910 863 ut
1949 817 2020 864 sic
2057 814 2167 878 plus
2205 813 2475 863 retardetur

223 891 476 941 inclinatio
514 891 688 952 fibrae3
730 903 825 952 quo
865 887 980 937 dato
1019 887 1100 947 fit,
1140 887 1272 950 quod
1307 887 1409 949 jam
1450 887 1745 951 explicatum
1785 894 1872 950 est,
1914 894 1968 936 ut
2003 887 2124 936 fibra
2162 887 2364 948 tardius,
2405 901 2471 936 sc.

222 965 351 1014 ultra
402 970 559 1013 metas
606 963 888 1027 quadrantis
936 963 985 1007 in
1037 959 1203 1009 Solem
1256 966 1457 1023 spectet.
1534 960 1688 1023 Atqui
1737 966 1852 1009 tunc
1896 960 2140 1010 transferri
2190 961 2383 1024 apsides
2428 962 2477 1008 in
2541 963 2554 979 '⁴

225 1038 600 1102 consequentia,
654 1036 788 1099 prius
837 1039 910 1082 est
958 1032 1355 1082 demonstratum.
1431 1033 1571 1083 Haec
1615 1035 1763 1096 igitur
1810 1034 1927 1082 dicti
1962 1033 2289 1097 phaenomeni
2324 1034 2480 1096 possit

226 1126 333 1162 esse
369 1125 546 1171 causa,
598 1107 972 1158 necessitatibus
1010 1106 1229 1171 physicis
1267 1121 1354 1156 seu
1393 1108 1701 1170 geometricis
1738 1121 1866 1156 nexa
1902 1106 2168 1157 secundum
2205 1106 2481 1170 anteposita

225 1198 480 1249 principia.
755 1222 757 1229 .

370 1259 436 1305 At
474 1270 568 1305 non
607 1255 799 1303 interim
837 1251 993 1317 rigide
1033 1253 1338 1316 negaverim,
1391 1253 1520 1301 hunc
1565 1253 1786 1302 effectum
1824 1253 1989 1315 potius
2028 1253 2078 1299 in
2118 1251 2308 1301 consilii
2342 1257 2478 1315 parte
2550 1276 2554 1278 >

225 1330 399 1391 fuisse,
458 1336 514 1377 ut
549 1341 647 1376 nou
685 1329 749 1375 sit
795 1325 875 1375 vel
912 1340 1009 1375 non
1049 1327 1112 1373 sit
1150 1340 1282 1374 mera
1319 1328 1624 1375 necessitatis
1663 1325 1934 1390 appendix,
1986 1328 2102 1389 quia
2140 1325 2286 1388 hujus
2323 1339 2481 1388 quan·
2551 1330 2554 1346 ³

223 1404 414 1452 titatem
465 1401 624 1451 adh‘uc
662 1402 958 1464 ignoramus.
1035 1398 1174 1447 Tunc
1213 1398 1349 1447 locus
1389 1400 1479 1466 erit
1518 1397 1752 1448 dicendae
1792 1413 1967 1448 causae
2003 1399 2186 1458 finalis,
2214 1392 2334 1447 ‘huc
2371 1404 2480 1447 ten-
2549 1391 2554 1415 ³

228 1475 340 1525 dere
380 1474 874 1539 contemperationem
912 1475 1037 1521 inter
1074 1486 1127 1521 se
1165 1473 1340 1520 virium
1378 1471 1671 1534 librationis,
1719 1471 1949 1521 fibrarum
1985 1472 2339 1533 inclinationis,
2388 1472 2482 1520 cir-
2551 1478 2554 1484 ⁴

228 1548 565 1609 cumlationis,
624 1552 755 1596 certa
807 1549 855 1594 in
913 1543 1233 1615 unoquolibet
1285 1547 1622 1608 proportione:
1678 1551 1733 1593 ut
1787 1547 1902 1608 quia
1956 1545 2237 1595 librationes
2288 1543 2482 1608 quidem
2544 1571 2554 1582 »

229 1627 542 1686 comparatae
581 1625 695 1669 sunt
732 1618 796 1668 ad
834 1617 1202 1669 constituendas
1238 1617 1517 1667 harmonias
1555 1625 1796 1679 motuum,
1836 1618 2198 1668 harmoniarum
2236 1617 2484 1681 quaelibet
2552 1616 2554 1618 ’

219 1701 536 1745 enasceretur
573 1707 669 1743 non
708 1707 897 1757 semper
934 1695 982 1740 in
1022 1706 1121 1740 una
1159 1690 1327 1754 aliqua
1363 1692 1589 1740 binorum
1626 1691 1933 1755 planetarum
1960 1691 2358 1756 configuratione,
2398 1689 2482 1739 sed
2549 1700 2554 1710 ·

227 1782 456 1818 successu
494 1767 769 1817 seculorum
807 1780 975 1815 omnes
1014 1765 1211 1813 omnino
1249 1763 1654 1827 configurationes
1691 1772 2055 1829 pervagaretur,
2095 1771 2242 1830 atque
2272 1765 2343 1813 sic
2367 1763 2505 1835 har-¹

225 1842 419 1891 moniae
468 1847 689 1891 motuum
746 1853 913 1889 omnes
961 1839 1110 1903 (quae
1164 1843 1277 1886 sunt
1326 1837 1411 1886 lib.
1459 1838 1520 1886 V.
1574 1837 2004 1903 Harmonicorum)
2062 1852 2168 1888 cum
2221 1837 2483 1887 harmoniis
2541 1902 2543 1909 Ι

230 1914 668 1978 configurationum
708 1910 1099 1979 omnibus—(libri
1136 1910 1226 1960 IV.
1264 1909 1434 1962 Harm.
1472 1911 1695 1979 materia)
1729 1913 2145 1976 permiscerentur.

897 2027 983 2078 IV.
1036 2027 1128 2077 De
1182 2033 1353 2077 motu
1402 2028 1805 2080 latitudinis.

381 2131 576 2195 Quibus
625 2130 812 2194 leyibus
858 2130 1095 2193 planetae
1140 2136 1422 2179 excurrunt
1469 2132 1526 2178 in
1575 2130 1739 2180 latera
1781 2130 2071 2196 eclipticae?
2125 2129 2338 2179 Rursum
2376 2128 2484 2191 lege

228 2204 586 2267 simplicissima
623 2204 738 2268 tali,
776 2209 830 2251 ut
866 2201 1090 2265 planum,
1132 2201 1264 2266 quod
1303 2203 1699 2252 circumscribunt
1738 2211 1900 2254 centro
1940 2204 2153 2268 corporis
2191 2205 2290 2265 sui,
2338 2203 2400 2250 sit
2438 2203 2486 2248 in

230 2277 554 2341 unaqualibet
598 2275 800 2339 periodo
850 2281 1019 2324 exacte
1072 2283 1256 2324 rectum
1302 2280 1349 2324 et
1387 2276 1447 2324 ad
1487 2277 1686 2339 planum
1727 2278 1980 2342 eclipticae
2018 2276 2304 2326 inclinatum
2343 2273 2485 2323 incli-
2529 2323 2531 2327 ,

230 2352 429 2399 natione
469 2351 712 2398 constanti
750 2355 797 2398 et
835 2348 1140 2409 invariabili3
1179 2354 1522 2416 praeterquam
1563 2352 1611 2398 in
1650 2351 1804 2400 Luna.

376 2423 552 2472 Plana
588 2423 907 2485 aequabilia,
960 2423 1004 2469 si
1040 2423 1142 2469 sint
1178 2421 1248 2469 ad
1283 2424 1501 2470 invicem
1539 2424 1819 2490 inclinata,
1870 2428 2187 2473 concurrunt
2221 2425 2484 2482 secumque
2524 2407 2529 2472 ᾖ

229 2511 278 2544 se
314 2502 495 2545 mutuo
533 2499 588 2543 in
625 2511 736 2544 una
775 2501 911 2542 recta
947 2495 1112 2542 linea.-
1158 2509 1377 2557 quaere,
1419 2511 1549 2557 quae
1586 2500 1649 2545 sit
1683 2498 1774 2546 illa
1812 2498 2094 2547 communis
2131 2495 2294 2554 linea,
2337 2506 2485 2555 super
2526 2495 2528 2499 ’

234 2583 339 2631 qua
376 2569 659 2618 inclinatur
696 2568 766 2616 ad
801 2568 1082 2629 eclipticam
1117 2567 1356 2629 planetae
1393 2568 1573 2618 orbita.
1642 2569 1837 2619 Transit
1875 2570 2081 2633 illa-per
2119 2574 2333 2618 centrum
2358 2565 2485 2638 δοΙίρ

231 2641 545 2690 ἱῐι.οιηῃίὶ)υε
583 2641 793 2705 planetis
833 2646 880 2690 et
919 2638 1193 2688 extenditur
1230 2640 1466 2704 cujusque
1503 2641 1732 2705 planetae
1768 2643 1900 2694 linea
1937 2645 1986 2691 in
2023 2657 2115 2692 sua
2156 2641 2352 2705 propria
2376 2637 2484 2688 loca
2516 2690 2518 2693 ,

233 2713 500 2778 eclipticae,
542 2716 751 2764 invicem
791 2728 851 2763 ex
888 2720 1052 2763 centro
1092 2711 1222 2762 Solis
1261 2715 1501 2777 opposita.

752 2812 835 2853 mg.
859 2811 911 2845 70.
1563 2787 1702 2837 Unde
1731 2791 1821 2840 hoc
1853 2787 2086 2839 constat?
2123 2787 2327 2836 Constat
2355 2782 2478 2845 inde,

1446 2934 1630 2983 reditus
1662 2936 1737 2984 sui
1766 2937 2001 2999 partibus,
2041 2941 2094 2983 ut
2119 2932 2366 2982 schemate
2400 2929 2479 2979 70.

1447 3007 1497 3053 in
1525 3007 1563 3056 C
1601 3013 1650 3056 et
1678 3008 1740 3069 D,
1784 3009 1975 3058 videtur
1999 3008 2091 3056 sub
2118 3005 2357 3068 ecliptica,
2397 3015 2480 3051 ca-

1444 3299 1487 3346 si
1538 3297 1680 3347 ACM
1710 3302 1897 3349 veniret
1932 3300 1981 3347 in
2024 3295 2113 3346 170
2149 3296 2314 3354 Tauri,
2352 3299 2476 3359 tem-f

1444 3517 1756 3579 conjunctum
1791 3532 1900 3566 cum
1922 3516 2184 3581 hypothesi
2211 3509 2477 3570 eccentrici,

1446 3737 1670 3798 opposito
1715 3732 1807 3784 170
1843 3735 2008 3784 Tauri.

1437 3880 1577 3943 licet,
1631 3879 1762 3943 quod
1811 3895 1960 3945 supra
1998 3879 2116 3930 solio
2148 3879 2278 3930 354.
2356 3860 2474 3924 cnut

1449 2863 1565 2922 quia
1603 2876 1712 2910 cum
1750 2864 1950 2927 planeta
1986 2864 2042 2909 in·
2062 2860 2252 2909 duabus
2279 2857 2497 2907 diversis-

1445 3093 1556 3128 rens
1594 3079 1866 3152 latitudine,
1908 3081 2004 3129 duo
2042 3079 2165 3128 haec
2201 3076 2333 3126 illius
2372 3072 2480 3124 loco'.
2552 3120 2554 3144 ὲ

1445 3166 1531 3214 per
1569 3151 1810 3202 calculum
1859 3155 2174 3202 inveniuntur
2220 3164 2329 3201 cum
2367 3145 2485 3198 Sole

1445 3225 1492 3272 A
1544 3226 1592 3272 in
1642 3225 1813 3275 eadem
1860 3232 1993 3276 recta
2037 3225 2170 3274 linea
2219 3223 2381 3272 CAD:
2426 3219 2505 3268 ut*

2548 3310 2554 3335 l

2547 3337 2554 3369 Ι

1443 3372 1576 3434 poris
1625 3361 1964 3433 intervallum,
2013 3385 2167 3434 usque
2220 3368 2334 3417 dum
2370 3365 2486 3438 pla-1
2518 3389 2554 3428 „;

1442 3450 1559 3492 neta
1604 3459 1791 3494 rursum
1829 3446 1878 3492 in
1919 3443 2143 3506 ecliptica
2191 3443 2328 3491 visus
2374 3439 2498 3495 fuit·-

2542 3435 2554 3559 ἱ

1443 3590 1640 3639 exhibet
1691 3590 1871 3639 lineam
1921 3588 2092 3650 ADO,
2143 3588 2342 3637 alterius
2382 3582 2477 3638 lod,
2542 3571 2548 3612 f

1445 3664 1713 3723 eccentrici,
1753 3665 1802 3711 in
1847 3659 1936 3710 170
1974 3662 2281 3725 Scorpionis,
2321 3671 2390 3709 sc.
2425 3656 2483 3706 inf
2537 3649 2547 3728 ξ

1560 3807 1699 3872 Quid
1732 3808 1850 3857 hinc
1883 3806 2170 3870 colliyitur?
2204 3805 2341 3855 Idem
2379 3800 2475 3862 sci-
2537 3765 2543 3798 ³

2536 3863 2541 3870 ι

2535 3966 2538 3973 ι
