2554 4140
848 126 987 173 Liber
1017 125 1196 172 Sextus.
1258 125 1371 171 Pars
1403 125 1624 171 Secunda.
2243 129 2346 179 447

89 279 191 323 toto
209 274 314 323 >illo
349 274 624 322 intervallo
658 287 870 336 perqens
905 277 962 323 in
998 290 1090 324 suo
1128 277 1419 334 eoeentrieO,
1474 276 1673 323 videtur
1709 282 2039 337 transponere
2076 273 2347 323 secundam
2408 320 2413 324 .

88 349 355 395 stationem
392 348 557 407 moyis
606 349 663 394 in
711 351 1081 410 consequentia.
1172 348 1229 396 Si
1273 343 1383 407 hoc,
1441 362 1622 409 quare,
1680 351 1769 410 qui
1812 350 1976 410 peryit
2017 348 2254 408 velocius,
2307 349 2349 394 is

86 422 251 480 mayis
296 420 568 482 prolonyat
619 419 751 467 hanc
801 423 1086 482 portionem
1125 421 1258 469 orbis
1295 419 1503 468 annui?
1546 423 1716 482 peryit
1754 426 1924 468 autem
1963 421 2206 481 velocius,
2260 421 2349 482 qui

85 497 154 538 est
190 492 428 555 inferior,
479 505 587 539 non
627 495 718 553 qui
753 496 1003 554 superior.
1079 493 1135 541 Id
1191 492 1384 555 quidem
1427 506 1594 540 verum
1635 499 1734 554 est3
1783 498 1834 540 at
1879 492 2001 541 haec
2037 493 2348 556 prolongatio

87 578 226 612 arcus
266 565 396 612 orbis
436 566 600 626 magni
638 579 735 612 non
775 571 938 628 potest
976 581 1132 629 aeque
1170 565 1335 614 valere
1374 564 1444 612 illi
1474 565 1834 613 abbreviationi
1873 565 2090 627 ejusdem
2131 566 2193 614 ob
2232 579 2348 628 pro-

2 662 5 666 -
86 637 413 700 pinquitatem
451 637 692 685 inferioris
731 637 793 686 ad
834 639 1000 687 orbem
1035 653 1297 701 magnum3
1337 637 1484 686 efficit
1509 650 1625 686 vero
1650 637 1745 685 hoc
1770 638 2094 699 solummodO,
2134 645 2188 686 ut
2224 638 2348 687 haec

83 708 337 772 prolixitas
375 711 609 771 temporis
648 710 1120 773 retrogradationum
1159 725 1255 759 non
1294 715 1488 759 tueatur
1525 711 1887 774 proportionem
1927 719 2184 776 exactam,
2222 726 2349 774 quae

82 783 298 829 nascitur
354 795 414 830 ex
470 782 772 831 diversorum
834 783 1117 832 intervallis.
1207 783 1331 833 Nam
1387 782 1626 834 Saturnus
1685 789 1760 831 est
1814 783 1912 831 sere
1984 782 2132 847 duplo
2203 784 2348 832 altior

83 869 230 917 quam
266 853 490 918 Jupiter,
545 861 594 903 et
632 856 712 904 bic
763 855 907 919 triplo
947 856 1091 905 altior
1124 855 1316 911 Marte,
1373 861 1422 904 et
1459 860 1623 904 tamen
1662 856 1840 917 exiguo
1880 855 2072 918 longius
2114 862 2187 905 est
2223 862 2349 905 tem-

80 942 173 991 pus
209 926 644 990 retrogradationis
683 927 968 990 Saturniae,
1017 943 1109 978 nec
1145 928 1341 991 longius
1380 927 1580 978 Joviale
1619 934 1836 992 tempuS,
1892 943 2039 991 quam
2079 930 2348 991 sesquiter-

81 1002 202 1048 tium
240 999 482 1048 Martialis
521 1002 723 1050 circiter.
1945 1035 1948 1038 -

233 1071 373 1122 Unde
411 1073 502 1123 hoc
538 1080 607 1122 est
615 1111 632 1135 ‚
686 1074 823 1136 quod
861 1073 1124 1122 Saturnus
1158 1075 1432 1123 minimum
1485 1088 1665 1122 arcum
1705 1074 1960 1135 eclipticae
1995 1080 2231 1135 pererrat
2266 1090 2349 1123 re-

78 1151 294 1195 trocessa
330 1161 444 1207 suo,
497 1146 708 1210 Jupiter
742 1147 1058 1207 mediocrem,
1100 1146 1245 1194 Mars
1279 1146 1607 1195 maximum?
1678 1145 1843 1208 Hujus
1882 1148 1952 1194 rei
1989 1159 2189 1196 causam
2241 1163 2348 1196 rur-

78 1233 183 1266 sum
223 1218 359 1267 solus
400 1218 698 1283 Copernicus
737 1233 797 1268 ex
835 1221 938 1268 suis
977 1220 1333 1283 hypothesibus
1373 1219 1601 1282 detegere
1642 1224 1827 1282 potest,
1879 1226 2133 1269 mussante
2186 1227 2346 1269 astro-

76 1292 241 1339 nomia
279 1293 433 1340 veteri
473 1298 521 1340 et
560 1291 805 1355 epicyclos
831 1292 1129 1355 ‚inaequales
1168 1291 1521 1352 introducente,
1561 1291 1698 1340 nulla
1736 1292 2088 1355 magnitudinis
2130 1293 2346 1343 indicata

78 1379 241 1413 causa.
319 1365 401 1412 Fit
438 1366 588 1427 igitur
623 1365 733 1424 hoc,
774 1367 891 1428 quia
917 1365 1156 1415 Saturnus
1195 1366 1478 1428 longissime
1503 1365 1645 1414 abest
1677 1381 1708 1414 a
1734 1364 1912 1414 circulo
1941 1365 2151 1415 Telluris
2181 1380 2346 1416 annuo

36 1446 42 1450 “
79 1451 165 1486 seu
194 1437 323 1487 ‘orbe
362 1452 570 1500 magno,
609 1437 806 1500 Jupiter
844 1441 1066 1502 propior,
1108 1438 1243 1487 Mars
1280 1439 1530 1501 proximus
1567 1437 1639 1485 illi
1678 1438 1874 1488 incedit.

214 1519 332 1563 Hinc
361 1519 486 1564 enim'
510 1519 731 1577 sequitur,-
761 1522 800 1565 si
830 1521 931 1577 quis
963 1521 1121 1566 orbem
1152 1521 1362 1578 Telluris,
1394 1526 1446 1566 ut
1475 1520 1564 1577 BC,
1599 1532 1655 1563 ex
1685 1520 1881 1577 planeta,
1912 1525 1964 1565 ut
1995 1534 2053 1566 ex
2075 1521 2120 1578 S,
2152 1523 2347 1568 intuere-

0 1550 2 1641 ξ
71 1592 168 1642 tur,
216 1584 406 1630 ei'hunc
446 1585 591 1629 visum
629 1585 684 1628 iri
714 1599 902 1641 parvum
941 1600 998 1632 ex
1030 1588 1252 1645 Saturno,
1276 1587 1510 1644 ‚maj0rem
1548 1587 1606 1631 ex'
1636 1586 1773 1642 Jove,
1811 1585 2073 1630 maximum·
2098 1599 2155 1630 ex
2185 1588 2346 1633 Marte.

0 1647 2 1654 '
71 1653 313 1698 Videretur
341 1657 492 1696 autem
522 1664 607 1708 per
637 1651 751 1698 duas
783 1651 964 1709 visivas,
997 1653 1065 1698 SC
1096 1658 1144 1698 et
1174 1653 1269 1710 SB,
1301 1653 1428 1697 illum
1458 1651 1670 1708 utrinque
1700 1650 2036 1707 contingentes;
2076 1652 2237 1708 quibus
2270 1665 2347 1710 ap-

0 1835 5 1862 1

0 1932 7 2039 l

5 2661 15 2989 Q

11 3114 15 3154 ι

70 1718 326 1783 proximare
365 1718 560 1762 diximus
598 1718 708 1762 bina
743 1717 1065 1775 parallelarum
1103 1718 1252 1775 paria,
1299 1730 1417 1774 quae
1461 1717 1681 1768 stationes
1698 1710 1948 1761 definiunt.
2009 1717 2170 1774 Itaque
2210 1718 2247 1761 si
2277 1725 2349 1769 vel

0 1765 5 1803 l
69 1782 203 1842 plane
232 1782 444 1827 immotus
474 1782 686 1828 haereret
715 1783 913 1839 planeta,
943 1782 1052 1828 tunc
1085 1783 1246 1828 eodem
1275 1783 1461 1840 angulo,
1503 1796 1593 1840 quo
1626 1782 1856 1827 videretur
1887 1783 2033 1827 orbita
2064 1783 2260 1829 Telluris
2290 1798 2347 1830 ex

3 1866 5 1893 l
71 1849 117 1906 S,
146 1847 334 1907 planeta
362 1849 411 1892 in
439 1863 575 1893 unam
605 1843 783 1894 zodiaci
807 1851 1005 1906 plagam,
1039 1862 1066 1893 a
1098 1861 1189 1906 qua
1208 1848 1248 1893 E
1273 1848 1350 1893 Sol
1380 1853 1473 1893 stat
1505 1848 1685 1905 (angulo
1718 1847 1890 1892 seilicet
1913 1847 2032 1904 CSB,
2066 1849 2196 1905 cujus
2224 1863 2346 1893 men-

70 1928 176 1978 sura
204 1914 324 1960 foret
354 1927 485 1960 arcus
516 1915 701 1968 zodiaci,
733 1915 1086 1972 comprehensus
1116 1915 1238 1958 inter
1267 1913 1514 1970 productas
1539 1913 1618 1968 SC,
1653 1911 1751 1968 ΞΒ),
1783 1911 1941 1957 eodem
1962 1913 2145 1968 inquam
2168 1914 2345 1972 angulo,

68 1981 140 2028 vel
168 1980 246 2038 qui
275 1978 319 2025 ei
348 1980 406 2024 ad
436 1981 662 2034 verticem,
695 1979 968 2026 continuatis
1000 1993 1182 2024 sursum
1216 1979 1297 2035 OS,
1332 1978 1416 2035 BS,
1449 1977 1680 2022 videretur
1711 1991 1767 2022 ex
1807 1978 1949 2022 Terra
1979 1980 2031 2035 B,
2066 1981 2098 2024 C
2128 1981 2175 2025 in
2206 1995 2346 2038 oppo-

5 2061 7 2101 ξ
68 2047 155 2093 sita
183 2045 357 2092 zodiaci
398 2046 536 2104 'plaga
572 2060 705 2093 arcus
735 2040 999 2104 apparentis
1030 2046 1455 2102 retrogradationis,
1495 2043 1706 2087 minimus
1739 2042 1967 2102 altissimi,
2009 2046 2231 2091 maximus
2263 2049 2345 2092 hu-

6 2140 9 2157 .
68 2111 252 2158 minimi.
312 2114 411 2159 Nec
450 2114 568 2158 enim
606 2115 754 2159 minus
793 2113 887 2171 jam
919 2113 949 2158 S
993 2126 1076 2169 pro
1122 2116 1276 2156 centro
1315 2110 1508 2155 fixarum
1547 2108 1706 2153 haberi
1736 2115 1912 2166 potest,
1961 2124 2062 2155 cum
2104 2113 2239 2157 etiam
2269 2114 2344 2159 ES

5 2162 9 2238 l
66 2177 354 2224 intervallum
385 2181 447 2224 sit
474 2180 751 2226 insensibile.
813 2180 947 2236 Quod
990 2192 1096 2223 vero
1128 2191 1283 2224 verum
1315 2183 1458 2233 esset,
1501 2175 1652 2233 posita
1684 2175 1836 2231 quiete
1873 2176 2089 2232 planetae
2127 2178 2174 2222 in
2206 2179 2256 2233 S,
2299 2181 2347 2225 id

68 2256 159 2288 non
186 2244 327 2290 multo
358 2245 497 2291 habet
528 2245 678 2299 aliter,
710 2250 954 2302 postquam
985 2248 1191 2305 constat,
1224 2243 1454 2300 planetam
1482 2255 1574 2286 non
1606 2241 1862 2298 quiescere,
1895 2243 1989 2297 sed,
2007 2258 2217 2300 prorsum
2249 2260 2342 2291 mo·

8 2330 11 2350 ι
69 2310 176 2356 veri.
234 2311 352 2356 Nam
382 2311 421 2356 si
451 2311 560 2367 quid
590 2311 677 2357 hoe
706 2312 862 2357 turbat
894 2318 940 2358 et
971 2311 1011 2356 si
1039 2311 1202 2355 minuit
1234 2309 1548 2366 apparentiam
1579 2307 1788 2366 epicycli,
1821 2309 1982 2354 minuit
2015 2317 2136 2357 certe
2168 2323 2266 2356 eam
2297 2314 2344 2358 in

9 2387 27 2436 χ
71 2375 300 2435 omm'bu85
331 2390 487 2435 omnes
508 2378 637 2435 ,enim
667 2378 879 2435 planetae
910 2377 1028 2422 veris
1061 2375 1155 2422 suis
1186 2376 1385 2435 motibus
1416 2381 1526 2425 eunt
1555 2376 1603 2420 in
1634 2376 1975 2431 consequentia.

214 2454 284 2501 At
328 2467 442 2501 cur·
466 2468 573 2503 non
608 2461 728 2502 sunt
765 2455 818 2503 hi
855 2468 1007 2503 arcus
1041 2456 1370 2516 proportione
1413 2453 1577 2515 paulo
1609 2454 1854 2515 propiore
1892 2457 2223 2516 proportioni
2259 2459 2343 2505 in-

73 2526 403 2575 teu-vallorum
444 2525 576 2575 Solis
621 2533 668 2575 et
716 2528 1036 2589 sinyulorum
1084 2526 1463 2588 planetarum?
1543 2525 1606 2574 Ut
1652 2528 1777 2588 quia
1831 2525 1974 2574 Mars
2014 2528 2137 2587 plus
2185 2544 2342 2591 quam

75 2599 304 2660 sextuplo
340 2602 553 2660 propior
608 2606 676 2647 est
716 2599 822 2648 Soli
860 2614 1018 2662 quam
1059 2598 1345 2659 Saturnus,
1393 2598 1594 2647 videtur
1631 2601 1790 2660 i9itur
1842 2598 1902 2647 ob
1934 2601 2167 2661 primam
2217 2616 2343 2650 eau-

73 2681 184 2720 sam
233 2671 422 2719 dictam
464 2673 692 2733 sextuplo
729 2674 978 2732 majorem
1017 2685 1199 2720 arcum
1236 2671 1692 2734 retroyradationis
1738 2670 1921 2720 habere
1958 2671 2132 2720 debere
2185 2689 2342 2735 quam

77 2740 356 2792 Saturnus.
432 2743 539 2792 Etsi
590 2758 687 2792 non
742 2744 857 2794 licet
907 2744 1135 2807 colligere
1183 2746 1544 2807 proportiopem
1583 2743 1874 2806 angulorum
1922 2759 1980 2793 ex
2025 2748 2339 2808 proportione

75 2814 469 2876 intervallorum,
529 2823 583 2864 ut
635 2816 936 2866 demonstrat
975 2815 1204 2865 Euclides
1252 2818 1301 2864 in
1354 2814 1566 2881 Optieis,
1621 2823 1735 2866 sunt
1786 2822 1947 2865 tamen
1995 2816 2076 2866 hic
2128 2818 2336 2870 idoneae

76 2900 254 2937 causae
292 2888 434 2948 aliae,
475 2902 602 2950 quae
642 2903 982 2952 quamcunque
1019 2890 1084 2938 ab
1123 2889 1396 2939 intervallis
1436 2889 1692 2938 deductam
1720 2890 2081 2953 proportionem
2120 2892 2335 2943 turbant.

82 2958 130 3026 1)
169 2959 301 3021 Quia
339 2960 549 3023 planetis
587 2961 1024 3024 progredientibuS,
1067 2968 1115 3011 et
1152 2961 1372 3011 velocius
1411 2962 1511 3022 illo,
1554 2964 1638 3025 qui
1679 2969 1752 3011 est
1791 2962 2000 3023 inferior,
2045 2963 2160 3014 bina
2197 2967 2337 3028 paria

78 3031 423 3096 parallelarum
463 3035 704 3081 visionum
753 3033 946 3097 longius
991 3034 1223 3084 recedunt
1271 3050 1302 3083 a
1339 3037 1532 3098 punctis
1587 3039 1925 3087 contactuum.·
1992 3035 2153 3098 Quare
2195 3053 2335 3089 arcus

82 3106 211 3154 orbis
249 3107 414 3167 magni
466 3108 588 3154 inter
624 3113 805 3169 puncta
842 3109 1135 3166 stationum,
1185 3108 1342 3154 minor
1391 3107 1631 3166 redditus,
1678 3110 1835 3155 minor
1883 3109 2030 3159 etiam
2081 3113 2337 3175 apparebit

12 3159 15 3221 Ϊ
81 3191 141 3226 ex
179 3177 212 3225 S
254 3178 362 3226 loco
400 3177 643 3239 planetae.
722 3176 772 3242 2)
811 3177 940 3240 Quia
977 3193 1075 3241 quo
1114 3180 1323 3242 quisque
1378 3179 1680 3243 progreditur
1718 3179 1962 3242 velocius,
2011 3182 2105 3231 hoc
2141 3183 2335 3248 longius

13 3252 16 3259 '
81 3251 358 3312 transponit
394 3249 555 3298 locum
595 3249 870 3313 eclipticum
909 3253 1136 3299 stationis
1173 3250 1432 3312 secundae,
1473 3254 1518 3299 in
1553 3267 1697 3315 quem
1725 3253 1800 3303 OS
1840 3255 2063 3317 dirigitur
2098 3257 2336 3319 producta

81 3335 251 3371 versus
298 3322 458 3369 locum
511 3323 787 3386 eclipticum
836 3324 1062 3372 stationis
1110 3325 1292 3386 primae
1341 3331 1642 3390 manentem,
1693 3340 1780 3388 per
1815 3327 1894 3378 ΒΞ
1946 3329 2193 3391 signatum
2242 3334 2333 3380 sub

81 3393 215 3453 fixis,
274 3408 382 3442 cum
434 3393 518 3444 ille
567 3397 616 3443 in
669 3395 1067 3445 antecedentibus
1121 3397 1209 3454 sit,
1264 3396 1342 3444 hic
1397 3398 1442 3444 in
1502 3401 1909 3461 consequentibus
1959 3401 2147 3451 zodiaci
2193 3403 2330 3454 locis.

81 3465 381 3514 Coeuntibus
420 3468 565 3529 igitur
603 3467 723 3517 locis
762 3468 995 3531 ecliptieis
1035 3469 1321 3528 stationum,
1361 3470 1592 3518 minuitur
1629 3473 1799 3521 iterum
1839 3475 2071 3524 velociori
2107 3476 2333 3539 planetae

82 3551 240 3600 eoque
279 3538 488 3587 interiori
527 3555 669 3590 arcus
708 3542 960 3603 eclipticus
998 3539 1453 3604 retrogradationis,
1506 3556 1650 3606 quem
1687 3546 1729 3594 is
1769 3546 1912 3598 valde
1963 3563 2192 3612 magnum
2233 3557 2335 3600 erat

19 3621 22 3657 r
81 3612 353 3659 sortiturus.

230 3685 293 3730 At
329 3686 645 3733 contrarium
688 3691 859 3733 tamen
895 3685 1066 3733 dixisti
1111 3683 1221 3746 fleri
1259 3686 1316 3733 in
1350 3701 1456 3736 uno
1493 3687 1666 3751 aliquo
1700 3692 1940 3755 planeta,
1994 3701 2216 3757 respectu
2252 3699 2332 3743 sui

21 3752 23 3770 ²
85 3757 241 3815 ipsius
279 3754 474 3803 altioris
513 3758 586 3804 vel
622 3758 917 3806 humilioris.
1006 3755 1067 3804 Ut
1116 3759 1158 3804 si
1197 3755 1339 3806 Mars
1389 3766 1461 3807 est
1497 3761 1630 3811 altus
1684 3779 1717 3813 a
1756 3773 1924 3815 centro
1962 3768 2167 3825 mundi,
2217 3769 2330 3816 lon-

22 3830 26 3898 !
83 3829 275 3888 qim-em
310 3828 502 3889 conficit
539 3844 719 3878 arcum
758 3828 1240 3892 reu-oqrodationis,
1293 3833 1335 3880 si
1370 3832 1600 3898 humilis,
1652 3835 1944 3889 breviorem.
2030 3841 2173 3904 Quae
2211 3841 2331 3890 haec
