2560 4100
200 117 267 168 56
320 102 323 104 ’
818 156 821 163 ,
846 111 1080 169 Epistolae
1107 106 1292 169 Kepleri
1323 109 1602 169 aliorumque
1631 114 1815 157 mutuae

201 261 403 313 epistolae
433 270 660 299 sermonem
692 259 891 299 exhibent
918 258 1232 300 familiariorem
1263 264 1303 299 et
1332 260 1464 308 magis
1504 261 1704 312 amicum,
1750 272 1877 312 quam
1916 260 2039 300 modo
2068 260 2334 312 praemissae.
2393 259 2445 299 In

205 320 272 360 his
302 320 452 359 Remus
482 319 633 356 iterum
661 315 819 368 pluries
849 318 957 358 redit
988 318 1043 357 ad
1075 319 1310 372 Epitomen,
1344 318 1471 356 dubia
1500 329 1577 356 sua
1606 318 1784 368 Keplero
1815 330 2050 370 proponens
2079 324 2120 358 et
2150 319 2319 370 Kepleri
2349 330 2444 357 sen-

200 378 374 417 tentiam
404 375 580 415 refutare
609 374 676 414 vel
707 377 926 416 emendare
957 377 1141 429 studens,
1173 381 1220 415 ut
1255 388 1337 415 non
1375 376 1548 414 dubium
1578 377 1645 425 sit,
1688 376 1880 415 similiter
1908 379 1953 416 in
1990 378 2176 428 epistolis
2214 375 2440 426 deperditis

199 435 318 475 illum
348 445 594 485 provocasse
615 433 840 484 Keplerum
871 435 926 474 ad
958 434 1261 474 defendendum
1288 445 1408 473 suum
1432 433 1482 472 de
1499 432 1725 484 Gopernico
1752 434 1969 486 judicium,
2000 437 2108 475 sicut
2135 437 2181 474 in
2210 435 2446 485 praemissis

203 495 361 533 factum
393 495 466 532 est.
527 492 576 531 In
605 493 808 546 proxima,
841 505 946 546 quae
978 495 1127 546 exstat,
1175 491 1352 543 epistola
1382 490 1437 543 (d.
1469 492 1657 531 Viennae
1689 492 1728 531 d.
1759 493 1829 532 20.
1861 493 1952 534 Oct.
1988 495 2134 546 1618),
2163 494 2338 532 nunciat
2365 492 2447 531 Re-

201 564 294 591 mus
324 545 503 601 Keplero
533 554 742 590 mortuum
772 551 1046 591 Archiducem
1076 550 1411 589 Maximilianum
1439 550 1497 594 (2.
1519 548 1647 603 Oct.),
1696 554 1936 600 „acceptum
1972 556 2015 590 'se
2057 564 2145 591 esse
2176 564 2202 590 a
2233 550 2447 590 Caesareis

206 621 282 660 pro
314 609 476 647 medico
510 612 551 647 et
580 609 875 649 mathematico
898 609 1110 659 Caesareo,
1143 621 1234 647 cum
1265 607 1474 658 stipendio
1505 609 1588 646 600
1617 609 1902 647 florenorum.“
1946 609 2055 648 Dein
2084 611 2190 660 petit
2211 622 2237 648 a
2255 608 2448 659 Keplero,

204 671 252 707 ut
283 665 365 706 sibi
396 668 670 707 communicet
698 668 836 707 locum
865 666 1060 707 Mercurii
1091 669 1180 712 (12.
1211 667 1302 708 Oct.
1338 667 1461 706 1598.
1491 665 1534 706 h.
1564 667 1602 704 9.
1633 667 1702 705 53’
1733 678 1808 716 pro
1842 667 2048 717 „themate
2079 668 2338 708 Serenissimi
2369 678 2447 705 no-

204 720 355 778 str1“);
386 726 520 778 refert,
551 725 729 764 Marium
751 727 942 775 scribere,
973 725 1135 764 stellam
1164 735 1312 763 novam
1333 735 1373 764 a.
1398 724 1507 763 1572
1542 723 1705 773 „adhuc
1734 725 1898 764 haerere
1929 725 1973 763 in
2000 737 2073 764 suo
2095 726 2240 778 loco“;
2272 725 2447 764 Terren-

200 785 307 822 tium
339 782 376 836 (e
409 783 500 823 Soc.
532 783 655 836 Jesu,
701 784 862 823 celeber
890 784 1039 822 itinere
1068 783 1113 821 in
1144 782 1288 822 Sinam
1319 786 1532 835 suscepto,
1574 783 1647 820 ubi
1686 793 1758 832 per
1797 782 2015 822 duodecim
2045 795 2177 823 annos
2206 785 2249 823 in
2279 783 2448 833 pervul-

198 841 336 891 ganda
379 841 462 881 fide
502 840 738 881 Christiana
780 853 857 881 nec
898 853 982 880 non
1022 842 1067 879 in
1110 841 1234 891 praxi
1277 840 1442 880 medica
1487 845 1529 879 et
1575 840 1726 879 studiis
1773 841 2077 881 mathematicis
2124 843 2230 881 bene
2274 842 2445 894 meruit3

197 905 382 939 mortuus
428 902 491 939 est
533 911 640 939 anno
689 901 822 954 16303
874 898 1052 950 Keplero
1104 903 1248 939 auctor
1294 898 1396 951 fuit,
1446 903 1494 937 ut
1539 899 1744 948 judicium
1790 910 1910 938 suum
1956 900 2167 948 evulgaret
2211 900 2260 938 de
2306 910 2446 939 emen-

199 957 367 998 datione
409 956 648 997 Calendarii
691 958 892 1003 Sinensis)
938 959 1175 997 observasse
1223 956 1427 998 Venerem
1467 959 1726 1007 conjunctam
1766 957 1910 996 Lunae
1949 958 2121 1007 (.,super
2160 958 2281 997 Luna
2328 958 2446 1009 equi-

199 1019 287 1055 tare
333 1016 602 1065 videbatur“)
648 1016 686 1055 d.
726 1018 765 1057 6.
796 1016 914 1055 Junii
956 1017 1093 1066 16173
1136 1015 1277 1055 Iocum
1322 1015 1467 1055 Lunae
1511 1015 1667 1068 fuisse,
1713 1016 1836 1054 refert
1878 1016 2057 1066 Remus,
2102 1013 2183 1054 22⁰
2215 1013 2338 1069 18³l4¹
2376 1017 2448 1064 ΞΒ,

200 1072 314 1123 loug.
343 1072 427 1114 loci
458 1072 606 1127 393l40.
666 1074 744 1113 His
784 1074 925 1116 addit:
966 1074 1235 1113 latitudinem
1263 1074 1410 1113 Lunae
1441 1074 1529 1113 Tua
1558 1074 1718 1115 Excell.
1748 1075 1874 1113 nimis
1912 1077 2054 1123 auget3
2100 1075 2247 1125 probet
2286 1086 2376 1114 eam
2404 1075 2451 1113 in

205 1131 352 1183 eclipsi
393 1130 503 1172 Solis
537 1133 662 1174 1612.
701 1143 841 1171 mense
870 1132 981 1183 Majo
1022 1136 1062 1171 et
1099 1132 1260 1172 videbit
1297 1143 1504 1172 enormem
1542 1132 1747 1171 defectum
1792 1144 1882 1172 cum
1923 1133 2226 1174 observatione.
2288 1132 2452 1172 Adsunt

199 1191 369 1241 aliquae
400 1190 678 1230 dubitationes
708 1191 752 1229 in
782 1191 902 1231 novis
931 1191 1018 1230 illis
1049 1191 1253 1230 tirociniis
1284 1192 1571 1230 astronomicis
1602 1187 1721 1239 (dicit
1751 1190 2000 1244 Epitomen,
2032 1192 2078 1230 in
2107 1191 2327 1242 posteriori
2359 1192 2449 1241 epi-

199 1248 311 1288 stola
339 1261 518 1288 errorem
547 1246 713 1302 fassus),
744 1250 903 1288 scilicet
933 1249 1141 1300 quomodo
1163 1249 1235 1289 Sol
1265 1253 1407 1300 posset
1435 1250 1668 1300 pertingere
1698 1248 1790 1288 luce
1822 1261 1900 1288 sua
1919 1260 2051 1302 usqne
2082 1249 2137 1288 ad
2168 1250 2311 1289 stellas
2342 1251 2448 1288 fixas

200 1310 242 1347 et
271 1318 326 1346 an
360 1307 478 1346 detur
509 1308 620 1346 orbis
652 1306 870 1347 stellatus?
921 1306 1039 1347 Certe
1071 1305 1284 1348 Galilaeus
1314 1308 1447 1346 multa
1476 1308 1605 1347 habet
1641 1309 1729 1357 jam
1761 1306 1884 1360 edita,
1916 1319 2022 1358 quae
2053 1311 2244 1358 opponet.
2306 1307 2451 1346 Edidit

198 1365 253 1405 D.
288 1366 472 1405 Sirturus
501 1363 719 1416 telescopii
750 1364 1057 1405 absolutionem
1088 1370 1129 1405 et
1155 1368 1243 1416 jam
1272 1365 1463 1405 Viennae
1482 1369 1680 1407 moratur.
1697 1387 1751 1394 -—
1769 1363 1951 1406 Suellius
1983 1366 2115 1405 edidit
2146 1367 2452 1406 observationes

204 1422 458 1476 Hassiacas3
498 1424 661 1463 utinam
700 1425 828 1463 etiam
858 1425 1121 1475 Tychonicae
1151 1424 1389 1475 ederentur,
1419 1428 1467 1463 ut
1497 1425 1587 1463 fleri
1614 1424 1749 1474 possit
1778 1425 2059 1474 comparatio:
2103 1424 2175 1463 sed
2205 1436 2366 1477 vereor,
2398 1436 2450 1463 ne

201 1479 379 1534 quisque
410 1493 531 1520 suum
562 1483 615 1521 sit
645 1488 834 1528 acturus,
876 1484 1036 1522 scilicet
1066 1477 1116 1522 de
1146 1494 1254 1522 novo
1286 1484 1575 1522 observaturus
1613 1486 1654 1521 et
1683 1483 1823 1521 forsan
1854 1483 2003 1521 minori
2044 1482 2277 1535 dispendio,
2319 1494 2446 1535 quam

199 1541 289 1590 ipse
321 1540 474 1594 Tycho,
507 1551 599 1579 cum
629 1541 731 1580 adeo
762 1539 866 1580 felix
896 1542 951 1581 sit
980 1542 1060 1580 hoc
1089 1541 1335 1581 hodiernum
1366 1541 1548 1581 seculum
1579 1544 1620 1579 et
1641 1540 1842 1579 donatum
1871 1541 1990 1579 novis
2023 1544 2063 1579 et
2091 1540 2350 1580 facilioribus
2379 1542 2448 1579 in-

208 1599 460 1640 strumentis.
494 1621 547 1627 —
590 1599 638 1637 In
682 1602 798 1638 motu
828 1600 974 1640 Lunae
1004 1600 1119 1639 Tuae
1147 1598 1308 1643 Excell.
1339 1598 1635 1651 Ephemerides
1669 1599 1794 1639 1618.
1827 1602 1867 1638 et
1895 1599 2066 1648 Origani
2107 1599 2358 1653 quandoque
2389 1600 2444 1638 ad

205 1657 276 1697 20¹
309 1660 349 1696 et
378 1657 560 1708 amplius
593 1657 788 1697 differunt
819 1661 895 1699 etc.
958 1659 1127 1698 Interim
1156 1669 1222 1697 me
1251 1658 1492 1698 commendo
1523 1661 1565 1697 et
1594 1657 1828 1697 cordialiter
1858 1657 1904 1697 Τ.
1938 1658 2036 1696 Exc.
2068 1655 2215 1699 saluto.

1157 1716 1212 1759 D.
1244 1717 1297 1758 V.
1328 1715 1486 1758 Excell.
1517 1717 1587 1759 off.
1615 1727 1756 1755 servus

1653 1770 1888 1818 movanni
1913 1771 2059 1818 Remo
2091 1771 2328 1830 Quietano.

343 1861 410 1901 Ad
439 1861 542 1901 haec
570 1860 784 1911 respondit
811 1860 1036 1912 Keplerus:
1197 1919 1231 1970 S
1287 1921 1328 1969 P
1383 1919 1428 1968 D

344 1991 621 2042 Clarissime
668 1993 1187 2057 Excellentissimeque
1234 1994 1296 2042 D.
1347 1992 1557 2054 Doctor‚
1628 1993 1782 2042 amice
1832 1992 2056 2042 omnibus
2114 1993 2285 2044 officiis
2335 2010 2447 2059 per-

202 2065 416 2115 colende.
490 2066 638 2116 Brevi
677 2067 902 2130 epistolio
940 2067 1095 2116 multa
1132 2071 1181 2116 et
1216 2080 1395 2130 magna
1432 2067 1608 2129 tangis.
1682 2065 1916 2116 Dolorem
1954 2081 2015 2115 ex
2054 2067 2189 2116 obitu
2227 2067 2447 2118 Serenis-

201 2139 313 2196 simi
348 2139 412 2187 D.
452 2139 515 2189 D.
555 2138 842 2189 Archiducis
878 2139 1228 2202 Maximiliani,
1274 2141 1465 2205 patroni
1504 2138 1750 2202 quondam
1781 2141 1879 2199 tui,
1934 2142 2213 2203 temperasti
2250 2141 2447 2204 gaudio,

202 2211 334 2274 quod
368 2217 416 2260 te
454 2212 693 2261 adscitum
741 2228 908 2262 narras
955 2215 1005 2260 in
1044 2212 1208 2262 aulam
1245 2211 1576 2277 Imperialem,
1631 2211 1763 2274 quod
1810 2212 1873 2261 ad
1910 2227 1987 2262 me
2023 2215 2261 2276 pertinere
2309 2220 2445 2277 puto,

203 2286 319 2347 quia
356 2285 416 2333 iis
455 2285 639 2334 artibus
690 2300 742 2336 es
779 2287 1064 2348 instructus,
1116 2287 1296 2350 quibus
1345 2291 1537 2349 praeter
1572 2282 1903 2335 valetudinem
1939 2286 2251 2349 Imperatoris
2301 2289 2447 2337 etiam
2523 2279 2557 2295 ‘¹

202 2359 499 2425 astronomia
530 2358 698 2421 juvari
740 2364 926 2422 potest,
979 2374 1126 2422 quam
1163 2359 1227 2408 ad
1265 2373 1428 2408 curam
1465 2363 1513 2407 te
1552 2357 1799 2421 appulisse
1838 2360 2053 2407 animum
2089 2361 2216 2410 serio
2242 2359 2445 2410 demon-

200 2435 325 2479 stras
363 2429 450 2480 illa
486 2446 552 2492 re,
593 2431 724 2495 quod
761 2432 889 2482 hanc
927 2433 1087 2483 etiam.
1109 2432 1271 2496 legem
1307 2431 1562 2480 ministerii
1598 2432 1669 2480 tui
1706 2429 1851 2480 aulici
1891 2433 1980 2481 tibi
2007 2432 2216 2482 adscribi
2251 2436 2444 2484 curasti.

199 2500 373 2565 Itaque
411 2517 509 2552 non
547 2509 648 2553 tam
685 2505 802 2566 tibi,
843 2520 989 2568 quam
1027 2506 1352 2555 astronomiae
1391 2503 1633 2567 gratulor,
1672 2505 1888 2566 inprimis
1927 2519 2043 2554 vero
2080 2506 2226 2567 mihi,
2273 2508 2356 2569 qui
2396 2514 2446 2557 et

199 2576 366 2625 labore
405 2575 699 2626 sublevabor
737 2583 786 2627 et
819 2584 1094 2641 promotore
1131 2581 1182 2626 in
1220 2577 1336 2628 aula
1372 2577 1538 2626 salarii
1573 2577 1668 2626 mei
1706 2577 1931 2626 suffultus
1957 2593 2080 2628 sum.
2154 2579 2281 2627 Nam
2318 2579 2441 2630 hac-

201 2655 340 2698 tenus
378 2655 463 2698 aut
500 2650 594 2700 soli
630 2651 750 2699 mihi
787 2650 1107 2700 laborandum
1142 2651 1248 2713 fuit,
1288 2655 1395 2711 aut,
1435 2651 1478 2699 si
1515 2648 1856 2699 calculatorem
1893 2649 2108 2712 adscivi,
2151 2652 2442 2716 quandoque

202 2724 448 2785 impensae
486 2724 679 2772 fuerunt
714 2724 968 2774 faciendae
1008 2724 1067 2774 de
1105 2738 1243 2785 mec,
1283 2738 1392 2772 cum
1428 2722 1549 2770 nihil
1587 2737 1646 2771 ex
1683 2722 1798 2772 aula
1833 2722 2115 2775 solveretur.

337 2794 530 2862 ⁴Locum
570 2793 612 2864 ζρ
653 2791 819 2860 accipe
859 2812 918 2846 ex
954 2799 1074 2847 meis
1112 2796 1309 2857 tabulis,
1350 2810 1498 2862 quam
1535 2801 1665 2850 certo
1701 2796 1744 2844 is
1790 2810 1850 2844 ex
1887 2798 2030 2845 unico
2069 2798 2243 2846 triente
2290 2800 2441 2848 totius

203 2868 429 2917 circuitus
469 2869 538 2935 (in
577 2884 719 2933 quem
759 2884 925 2920 omnes
962 2869 1222 2920 modernae
1261 2870 1624 2918 observationes
1662 2867 1958 2930 coincidunt)
1981 2871 2045 2916 in
2079 2871 2291 2934 reliquos
2321 2871 2442 2922 duos

202 2942 398 2989 trientes
436 2941 642 2992 derivari
679 2948 855 3007 potest.
931 2944 1076 2993 Anno
1119 2944 1270 2994 1558.
1307 2941 1431 2992 XII.
1471 2939 1667 2991 Octobr.
1706 2941 1753 2989 h.
1798 2943 1878 2991 10.
1917 2943 2074 2991 minus
2118 2945 2181 2992 7‘.

374 3025 431 3082 Θ
461 3025 542 3071 280
560 3026 632 3072 48’
689 3028 746 3072 5“
772 3029 831 3078 :Q
860 3027 1004 3074 99257

379 3083 427 3153 Q
462 3090 531 3136 29.
562 3090 633 3136 40.
665 3092 732 3138 39.
777 3097 816 3147 z
859 3093 1002 3138 42866
1063 3105 1068 3109 ·
1563 3089 1722 3135 Inclin.
1755 3091 1802 3136 6⁰
1821 3089 1894 3136 42¹
1923 3090 2009 3135 51‘¹
2212 3092 2385 3140 213940

427 3165 430 3168 ’
460 3158 531 3208 9ο.
563 3152 746 3210 52ῑῑ
860 3167 1002 3212 39717
1195 3166 1248 3211 L.
1280 3165 1419 3212 92341
2242 3168 2382 3215 92031

462 3234 531 3279 45.
561 3236 632 3281 26.
663 3237 732 3282 17.
821 3239 872 3282 L.
991 3240 1048 3285 12
1134 3239 1248 3284 Mes.
1312 3238 1422 3284 1529
1551 3229 1688 3284 Latit'.
1747 3238 1788 3282 2.
1820 3237 1890 3283 41.
1950 3237 1977 3282 7
2006 3239 2120 3284 Mer.
2177 3229 2444 3289 W

462 3309 532 3354 21.
563 3309 631 3353 57.
660 3308 732 3353 48.
818 3311 870 3356 L.
902 3311 1043 3358 92043
1131 3312 1245 3358 Mes.
1275 3313 1417 3359 90812

206 3379 444 3438 Elongatio
463 3383 531 3427 23.
561 3383 632 3428 28.
661 3383 730 3428 29.
907 3385 1045 3431 92031

295 3439 337 3509 Q
379 3454 426 3498 in
461 3456 531 3500 22.
564 3456 634 3501 26.
667 3457 738 3502 34.
772 3459 839 3511 ιη.

352 3530 538 3581 Calculi
576 3532 778 3580 formam
827 3545 885 3580 ex
923 3537 1060 3595 parte
1099 3533 1228 3583 orbis
1274 3536 1423 3584 annui
1471 3548 1568 3584 non
1606 3531 1770 3582 addidi
1817 3532 2014 3581 frustra:
2067 3535 2274 3597 primum
2314 3538 2441 3585 enim

209 3611 354 3670 caput
390 3617 580 3665 eorum,
619 3619 743 3667 quae
775 3610 935 3653 tecum
973 3619 1132 3653 coram
1172 3605 1438 3657 deliberare
1475 3608 1659 3671 gestio,
1718 3605 1908 3669 de‘hac
1944 3606 2054 3668 ipsa
2097 3609 2186 3656 erit
2222 3611 2438 3669 materia,

207 3685 467 3744 postquam
506 3683 619 3726 ante
657 3679 690 3724 4
727 3692 885 3749 annos·
916 3678 1124 3741 primum
1162 3679 1320 3741 edita,
1358 3695 1511 3746 nuper
1545 3693 1672 3741 vero,
1700 3677 2088 3741 compendiosius
2123 3683 2373 3745 proposita
2410 3698 2441 3731 a

205 3753 451 3801 foederato
491 3764 597 3799 meo
637 3750 922 3812 Benjamine
960 3748 1155 3811 Ursino,
1207 3751 1298 3800 fuit
1326 3753 1449 3804 ,felix
1487 3754 1574 3802 illa
1610 3751 1860 3802 calamitas
1911 3750 2187 3801 tabularum
2223 3769 2439 3804 mearum

159 3853 162 3856 ·
209 3824 647 3890 Rudolphinarum,
703 3822 1023 3889 logarithmi..
1070 3822 1311 3875 Videntur
1358 3828 1485 3876 enim
1530 3823 1726 3890 tabulae
1761 3823 2047 3876 reficiendae
2101 3831 2149 3876 et
2196 3827 2259 3877 ad
2297 3826 2440 3892 loga-

2498 1049 2522 1058 e
