2554 4140
221 147 324 196 432
386 173 390 180 ·
1040 138 1275 197 Epitomes
1304 138 1619 186 Astronomiae
1676 184 1678 186 ,

219 293 400 351 quanta
440 286 643 350 (scilicet
669 285 781 351 OQ)
809 286 1220 351 requirereturad
1246 285 1375 335 Solis
1402 286 1819 351 inaequalitatem,
1858 301 1989 336 more
2014 293 2235 336 veterum
2258 283 2459 336 salvan-

219 361 351 421 dam,
391 358 475 408 sed
513 360 670 408 ferunt
705 366 892 409 tantum
931 361 1037 424 ejus
1075 359 1326 408 dimidium
1365 357 1474 420 OC,
1526 361 1620 408 nisi
1658 360 1866 409 velimus
1903 361 2080 408 frustra
2118 359 2259 408 orbes
2296 357 2464 406 multi-

216 433 397 496 plicare
436 437 484 480 et
521 433 571 479 in
609 432 815 495 singulis
851 433 1061 496 planetis
1097 446 1253 480 novos
1291 432 1509 480 circellos
1545 438 1781 495 statuere,
1827 436 1913 496 qui
1951 446 2202 481 excessum
2241 430 2368 479 hunc
2406 445 2464 478 ex

222 507 366 554 unica
419 503 628 553 Telluris
681 508 1036 555 eccentricitate
1100 506 1249 552 nimia
1306 512 1541 567 usurpata
1602 504 1728 554 ultro
1788 505 2108 569 pullulantem
2170 509 2465 566 compenset.

220 580 267 626 3.
311 577 438 640 Quia
476 584 550 626 est
589 583 756 627 contra
794 593 966 628 causas
1005 579 1255 647 physicaS,
1293 576 1419 625 libro
1457 577 1543 626 IV.
1584 572 1864 641 explicatas„
1905 592 2096 626 cursum
2134 576 2345 626 Telluris
2383 590 2466 624 ec-

216 652 479 700 centricum
515 665 546 700 a
583 650 699 700 Sole
735 653 786 699 in
823 653 934 714 ipsa
970 666 1060 699 sua
1098 650 1256 698 orbita
1295 649 1552 711 aequalem
1589 656 1823 713 statuere,
1881 665 1989 699 cum
2027 656 2189 698 tamen
2225 651 2464 710 inaequa-

212 722 322 772 liter
371 730 533 787 partes
585 723 769 774 orbitae
809 723 987 773 distent
1036 738 1066 771 a
1103 722 1242 783 Sole,
1288 722 1420 770 fonte
1469 728 1644 774 motus,
1725 725 1790 772 At
1843 737 1994 784 nunc,
2047 722 2232 771 bisecta
2282 721 2463 770 Brahei

216 797 572 846 eccentricitate
610 795 738 845 Solis
776 797 855 846 vel
892 796 1100 845 Telluris
1141 794 1229 857 OQ
1269 795 1533 845 secundum
1571 795 1906 859 Copernicum,
1944 795 2116 845 Tellus
2153 795 2216 844 ad
2256 808 2467 856 unguem

214 867 386 918 iisdem
423 875 648 918 movetur
683 869 874 932 legibus
912 884 943 918 a
980 867 1119 929 Sole,
1162 868 1339 931 quibus
1377 869 1439 917 ab
1479 868 1649 918 eodem
1687 864 1944 919 moventur
1981 874 2030 918 et
2060 869 2205 918 ceteri
2238 868 2467 930 primarii,

221 940 270 990 et
307 943 378 991 sic
404 943 566 990 omnia
604 943 828 990 omnibus
854 944 1175 990 consentiunt.
1250 939 1379 990 Vide
1407 940 1676 992 Comment.
1704 941 1894 991 Martis.
1931 947 2069 1006 parte
2094 940 2186 990 III.
2252 941 2300 988 4.
2343 938 2470 1001 Quia

212 1014 463 1078 postulant
501 1017 646 1064 etiam
685 1015 891 1077 eclipses
927 1014 1114 1075 Lunae,
1154 1021 1209 1063 ut
1245 1014 1418 1063 umbra
1442 1013 1650 1064 Telluris
1687 1018 1901 1065 varietur
1938 1017 2112 1075 minus,
2153 1027 2299 1077 quam
2337 1011 2467 1075 apud
2501 1062 2506 1063 ⁷

213 1093 427 1150 vetere8‚
466 1087 525 1136 de
563 1102 660 1150 quo
699 1087 822 1137 infra
857 1093 996 1150 parte
1036 1089 1085 1135 4.

359 1161 427 1209 At
471 1175 562 1209 cur
594 1166 787 1209 motum
828 1175 1064 1209 annuum
1111 1161 1279 1223 potius
1322 1159 1512 1208 Telluri
1549 1160 1755 1218 tribuis,
1795 1176 1912 1210 eum
1961 1168 2143 1210 veteres
2179 1161 2302 1221 ipsi,
2362 1158 2469 1208 Soli

213 1233 347 1282 hune
383 1239 573 1283 motum
611 1233 1032 1296 transscribentes,
1071 1232 1200 1281 idem
1227 1233 1478 1295 effecerint
1505 1235 1641 1282 cirea
1665 1235 1994 1297 apparentias
2021 1232 2188 1282 Solis?
2254 1234 2309 1288 1.
2338 1229 2469 1293 Quia

215 1306 506 1370 Copernicus
544 1307 594 1353 in
632 1307 845 1355 motibus
884 1305 1011 1355 Solis
1049 1306 1397 1369 apparentibus
1433 1305 1684 1359 salvandis
1722 1322 1819 1355 non
1858 1313 2046 1356 tantum
2084 1304 2147 1354 ad
2186 1304 2350 1354 Solem
2388 1319 2467 1352 re-

213 1381 381 1442 spicit,
433 1377 520 1428 sed
559 1380 706 1428 etiam
743 1379 807 1428 ad
844 1378 1066 1442 planetas
1101 1378 1344 1441 reliquos,
1394 1378 1570 1440 quibus
1619 1378 1747 1428 idem
1798 1386 1957 1428 motus
1997 1378 2206 1428 Telluris
2244 1377 2377 1426 utilis
2414 1376 2470 1426 fit

213 1451 276 1500 ad
313 1451 714 1501 demonstrandas
754 1467 920 1502 eorum
957 1451 1197 1501 secundas
1235 1450 1626 1513 inaequalitates.
1700 1452 1807 1501 Nisi
1845 1466 1960 1516 ergo
1998 1450 2245 1502 Tellurem
2283 1449 2470 1518 dicere-5
2539 1459 2541 1462 '

211 1539 319 1573 mus
355 1526 540 1575 moveri
576 1524 688 1574 loco
714 1523 858 1585 Solis,
898 1530 1142 1590 oporteret
1179 1524 1398 1587 singulos
1435 1524 1659 1586 planetas
1696 1531 1887 1588 praeter
1921 1539 2038 1575 suos
2063 1525 2284 1589 proprios
2310 1528 2470 1572 motus

213 1599 360 1647 etiam
399 1598 528 1647 hunc
564 1599 726 1662 ipsum
766 1597 895 1648 Solis
931 1604 1118 1647 motum
1156 1597 1237 1646 vel
1275 1595 1483 1646 similem
1528 1613 1580 1647 re
1628 1612 1744 1647 vera
1781 1600 1990 1660 moveri,
2042 1605 2096 1647 ut
2131 1597 2185 1645 fit
2221 1599 2271 1646 in
2309 1603 2470 1646 astro-

210 1673 375 1720 nomia
412 1672 587 1732 veteri‚
628 1685 775 1735 quam
813 1672 1001 1720 orbium
1027 1670 1412 1734 superfluitatem
1438 1669 1734 1734 Copernicus
1760 1673 1928 1720 nititur
1952 1685 2186 1721 resecare.
2252 1672 2301 1720 2.
2342 1668 2470 1731 Quia

210 1750 449 1808 repugnat
487 1746 646 1793 causis
684 1750 903 1798 motuum
942 1744 1174 1808 physicis,
1213 1742 1298 1792 lib.
1336 1742 1426 1791 IV.
1468 1744 1752 1807 explicatis,
1794 1751 1846 1793 ut
1883 1744 1969 1794 Sol
2007 1749 2262 1793 moveatur
2299 1741 2465 1806 (prae-

211 1818 376 1865 sertim
413 1822 550 1866 motu
585 1832 636 1867 re
677 1832 793 1867 vera
829 1815 1096 1880 inaequali)
1134 1831 1221 1880 pro
1259 1817 1444 1865 ratione
1484 1816 1743 1866 distantiae
1771 1833 1888 1867 suae
1928 1832 1958 1866 a
1983 1817 2148 1866 Terra.
2221 1815 2347 1865 Nam
2386 1828 2470 1864 cur
2540 1839 2545 1845 ·

211 1890 490 1953 alligaretur
537 1889 758 1939 celeritas
804 1897 964 1939 motus
1014 1889 1188 1939 solaris
1243 1888 1305 1938 ad
1344 1889 1626 1940 distantiam
1671 1889 1801 1939 Solis
1853 1907 1883 1940 a
1921 1890 2093 1951 Terra,
2147 1894 2256 1938 cum
2305 1895 2467 1938 tamen

213 1962 381 2012 Tellus
418 1962 524 2012 Soli
561 1978 658 2013 non
695 1965 852 2027 possit
889 1977 994 2012 esse
1034 1977 1183 2012 causa
1219 1961 1421 2011 motus?
1497 1962 1564 2011 At
1599 1965 1642 2012 si
1666 1962 1852 2012 Telluri
1889 1964 2157 2013 tribuamus
2196 1962 2324 2011 hunc
2360 1974 2468 2010 mo-

210 2041 313 2084 tum
352 2050 588 2097 annuum,
643 2043 696 2085 ut
746 2051 803 2086 eo
841 2042 977 2093 motu
1022 2036 1204 2085 seratur
1249 2036 1376 2084 circa
1413 2035 1610 2102 Solem,
1659 2042 1775 2084 tunc.
1822 2035 1952 2086 idem
1991 2036 2227 2098 contingit
2263 2033 2464 2095 Telluri,

212 2108 344 2170 quod
381 2108 591 2172 planetis
629 2111 799 2158 ceteris
837 2111 1105 2172 primariiS,
1158 2115 1211 2156 ut
1248 2107 1334 2157 Sol
1383 2110 1598 2157 omnium
1634 2108 1827 2158 illorum
1873 2116 1923 2159 et
1958 2111 2029 2158 sic
2075 2110 2222 2158 etiam
2260 2106 2469 2156 Telluris

211 2188 368 2231 motor
406 2184 604 2243 existat,
653 2181 871 2245 singulos
910 2189 959 2232 et
997 2183 1068 2231 sic
1105 2183 1252 2230 etiam
1290 2179 1535 2230 Tellurem
1570 2183 1740 2231 incitet
1777 2182 1980 2231 celerius
2019 2182 2099 2231 vel
2144 2179 2343 2242 tardius,
2380 2193 2467 2243 pro

213 2256 400 2304 ratione
440 2254 698 2304 distantiae
735 2254 927 2303 illorum
965 2269 997 2303 a
1034 2259 1198 2303 centro
1235 2255 1312 2302 sui
1352 2255 1590 2316 corporis,
1643 2269 1770 2317 quae
1807 2262 1879 2305 est
1918 2255 2095 2317 quovis
2131 2254 2257 2304 loco.

355 2327 422 2375 In
460 2343 618 2390 quam
653 2328 865 2391 playam
903 2333 1136 2376 movetur
1182 2332 1411 2375 centrum
1458 2326 1671 2376 Telluris
1720 2330 1855 2376 circa
1893 2327 2058 2377 Solem
2074 2327 2100 2375 Ρ
2149 2327 2208 2376 In
2258 2324 2465 2375 eandem
2514 2381 2524 2388 ,

211 2399 434 2463 plagam,
474 2403 524 2448 in
563 2415 708 2463 quam
749 2407 797 2450 et
834 2402 982 2451 ceteri
1017 2399 1268 2463 planetae,
1318 2400 1441 2447 inter
1479 2413 1603 2462 quos
1640 2399 1807 2449 Tellus
1847 2400 2007 2450 medio
2045 2401 2156 2450 loco
2196 2413 2336 2449 suam
2374 2397 2462 2448 de-

212 2475 375 2535 signat
413 2473 644 2536 orbitam3
683 2476 741 2522 in
776 2473 940 2538 medio
958 2488 1136 2522 cursus
1172 2474 1456 2534 constituta,
1496 2474 1656 2536 inquit
1691 2472 2002 2523 Aristarchus
2040 2471 2172 2538 apud
2210 2471 2467 2522 Archime-

213 2545 322 2595 dem
347 2539 440 2610 69);
477 2547 526 2593 in
563 2546 766 2595 eandem
804 2546 999 2610 plagam
1039 2546 1130 2594 sub
1159 2561 1257 2593 una
1292 2552 1430 2608 parte
1473 2545 1677 2607 zodiaci,
1717 2547 1765 2594 in
1806 2561 1952 2609 quam
1992 2546 2187 2611 plagam
2212 2544 2299 2595 Sol
2324 2543 2470 2594 vide-

213 2625 289 2666 tur
326 2620 511 2668 moveri
557 2620 647 2668 sub
699 2627 838 2683 parte
883 2619 1072 2668 zodiaci
1110 2619 1366 2682 opposita:
1423 2618 1632 2683 denique
1682 2620 1731 2666 in
1769 2619 1974 2668 eandem
2011 2620 2208 2683 plagam
2246 2624 2484 2673 movetur⁴

212 2691 421 2741 Telluris
459 2698 692 2755 centrum,
731 2694 781 2740 in
802 2706 950 2757 quam
988 2693 1135 2741 etiam
1162 2691 1375 2741 volvitur
1413 2697 1549 2740 motu
1576 2692 1745 2741 diurno
1784 2692 2063 2756 superficies
2089 2692 2300 2743 Telluris
2325 2695 2461 2754 parte

215 2780 244 2812 a
293 2763 408 2814 Sole
458 2779 658 2828 aversa,
708 2780 775 2815 sc.
798 2783 802 2785 ·
828 2767 878 2814 in
931 2765 1156 2829 plagam,
1210 2779 1337 2828 quae
1381 2770 1607 2829 respectu
1655 2770 1816 2815 motus
1864 2765 2025 2814 diurni
2075 2766 2272 2816 orientis
2321 2763 2470 2827 plaga

216 2836 403 2887 dicitur.
2309 2879 2311 2881 .
2460 2880 2461 2883 ,

365 2911 577 2974 Quanta
613 2917 682 2959 est
717 2913 876 2959 centri
921 2911 1132 2960 Telluris
1161 2909 1405 2972 periodus
1440 2911 1532 2959 sub
1568 2911 1706 2974 fiatis,
1745 2918 1942 2974 quanta
1976 2914 2226 2973 promotio
2263 2913 2371 2970 ejus
2407 2909 2462 2956 in

213 2997 323 3031 una
360 2985 452 3044 die,
490 2998 579 3032 seu
604 2990 780 3035 motus
816 2983 1036 3032 diurnus
1071 2983 1305 3031 medius?
1342 2981 1452 3032 Una
1488 2983 1718 3046 periodus
1755 2984 1904 3033 habet
1942 2984 2045 3033 dies
2085 2985 2188 3033 365
2229 2983 2375 3033 horas
2414 2981 2470 3032 6.,

217 3056 266 3103 9¹
322 3057 425 3104 26⁹
483 3052 675 3124 43·'l2“‘
740 3057 831 3106 sub
893 3057 1030 3117 fixis,
1093 3055 1360 3105 secundum
1414 3056 1723 3120 Tychonem;
1785 3057 1898 3106 hinc
1954 3057 2151 3105 diurnus
2205 3058 2354 3106 centri
2408 3051 2462 3102 fit

223 3124 281 3175 0⁰
330 3128 415 3177 59‘
456 3130 523 3177 8⁴¹
579 3131 708 3178 11⁰⁴·
752 3126 871 3178 2¹7¹v
920 3126 1036 3186 14V,
1121 3128 1220 3178 Sed
1272 3129 1363 3177 sub
1402 3129 1640 3192 ecliptica,
1682 3130 1819 3192 cujus
1855 3131 2144 3193 principium
2181 3123 2477 3194 seu-sectio*

217 3213 326 3248 cum
363 3208 626 3263 aequatore
666 3202 836 3251 obviat
861 3201 1045 3252 Telluri
1082 3198 1165 3267 (ob
1190 3216 1377 3251 causas
1415 3201 1540 3250 libro
1562 3202 1677 3252 VII.
1718 3199 1991 3270 dicendas),
2029 3201 2256 3265 periodus
2294 3199 2456 3251 media

217 3279 291 3320 est
327 3271 512 3322 dierum
551 3275 672 3324 365.
713 3275 760 3323 h.
804 3276 851 3323 5.
879 3276 967 3324 49‘
1010 3274 1112 3323 15¹1
1151 3275 1305 3337 46¹⁰3
1343 3274 1456 3324 hinc
1484 3275 1682 3325 diurnus
1708 3272 1769 3325 0⁰
1797 3276 1882 3324 591
1924 3277 1991 3323 8¹l
2037 3277 2157 3324 19“‘
2187 3272 2304 3326 37¹V
2334 3267 2456 3328 24V.

218 3343 349 3393 Vide
387 3344 469 3396 lib.
507 3345 597 3394 ΙΙΙ.
638 3347 721 3399 sol.
763 3349 866 3396 246
907 3353 956 3396 et
994 3348 1114 3394 274.

361 3416 493 3466 Cave
530 3418 610 3466 hic
647 3421 1043 3483 ambiguitatem3
1082 3419 1207 3468 alius
1246 3425 1318 3469 est
1355 3426 1516 3469 motus
1552 3435 1642 3469 seu
1676 3421 1916 3484 promotio
1957 3419 2127 3470 diurna
2165 3421 2314 3470 centri
2344 3419 2460 3470 Tel-

216 3487 334 3537 luris
372 3491 420 3536 in
461 3490 637 3539 circulo
677 3495 803 3541 circa
829 3493 1008 3553 Solem,
1048 3492 1175 3541 alius
1211 3498 1372 3541 motus
1410 3507 1496 3542 seu
1535 3494 1724 3556 integra
1758 3492 2001 3541 revolutio
2041 3493 2214 3544 diurna
2250 3494 2462 3557 corporis
2552 3522 2554 3555 ς

219 3565 345 3611 circa
382 3576 522 3610 axem
547 3577 702 3624 suum,
742 3565 895 3613 veluti
933 3567 975 3613 si
1012 3567 1052 3613 is
1090 3566 1196 3614 axis
1234 3571 1363 3614 esset
1401 3566 1675 3625 immobilis,
1716 3564 1775 3614 de
1814 3580 1912 3627 qua
1950 3569 1997 3614 in
2025 3565 2244 3616 doctrina
2279 3566 2459 3630 sphae-
2553 3601 2554 3604 κ

216 3637 316 3684 rica
353 3640 532 3683 actum.
607 3635 769 3684 Centri
816 3642 999 3685 motum
1048 3636 1272 3686 diurnum
1319 3639 1615 3700 exquirimus
1664 3638 1742 3686 hic
1778 3638 2087 3688 mensurandi
2126 3654 2300 3702 causa,
2351 3653 2459 3688 cor·
2551 3648 2554 3655 ·

216 3709 348 3771 poris
386 3707 584 3755 diurnus
623 3709 749 3756 circa
785 3723 926 3756 suum
963 3724 1104 3758 axem
1141 3717 1244 3758 erat
1281 3712 1467 3773 integra
1503 3709 1763 3775 revolutiO,
1801 3711 1905 3773 ipse
1944 3713 2020 3760 sui
2057 3727 2297 3763 mensura.

365 3779 486 3829 Vide
523 3779 647 3828 libro
688 3780 802 3829 VII.
843 3779 902 3828 de
939 3795 1065 3828 anno
1105 3788 1204 3830 tam
1242 3785 1428 3846 tropico
1462 3798 1609 3846 quam
1645 3781 1832 3832 sidereo
1860 3784 2013 3847 plura,
2054 3785 2212 3848 deque
2249 3785 2354 3847 ejus
2377 3784 2456 3832 in-

219 3856 346 3916 cepti
381 3869 413 3903 a
446 3853 660 3916 positivo
698 3853 934 3916 principio
972 3854 1336 3916 inaequalitate.
