2554 4140
839 164 978 209 Liber
1008 162 1199 208 Primus.
1260 162 1372 207 Pars
1401 161 1565 207 Prima.
2234 167 2332 216 129

83 314 249 362 cursus
285 317 423 375 parte
459 316 688 374 stagnare
725 311 1121 374 lentissimosque
1158 309 1405 369 incedere,
1445 316 1494 358 et
1528 309 1628 358 fere
1668 314 1855 359 tantum
1892 311 2110 374 protrudi
2148 325 2178 359 a
2216 312 2334 359 sub-

84 393 226 433 eunte
264 398 499 447 aquarum
538 386 760 446 agmine;
801 387 871 433 sic
911 384 1125 447 Ganges,
1165 387 1234 433 sic
1271 382 1424 431 Nilus*
1447 396 1534 444 per
1570 387 1723 431 totam
1763 383 2068 447 Aegyptum,
2122 384 2191 432 sic
2229 383 2335 432 Da-

80 458 257 506 nubius
303 470 390 519 per
441 454 707 519 Ungariam
758 465 806 506 et
852 457 1111 506 Thraciam
1161 457 1259 505 fere
1309 462 1462 504 totam
1521 467 1675 517 usque
1723 457 1774 502 iu
1821 462 2026 519 pontum
2076 457 2334 505 Euxinum.

89 530 308 578 Litorum
345 543 478 590 vero,
519 531 647 578 intra
686 544 813 592 quae
853 536 1084 593 stagnant
1121 530 1334 588 flumina,
1373 527 1624 576 uniformis
1661 542 1752 576 nec
1780 527 1968 578 devexa
2006 535 2080 578 est
2110 529 2335 578 altitudo,

82 601 226 664 Quod
264 602 420 651 sicubi
457 604 639 665 pernici
678 603 818 666 lapsu
859 603 1243 666 provolvuntur,
1294 600 1344 648 id
1382 614 1480 649 non
1535 599 1730 662 longius
1770 600 1932 663 durat,
1987 616 2133 665 quam
2173 601 2336 666 quoad

82 680 291 737 angusta
329 681 377 722 et
414 689 588 738 aspera
625 677 927 738 rupibusque
966 678 1194 738 utrinque
1233 676 1415 737 stipata
1454 673 1566 722 loca
1602 673 1778 722 suerint
1817 677 2012 737 egressi.

223 746 351 795 Hinc
391 750 726 809 consequitur,
766 748 900 797 haud
938 748 1082 798 facile
1120 749 1317 810 reperiri
1356 747 1583 807 fluvium,
1636 746 1775 809 cujus
1812 747 1970 796 fontes
2009 761 2105 795 uno
2142 747 2334 795 milliari

83 818 375 868 Germanico
414 819 666 870 eleventur
705 836 850 884 super
888 823 1034 870 maris
1073 820 1399 884 superficiem,
1442 821 1534 869 etsi
1571 818 1652 868 ille
1691 825 1898 869 tractum
1936 819 2016 869 vel
2053 819 2186 868 mille
2224 820 2336 868 mil-

85 893 285 940 liarium.
313 895 583 942 emetiatur.
1373 924 1380 930 ·

223 964 644 1015 Demonstratum
682 972 765 1023 est,
803 966 1114 1028 superficiem
1153 981 1320 1028 aquae
1355 965 1561 1027 9ibbam
1599 979 1709 1022 esse,
1748 979 1839 1012 nec
1874 966 2182 1028 superficiem
2219 966 2338 1013 Ter-

79 1052 263 1086 rarum
301 1039 461 1087 multo
499 1040 659 1086 aliam
699 1038 935 1100 affectare
967 1038 1213 1100 siqua-am,
1269 1052 1423 1100 quam
1465 1052 1626 1100 aquas
1636 1055 1656 1098 ,-
1705 1038 1952 1100 quomodo
1999 1053 2115 1087 vero
2149 1039 2338 1101 proba-

82 1117 182 1171 tur,
220 1110 443 1173 fiyuram
480 1111 614 1159 hanc
651 1113 860 1159 omnino
900 1110 1179 1158 rotundam
1218 1125 1339 1169 esse,
1381 1124 1496 1157 cum
1532 1110 1706 1172 yibbae
1739 1110 1937 1173 fiyurae
1980 1113 2173 1159 multae
2210 1115 2339 1159 sint:

83 1184 258 1244 ovalis,
300 1184 593 1246 cylindricm
633 1190 817 1240 torosa,
857 1189 1108 1233 sto-amosa
1146 1190 1191 1231 et
1227 1182 1445 1231 similes?
1518 1182 1808 1231 Conceditur
1833 1199 1951 1232 sane
1989 1184 2047 1232 de
2087 1184 2338 1246 superficie

85 1255 278 1316 Terrae,
321 1255 454 1318 quod
492 1270 588 1304 non
630 1259 694 1304 sit
730 1256 1079 1319 perfectissime
1118 1255 1354 1315 rotunda,
1404 1254 1489 1303 sed
1528 1256 1779 1304 extuberet
1817 1257 1864 1302 in
1904 1266 2090 1306 montes
2129 1259 2338 1320 passim;

91 1327 149 1376 de
177 1330 320 1391 aquis
359 1344 474 1378 vero
516 1331 712 1388 oceani,
763 1343 872 1377 cum
924 1328 1215 1391 tranquillae
1255 1334 1395 1388 sunt,
1448 1329 1681 1390 probatur
1734 1329 2012 1378 omnimoda
2049 1329 2337 1391 rotunditas,

86 1403 383 1464 argumentis
422 1408 523 1451 tam
562 1418 592 1450 a
629 1409 831 1462 natura,
874 1416 1021 1464 quam
1058 1418 1089 1450 a
1127 1416 1273 1450 sensu
1313 1400 1547 1450 deductis.

230 1474 328 1522 Dic
384 1481 747 1538 aryumentum
804 1490 838 1522 a
875 1482 1086 1529 natura.
1162 1474 1400 1523 Videmus
1452 1476 1642 1537 corpori
1679 1478 1834 1522 terrae
1886 1481 1932 1523 et
1971 1489 2129 1538 aquae
2179 1476 2338 1524 inesse

85 1549 185 1595 vim
222 1561 530 1611 corpoream,
584 1547 784 1596 uniendi
828 1548 922 1596 sibi
970 1562 1173 1611 corpora
1222 1558 1545 1610 quaecunque
1597 1546 1990 1610 attrahendique,
2053 1562 2198 1610 quam
2238 1549 2338 1596 vim

83 1619 233 1682 vulgo
272 1620 796 1685 gravitatem‚dicunt.
875 1620 995 1668 Cum
1043 1635 1156 1683 ergo
1209 1626 1339 1669 totus
1385 1619 1464 1668 hic
1502 1619 1677 1682 globus
1716 1619 1927 1669 Telluris
1979 1621 2193 1683 undique
2246 1623 2338 1670 cir-

82 1693 371 1742 cumfluatur
405 1696 574 1756 aquia,
624 1694 830 1742 materia
868 1693 1021 1742 fluida
1058 1708 1210 1756 seque
1247 1695 1405 1756 ipsam
1444 1692 1507 1741 ad
1544 1693 1699 1742 latera
1748 1707 1845 1741 non
1885 1696 2198 1754 terminante,
2249 1708 2338 1742 nec

83 1767 147 1813 sit
185 1766 535 1829 improbabile,
583 1766 783 1816 Terram
834 1766 979 1815 etiam
1030 1767 1231 1815 interius
1284 1767 1415 1814 tubis
1468 1766 1747 1829 ingentibus
1805 1780 1910 1815 esse
1969 1766 2339 1816 commeabilem

82 1838 312 1902 undique,
353 1838 576 1903 adeoque
615 1839 766 1888 Terra
803 1840 924 1889 forte
963 1841 1029 1888 sit
1065 1841 1218 1887 instar
1256 1839 1384 1888 ollae
1421 1845 1666 1902 pertusae,
1711 1843 1939 1889 constans
1977 1840 2338 1889 continentibus

2 1958 3 1961 ,
84 1926 173 1960 ceu
211 1914 366 1973 testis,
404 1913 535 1961 intus
567 1927 698 1975 aqua
735 1912 949 1961 refertis:
1001 1913 1218 1976 profecto
1269 1917 1434 1975 partes
1474 1926 1642 1961 omnes
1682 1927 1841 1974 aquae
1889 1914 2198 1962 circumcirca
2249 1927 2340 1962 ne-

86 1984 296 2047 quibunt
332 1985 481 2033 aliam
520 1987 670 2034 totius
710 1987 1003 2034 constituere
1041 1985 1267 2049 figuram,
1322 1999 1468 2048 quam
1518 1984 1802 2046 rotundam,
1861 1982 2091 2049 quia'vis
2140 1985 2340 2035 uniendi

88 2059 135 2104 in
173 2059 339 2120 aquis,
389 2072 486 2107 non
538 2057 772 2122 impedita
833 2072 992 2121 neque
1043 2073 1074 2107 a
1112 2072 1164 2107 se
1215 2072 1381 2120 neque·
1423 2074 1453 2107 a
1490 2064 1639 2118 terra,
1691 2058 1895 2121 figuram
1945 2059 2092 2108 efficit
2129 2061 2340 2108 maxime

88 2144 250 2188 unm,
290 2130 565 2193 cuiusmodi
601 2130 812 2181 rotunda
849 2137 938 2192 est,
979 2131 1102 2180 nihil
1138 2131 1326 2180 habens
1364 2138 1501 2181 extra
1525 2146 1593 2192 se,
1633 2130 1762 2180 unde
1799 2132 1868 2193 fit,
1913 2138 1967 2180 ut
2001 2131 2139 2181 nulla
2179 2147 2338 2195 aqua-

85 2217 193 2252 rum
230 2205 496 2254 eminentia
530 2219 679 2268 supra
715 2203 1090 2265 rotunditatem,
1150 2204 1315 2252 nullus
1368 2206 1537 2254 oceani
1575 2204 1750 2254 fluctus
1798 2204 1882 2253 diu
1921 2220 2188 2269 suspensus
2225 2220 2341 2269 per-

85 2283 281 2326 maneat
317 2272 369 2324 in
407 2277 626 2327 cumulo:
667 2276 949 2326 diffunditur
986 2279 1115 2327 enim
1153 2277 1215 2326 ad
1252 2277 1580 2326 omnimodam
1606 2278 2008 2340 aequabilitatem
2039 2281 2342 2328 constituen-

87 2347 199 2398 dam
236 2349 513 2414 ceduntque
562 2351 627 2400 ad
662 2350 793 2400 latus
843 2349 1004 2401 undae
1055 2351 1382 2414 defluentique
1420 2351 1581 2400 locum
1621 2350 1773 2413 dant,
1818 2351 2051 2414 expulsae
2092 2353 2273 2415 quippe
2312 2368 2342 2401 a

85 2422 259 2486 majori
297 2422 511 2486 pondere
549 2423 879 2473 defluentium.

230 2494 371 2545 Num
407 2511 516 2547 non
550 2496 724 2547 eadem
760 2500 916 2547 etiam
952 2496 1011 2546 de
1033 2503 1230 2546 natura
1262 2496 1447 2546 Terrae
1480 2496 1578 2545 dici
1602 2497 1839 2558 possent?
1909 2497 2152 2561 Equidem
2174 2497 2340 2559 Terra,

87 2582 197 2618 cum
232 2571 439 2632 primum
477 2569 569 2619 fuit
604 2586 636 2620 a
672 2570 782 2619 Deo
818 2575 1005 2632 creata,
1053 2576 1139 2619 aut
1177 2576 1226 2619 et
1263 2571 1371 2633 ipsa
1409 2568 1560 2619 fluida
1598 2569 1840 2636 quaedam
1890 2575 1939 2620 et
1975 2571 2138 2621 mollis
2177 2586 2341 2620 massa

89 2641 181 2690 suit
214 2644 555 2706 posteriusque
593 2642 832 2705 induruit,
873 2649 922 2692 et
957 2649 1074 2692 tunc
1112 2642 1284 2692 cadem
1322 2657 1441 2692 vera
1477 2648 1590 2692 sunt
1627 2645 1774 2693 etiam
1813 2643 1873 2693 de
1912 2650 2069 2706 terra,
2110 2658 2236 2707 quae
2277 2643 2338 2694 de

87 2714 228 2777 aquis
264 2720 379 2764 sunt
416 2714 574 2777 dicta3
613 2722 700 2764 aut
737 2722 906 2766 creata
939 2723 1014 2766 est
1050 2718 1099 2764 in
1138 2730 1231 2765 sua
1255 2715 1505 2766 soliditate
1546 2721 1595 2765 et
1627 2716 1803 2765 duritie
1829 2718 2096 2780 primaeva,
2139 2722 2188 2766 et
2225 2722 2343 2766 tunc

87 2800 148 2837 ne
182 2788 255 2837 sic
291 2787 488 2851 quidem
524 2788 784 2838 verisimile
823 2795 911 2850 est,
952 2788 1101 2839 aliam
1138 2788 1211 2838 illi
1249 2789 1455 2852 figuram
1493 2788 1720 2850 inditam,
1762 2805 1909 2852 quam
1948 2795 2214 2853 acceptura
2251 2790 2344 2839 fuit

85 2874 117 2909 a
151 2873 205 2909 se
240 2861 360 2924 ipsa,
400 2862 442 2909 si
480 2860 640 2910 mollis
677 2863 816 2911 initio
855 2862 1040 2912 fuisset.
1116 2862 1243 2910 Nam
1281 2864 1371 2911 etsi
1411 2862 1532 2911 dura
1556 2868 1643 2923 est,
1685 2876 1860 2926 corpus
1896 2869 2058 2912 tamen
2097 2864 2203 2912 sive
2229 2878 2342 2912 ma-

85 2934 206 2983 teria
252 2940 327 2983 est
376 2940 429 2982 ut
465 2949 619 2997 aqua,
673 2940 723 2984 et
774 2934 977 2985 humore
1034 2940 1280 2985 macerata
1328 2941 1415 2984 aut
1454 2936 1565 2997 igne
1603 2935 1793 2998 liquata
1843 2935 1999 2985 fluida
2049 2951 2137 3000 per
2173 2942 2339 3000 partes

88 3004 212 3055 effici
246 3012 434 3070 potest,
481 3014 537 3056 ut
587 3021 734 3070 aqua.
810 3007 905 3057 Par
954 3009 1101 3070 igitur
1149 3013 1244 3068 est,
1299 3014 1353 3056 ut
1391 3010 1539 3058 etiam
1587 3008 1765 3057 fluidae
1805 3011 2036 3059 materiae
2091 3011 2336 3073 propriam

88 3080 328 3142 acceperit
363 3078 591 3144 figuram,
633 3079 726 3129 hoc
762 3085 837 3128 est
873 3081 1146 3130 rotundam.

231 3152 338 3202 Cur
373 3167 491 3216 erqo
543 3152 702 3202 Terra
747 3166 854 3202 non
891 3154 1111 3217 perfecte
1151 3153 1377 3202 rotunda
1415 3159 1484 3201 est
1520 3158 1578 3202 ut
1614 3154 1866 3202 oceanus?
1938 3152 2342 3218 Sapientissimus

0 3226 18 3287 ’ᾗ
90 3222 306 3274 conditor
342 3227 465 3276 inter
500 3231 724 3276 naturam
759 3227 994 3275 materiae
1032 3228 1251 3288 interque
1289 3239 1432 3275 usum
1458 3226 1793 3287 animantium,
1834 3226 1974 3289 cujus
2003 3242 2153 3277 causa
2192 3231 2341 3277 ctiam

90 3293 209 3346 dura
253 3297 403 3348 Terra
439 3299 570 3349 facta
605 3299 720 3359 suit,
779 3298 983 3361 figuram
1036 3299 1141 3361 ejus
1190 3298 1552 3348 consultissima
1595 3299 1906 3363 proportione
1956 3300 2227 3363 distribuit,
2289 3310 2344 3349 ut

0 3321 22 3416 ll
88 3375 274 3420 montes
310 3370 532 3422 nonnihil
569 3370 766 3435 quidem
805 3371 1123 3431 elevarentur,
1163 3372 1410 3434 perpetuis
1436 3373 1577 3435 aquis
1616 3368 1890 3434 fundendiS,
1932 3372 2342 3437 deprimerentur-

0 3470 22 3502 ..
91 3454 184 3504 que
220 3442 374 3493 valles
411 3444 726 3530 recipiendia,
779 3443 843 3493 ad
881 3458 1075 3493 sensum
1115 3458 1255 3501 vem,
1305 3444 1499 3506 quando
1538 3450 1642 3494 tota
1678 3445 1887 3508 sphaera
1925 3461 2034 3496 cum
2073 3450 2175 3496 suis
2215 3450 2339 3496 emi-

0 3545 24 3563 ,.
91 3517 263 3565 nentiis
299 3517 445 3566 simul
472 3519 520 3566 in
547 3523 861 3581 conspectum
888 3519 1036 3578 venit,
1075 3517 1196 3565 nihil
1222 3517 1462 3579 perfectae
1489 3517 1778 3567 rotunditati
1815 3518 2050 3569 decedere
2079 3520 2342 3569 videretur.

231 3588 331 3638 Dic
381 3597 742 3653 aryumemum
787 3606 821 3639 a
867 3604 1038 3650 sensu,
1087 3605 1185 3651 pro
1230 3590 1456 3653 perfecta
1504 3591 1818 3642 rotwnditate
1864 3596 2052 3643 oceani
2131 3593 2342 3655 Quando

0 3668 25 3696 ΙΙ
94 3658 201 3708 visu
236 3675 324 3711 seu
362 3664 521 3726 capite
558 3663 624 3712 ad
660 3663 963 3727 superficiem
1021 3662 1257 3711 undarum
1309 3662 1506 3714 admoto
1558 3666 1748 3727 signum
1787 3665 1988 3750 aliquod
2042 3668 2338 3729 conspicitur

0 3745 27 3775 1
94 3733 304 3796 mainus,
341 3736 550 3810 primum
589 3750 615 3786 e
654 3737 775 3786 mari
814 3735 952 3786 velut
989 3749 1269 3799 emergens,
1323 3742 1378 3785 ut
1417 3737 1650 3787 vexillum
1686 3739 1829 3786 navis
1869 3738 2070 3788 alterius
2112 3745 2197 3788 aut
2236 3739 2338 3801 pila

26 3790 31 3844 Ι
94 3805 259 3868 turris,
297 3796 575 3872 ubicunque
612 3808 661 3858 id
700 3808 891 3860 accidat
931 3810 977 3857 in
1016 3816 1120 3857 tota
1160 3811 1329 3858 occani
1367 3810 1636 3872 superficie,
1671 3811 1773 3871 ⁴jam
1813 3814 1982 3860 statim
2019 3813 2185 3872 scinu,
2231 3818 2344 3859 tan-

178 3887 333 3931 Kepleri
356 3890 479 3933 Opera
500 3892 564 3926 VI
1966 3900 1994 3946 9
