2554 4140
126 68 227 115 758
893 57 1202 103 consideratio
1234 57 1600 105 observationum

321 214 470 286 Quid
516 214 590 271 sit
635 211 983 286 praestitum
1030 212 1090 269 in
1139 211 1525 270 collocatione
1573 214 1928 285 epocharum
1974 213 2188 273 Martis,

271 354 392 402 Cum
431 356 621 401 exstent
661 351 1029 399 observationes
1067 348 1240 398 Martis
1291 367 1321 398 a
1359 351 1606 399 veteribus
1645 351 1844 401 habitae
1892 367 1989 401 non
2026 353 2190 416 plures
2239 368 2386 416 quam

123 429 366 491 quinque:
420 439 519 472 una
557 424 781 486 Dionysii
823 436 951 470 anno
992 437 1037 470 a.
1080 422 1192 470 Chr.
1235 425 1353 470 272.
1397 421 1442 469 d.
1487 427 1567 471 18.
1607 423 1723 472 Jan.
1763 440 1932 485 mane,
1983 432 2035 474 ut
2074 426 2387 475 Ptolemaeus

123 502 193 547 ait
218 497 554 561 Hipparchum
595 498 961 558 interpretatum
1003 509 1124 554 esse,
1164 495 1380 556 reliquae
1410 503 1619 557 quatuor
1658 498 1810 559 ipsius
1835 497 2109 547 Ptolemaei
2150 513 2209 545 cx
2247 501 2388 547 annis

126 572 236 620 Chr.
282 576 413 630 130,
474 573 603 628 135,
659 573 787 629 139,
841 582 1048 630 quarum
1085 573 1182 615 tres
1220 569 1268 613 in
1308 569 1404 615 situ
1443 568 1615 616 Martis
1654 569 1953 632 acronycho,
2002 577 2176 633 quarta
2215 573 2388 620 tertiae

125 645 346 706 proxima
385 645 510 690 intra
549 641 775 700 triduum,
818 639 1102 688 confirmata
1142 642 1291 688 etiam
1330 640 1672 702 conjunctione
1713 656 1822 689 cum
1849 642 2007 691 Luna:
2054 647 2260 707 primum
2301 643 2389 692 de-

122 715 378 779 prehendi,
427 713 686 778 applicatis
736 713 1292 762 commensurationibus
1346 714 1535 761 orbium
1589 713 1859 774 hodierniS,
1916 729 2014 762 non
2051 730 2197 778 posse
2236 719 2388 766 teneri

124 803 293 837 omnes
333 794 429 836 tres
469 785 769 849 acronychas
808 785 871 834 ad
909 799 1138 847 unguem,
1178 787 1250 832 uti
1288 792 1401 832 sunt
1442 786 1488 831 in
1528 785 1819 835 Ptolemaeo
1859 790 2072 835 numeris
2113 804 2390 853 expressae,

121 859 857 923 quantamcunque‘libertatem
895 872 1098 919 usurpes
1137 857 1332 906 locandi
1371 858 1619 920 aphelium
1671 865 1719 907 et
1766 860 2165 908 accommodandi
2205 869 2390 909 motum

122 933 352 982 medium.
429 931 656 981 Secunda
694 945 803 979 mea
842 945 957 979 cura
994 930 1086 978 fuit
1126 930 1423 990 deliberare,
1464 946 1580 978 num
1621 931 1896 993 aequalitas
1939 947 2165 981 excessus
2204 936 2253 980 in
2293 949 2392 981 una

124 1006 440 1068 defectusque
479 1008 528 1051 in
554 1003 722 1063 altera,
764 1018 890 1065 quae
917 1002 1179 1066 plurimum
1217 1004 1280 1051 ab
1307 1004 1515 1051 invicem
1556 1003 1828 1069 discedunt,
1868 1006 1931 1052 sit
1964 1005 2389 1069 apprehendenda,

123 1094 249 1128 anne
287 1078 530 1126 mordicus
570 1075 845 1138 arripienda
872 1091 985 1136 una,
1027 1090 1154 1138 quae
1194 1077 1579 1142 ceterissscertior
1605 1076 1867 1125 videatur?
1943 1078 2073 1126 Dum
2098 1081 2232 1141 prius
2272 1078 2392 1126 illud

125 1158 275 1211 tento,
318 1149 626 1214 deprehendi,
670 1148 792 1196 duas
831 1148 940 1196 illas
980 1150 1138 1198 socias
1179 1163 1239 1196 ex
1272 1162 1400 1196 anno
1431 1154 1549 1209 139,
1591 1164 1796 1211 quarum
1834 1153 2076 1212 posterior
2115 1165 2223 1199 cum
2252 1151 2392 1199 Luna

123 1225 436 1286 conjunctum
475 1222 673 1271 exhibet
711 1220 972 1285 planetam,
1015 1222 1106 1270 has
1146 1223 1294 1282 igitur
1331 1226 1380 1269 et
1419 1223 1544 1270 inter
1582 1237 1634 1270 se
1675 1226 1948 1272 consentire
1993 1230 2041 1272 et
2078 1230 2291 1272 staturas
2332 1240 2392 1274 ex

122 1312 220 1345 una
272 1301 435 1359 parte,
490 1295 790 1343 defecturum
843 1309 909 1343 sc.
962 1296 1012 1343 in
1061 1296 1122 1342 iis
1174 1292 1432 1342 calculum.
1518 1293 1628 1342 Hoc
1679 1295 1941 1345 observato
1999 1296 2270 1345 consultius
2322 1303 2396 1345 est

122 1371 307 1430 visum,
349 1368 590 1416 calculum
629 1367 691 1415 ad
731 1367 819 1415 has
859 1367 982 1415 duas
1024 1366 1268 1415 adducere
1307 1381 1454 1428 quam
1492 1369 1725 1431 proxime,
1767 1370 1837 1416 sic
1875 1374 2063 1430 tamen,
2114 1375 2167 1417 ut
2207 1375 2254 1418 et
2293 1374 2394 1418 ter-

122 1443 221 1490 tiae
273 1440 548 1500 excedenti,
600 1454 661 1488 ex
709 1454 838 1488 anno
889 1454 956 1489 sc.
1001 1445 1131 1500 130,
1183 1453 1354 1502 parum
1402 1438 1588 1502 aliquid
1642 1439 1975 1503 indulgeatur,
2034 1456 2133 1504 quo
2185 1448 2232 1490 et
2286 1444 2395 1505 ipsa

122 1513 315 1563 modice
365 1528 396 1562 a
445 1512 636 1561 calculo
685 1515 998 1576 exprimatur.
1078 1511 1315 1574 Quartam
1370 1525 1486 1560 vero
1534 1527 1594 1561 ex
1647 1528 1692 1561 a.
1741 1515 1858 1561 135.
1916 1521 2149 1576 tanquam
2200 1517 2394 1563 unicam

122 1600 298 1653 passus
338 1600 444 1634 sum
485 1588 685 1648 evagari
724 1585 786 1633 ad
818 1591 979 1649 ‘totam
1016 1585 1115 1634 fere
1155 1585 1540 1647 magnitudinem
1580 1600 1639 1633 ex
1673 1600 1877 1634 excessu
1918 1593 1966 1635 et
2005 1587 2196 1636 defectu
2234 1590 2394 1635 maxi-

122 1661 216 1708 mis
269 1660 610 1721 compositam.
687 1658 746 1705 Id
798 1658 867 1707 ita
915 1659 1100 1707 factum
1155 1663 1232 1706 est
1281 1659 1458 1720 partim
1507 1659 1653 1706 etiam
1711 1660 1759 1705 111
1808 1662 2017 1722 gratiam
2057 1660 2393 1723 Dionysianae

123 1734 385 1794 antiquae,
440 1737 492 1779 ut
532 1731 750 1780 calculus
789 1733 936 1779 etiam
976 1731 1075 1792 illi,
1115 1736 1354 1793 quantum
1392 1730 1495 1779 fieri
1536 1737 1704 1794 posset
1743 1732 2086 1796 probabiliter,
2128 1735 2395 1797 appropin-

125 1810 320 1868 quaret3
361 1804 422 1853 de
462 1818 560 1867 qua
592 1805 697 1866 jam
737 1803 892 1867 plura.

273 1876 440 1925 Tertio
491 1891 727 1939 namque,
779 1883 1133 1939 utramcunquc
1172 1877 1305 1925 viam
1358 1889 1419 1923 ex
1458 1874 1600 1924 dictis
1654 1876 1954 1939 ingrederer,
2009 1879 2260 1941 apparuit,
2309 1892 2396 1941 per

125 1950 336 2014 epochas
376 1965 406 1998 a
431 1949 746 1998 Ptolemaicis
786 1950 1213 1999 observationibus
1253 1947 1585 2011 dependentes
1625 1954 1672 1997 et
1709 1963 1796 2013 per
1830 1957 1992 1999 motus
2032 1951 2290 2000 admensas
2331 1950 2392 1999 ad

128 2025 359 2087 temporis
398 2023 714 2071 intervallum
762 2023 888 2072 inter
925 2023 1175 2087 Tychonis
1226 2023 1521 2071 certissimas
1562 2022 1930 2072 observationes
1979 2030 2027 2071 et
2067 2023 2394 2073 Ptolemaicas

127 2095 305 2156 dictaS,
355 2109 455 2143 non
502 2109 647 2159 posse
698 2098 850 2144 teneri
891 2096 1250 2160 Dionysianam
1303 2095 1719 2155 observationem,
1777 2098 1894 2158 quin
1939 2098 2103 2158 potius
2152 2096 2393 2146 calculum

128 2175 349 2217 nostrum
387 2167 755 2217 transscendere
804 2169 910 2232 ejus
949 2169 1111 2217 locum
1150 2169 1311 2231 spatio
1350 2169 1471 2215 satis
1510 2181 1716 2229 magno,
1766 2175 1821 2216 ut
1869 2169 1999 2231 quod
2039 2168 2172 2217 Mars
2212 2169 2396 2218 visibili

128 2247 267 2300 motu
307 2241 612 2289 confecturus
666 2242 728 2288 sit
766 2242 894 2290 intra
931 2241 1160 2289 triduum.
1238 2240 1346 2288 Hac
1384 2239 1443 2288 de
1482 2254 1532 2289 re
1572 2239 1770 2302 querela
1821 2248 1981 2290 exstat
2028 2243 2174 2290 etiam
2211 2243 2260 2289 in
2299 2241 2393 2290 fine

125 2314 239 2362 libri
276 2317 386 2373 mei,
429 2312 787 2362 Commentaria
826 2314 886 2363 de
924 2318 1061 2362 motu
1098 2313 1271 2362 stellae
1299 2313 1470 2361 Martis
1507 2314 1743 2377 inscripti.
1785 2319 1901 2367 (Vol.
1933 2321 2009 2363 ΙΙΙ.
2039 2320 2114 2363 rol.
2145 2322 2229 2362 431
2265 2324 2340 2371 ss.)

270 2385 382 2434 Hoc
431 2399 578 2449 super
624 2388 824 2448 negotio
874 2401 1052 2449 magna
1103 2387 1195 2434 fuit
1247 2392 1352 2434 orta
1400 2382 1753 2447 cogitationum
1810 2401 2026 2435 mearum
2074 2386 2392 2450 perturbatio,

136 2458 449 2507 consiliorum
487 2460 720 2507 varietas.
798 2459 922 2508 Cum
962 2461 1089 2508 enim
1128 2458 1360 2519 viderem,
1406 2458 1532 2507 hanc
1571 2459 1963 2508 observationem
2002 2462 2069 2508 ita
2109 2459 2303 2507 demum
2341 2474 2394 2508 se

133 2532 466 2596 praebituram
512 2530 724 2592 calcu10,
776 2547 863 2595 per
918 2533 1290 2581 observationes
1328 2531 1654 2579 Ptolemaicas
1704 2545 1812 2580 sese
1850 2547 2044 2581 versum
2093 2532 2393 2592 ascendenti,

132 2606 174 2652 si
213 2619 272 2652 ex
316 2609 397 2652 18.
439 2602 555 2653 Jan.
604 2606 779 2653 11115.
821 2605 927 2666 ejus
980 2604 1108 2652 diem
1157 2610 1524 2667 transponatur,
1578 2606 1716 2668 coepi
1769 2603 1991 2654 dubitare
2047 2605 2107 2654 de
2154 2604 2248 2652 fide
2294 2611 2395 2652 tam

130 2676 403 2725 Ptolemaei
442 2691 590 2738 quam
616 2676 884 2741 Hipparchi
924 2675 1021 2743 (cui
1059 2678 1144 2727 ille
1182 2683 1432 2740 acceptam
1472 2678 1564 2725 fert
1603 2677 1955 2726 ordinationem
1993 2679 2394 2727 observationum

131 2746 370 2814 veterum)
410 2751 457 2795 in
498 2749 790 2812 applicando
832 2750 910 2799 die
948 2752 1130 2799 mensis
1169 2750 1403 2814 Aegyptii
1442 2750 1504 2798 ad
1544 2749 1672 2798 diem
1712 2754 1796 2799 25.
1836 2752 2016 2799 mensis
2055 2751 2395 2813 Capricornio·

130 2823 206 2868 nis
247 2822 566 2885 Dionysiani,
622 2824 926 2885 suspicatuS,
978 2823 1082 2872 fieri
1117 2825 1339 2884 potuisse
1388 2829 1588 2885 propter
1625 2825 1787 2871 varias
1829 2837 2066 2871 annorum
2117 2824 2295 2871 formas
2336 2838 2395 2871 ex

131 2896 348 2956 antiquo,
389 2908 485 2942 non
525 2896 645 2942 satis
682 2895 806 2943 forte
845 2897 1066 2957 cognitas
1105 2895 1390 2958 Hipparcho
1429 2896 1700 2955 recentiori,
1741 2902 1795 2943 ut
1834 2895 2144 2958 Hipparchus
2183 2896 2393 2944 triduum

132 2966 448 3015 aberraverit.
527 2966 861 3015 Confirmabar
899 2970 947 3014 111
987 2968 1081 3017 1130
1120 2970 1349 3031 opinione
1390 2968 1679 3030 conjecturis
1719 2968 1853 3029 aliis,
1895 2969 2027 3031 quod
2065 2983 2132 3019 sc.
2161 2968 2392 3028 viderem,

133 3053 191 3086 ex
249 3040 646 3088 observationum
686 3040 1104 3104 Dionysianarum
1143 3040 1289 3107 (quae
1338 3047 1451 3088 sunt
1503 3041 1698 3088 omnino
1743 3047 1800 3102 73
1856 3055 1956 3089 una
2008 3056 2074 3089 sc.
2125 3042 2174 3089 in
2219 3041 2392 3100 Marte,

131 3124 230 3158 una
267 3113 316 3159 in
355 3110 508 3173 Jove,
557 3114 780 3175 quinque
819 3116 868 3160 111
907 3112 1191 3178 Mercurio),
1238 3129 1299 3163 ex
1335 3113 1508 3161 harum
1547 3115 1747 3175 inquam
1787 3113 1960 3162 dicbus
1998 3115 2045 3160 in
2083 3128 2249 3162 mense
2287 3113 2395 3175 ple-

131 3196 308 3245 rosque
348 3184 546 3245 quidem
584 3200 690 3234 esse
733 3184 1074 3234 denominatos
1126 3187 1188 3234 ab
1227 3186 1358 3234 illius
1396 3184 1577 3248 gradus
1624 3200 1825 3235 numero
1839 3222 1851 3247 ,
1907 3185 1971 3235 ad
2009 3201 2152 3249 quem
2191 3186 2393 3247 gradum

129 3254 268 3303 locus
295 3255 423 3304 Solis
452 3257 655 3317 mediuS‚
697 3274 728 3307 a
754 3258 1043 3307 Ptolemaeo
1084 3263 1408 3322 computatum
1447 3261 1665 3320 proxime
1694 3259 1903 3317 accedit,
1944 3265 1992 3307 et
2027 3266 2185 3308 tamen
2215 3259 2393 3306 alicubi

130 3341 357 3376 numeros
408 3328 555 3378 hosce
596 3330 690 3379 diei
741 3332 791 3377 111
832 3346 998 3380 mense
1050 3338 1097 3380 et
1143 3331 1323 3394 gradus
1362 3330 1493 3379 Solis
1544 3334 1591 3378 in
1632 3334 1771 3393 signo
1819 3331 2024 3380 multum
2073 3331 2135 3379 ab
2186 3331 2393 3380 invicem

131 3399 396 3448 discedere.
474 3402 533 3450 Et
582 3402 702 3451 illud
742 3403 942 3465 quidem
979 3403 1244 3453 ‘redolebat
1294 3404 1577 3452 methodum
1618 3406 1731 3452 anni
1767 3403 1940 3452 solaris
1985 3404 2185 3466 tropici,
2241 3405 2325 3466 qui
2365 3419 2394 3451 a

131 3477 499 3535 parapegmate,
541 3475 671 3536 quod
710 3475 825 3524 addi
864 3475 1068 3537 solebat,
1110 3476 1474 3535 denominatur,
1513 3476 1607 3525 hoc
1648 3490 1795 3536 ver0,
1836 3490 1944 3525 cum
1983 3475 2043 3524 ab
2083 3490 2209 3524 anno
2235 3476 2394 3524 lunari

133 3546 359 3592 excusari
397 3547 635 3607 nequiret,
675 3548 802 3597 unde
841 3550 989 3610 igitur
1026 3549 1317 3610 accidisset,
1357 3550 1531 3611 conjici
1571 3563 1882 3612 nequaquam
1918 3553 2125 3608 poterat.
2201 3547 2391 3597 Indulsi

131 3620 295 3666 tamen
352 3615 655 3679 aliquamdiu
707 3622 923 3682 opinioni
976 3620 1034 3670 de
1092 3637 1220 3670 anno
1283 3621 1463 3682 lunari,
1534 3622 1818 3685 praesertim
1868 3620 1995 3668 circa
2045 3620 2170 3670 hanc
2219 3621 2391 3669 Martis

132 3689 546 3738 observationem.
626 3690 742 3738 Vidi
782 3695 924 3752 enim,
965 3696 1006 3741 si
1044 3709 1131 3757 pro
1175 3700 1256 3743 18.
1281 3693 1396 3742 Jan.
1424 3692 1522 3743 15.
1551 3698 1831 3751 sumeretur,
1873 3690 2007 3739 illum
2049 3696 2244 3742 omnino
2285 3708 2390 3742 esse

132 3761 322 3811 Lunam
362 3766 445 3812 25.
486 3761 594 3826 ejus
631 3765 832 3826 mensis,
886 3765 1024 3829 cujus
1064 3772 1308 3833 διχομηνια
1346 3769 1396 3814 111
1436 3766 1781 3830 Capricornum
1820 3763 2054 3814 incideret
2103 3773 2151 3816 et
2188 3768 2259 3815 sic
2296 3765 2391 3814 hoc
