2554 4140
808 126 947 173 Liber
974 126 1172 176 PrimuS.
1227 127 1339 172 Pars
1371 124 1554 184 Quinta.
2211 132 2274 180 17
2281 131 2311 179 9

61 276 268 328 exsudat
301 279 519 326 meteora
556 272 621 322 ad
654 277 1010 339 praescriptum
1047 282 1360 340 aspectuum,
1413 287 1620 337 quorum
1669 275 1884 324 rationes
1932 273 2160 324 formales
2198 280 2312 324 sunt

59 365 191 400 mere
226 348 565 412 geometricae.
640 347 723 396 Sic
761 350 889 397 enim
926 356 975 398 et
1011 350 1133 398 illud
1169 347 1366 409 animal,
1406 347 1538 409 quod
1576 354 1743 396 movet
1779 347 1930 411 pedes
1956 347 2022 397 ad
2057 348 2194 411 leges
2220 347 2315 397 ali-

61 423 199 484 cujus
236 420 532 480 cantilenae,
585 426 715 470 recte
756 422 1089 472 concludimus
1129 430 1177 473 et
1212 423 1461 486 percipere
1499 419 1792 470 cantilenam
1831 427 1880 471 et
1924 435 2199 471 mensuram
2236 423 2315 470 in-

57 495 290 558 telligere,
331 492 541 556 denique
578 495 642 544 ab
681 496 847 544 anima
883 497 1001 558 regi.
2024 502 2032 506 ’

56 609 93 620 .,
201 565 306 615 Etsi
343 566 465 615 haec
502 568 667 616 omnia
704 566 854 616 habet
892 575 940 617 et
962 568 1168 631 percipit
1205 568 1368 616 anima
1391 565 1599 615 Telluris
1636 565 1869 615 instinctu
1906 567 2175 630 primaeve,
2215 581 2315 618 non

45 639 278 700 'discursu
316 645 366 688 et
397 640 769 690 ratiocinatione
809 647 857 690 et
892 643 1126 704 prosectu,
1167 646 1222 688 ut
1257 640 1493 690 homines.

57 767 64 770 Δ
209 711 301 760 Ubi
333 712 558 775 perhibes
593 715 879 775 exemplum
931 729 1214 775 occurrere,
1272 716 1328 761 in
1385 728 1487 776 quo
1544 712 1848 761 rotationem
1901 713 2045 773 ylobo
2095 721 2318 775 praestet

42 784 275 835 ‘02⁸⁸‘an
321 785 379 833 In
415 784 566 847 globo
604 786 749 847 Solis,
791 802 936 850 quem
974 794 1024 837 et
1061 785 1291 836 convolvi
1327 788 1378 834 in
1415 799 1504 835 suo
1544 785 1707 849 spatio
1747 791 1796 833 et
1837 786 2001 834 anima
2039 786 2314 848 praeditum

53 873 182 919 esse,
219 859 268 905 in
308 857 526 908 doctrina
563 859 780 910 theorica
819 861 1228 924 comprobabitur.
1316 887 1319 891 Α

52 975 74 989 ,,
198 931 256 979 Sa·
293 933 475 980 anima
511 939 581 981 est
615 936 674 982 in
717 933 902 995 Terra,
953 933 1043 982 sub
1082 948 1242 996 quam
1278 934 1438 994 ἐρίων
1474 932 1682 994 speciem
1721 933 1929 979 animae
1965 945 2080 979 eam
2119 933 2314 995 refers?

50 1003 322 1053 Constituit
357 1006 467 1067 ipsa
503 1006 799 1068 peculiarem
835 1007 1076 1069 speciem3
1115 1020 1205 1054 nec
1230 1007 1370 1059 ,enim
1409 1018 1622 1061 crescere
1659 1004 1778 1053 facit
1815 1004 2027 1064 Terram,
2068 1019 2158 1054 nec
2197 1020 2314 1053 sen-

48 1077 159 1138 gire,
197 1090 288 1126 nec
316 1079 610 1140 ratiocinari,
650 1079 806 1128 veluti
842 1093 930 1142 per
957 1078 1242 1140 discursum,
1282 1078 1369 1127 sed
1395 1083 1582 1126 tantum
1621 1085 1787 1126 movet
1812 1083 1861 1126 et
1897 1083 2156 1140 promovet
2184 1077 2315 1128 dicta

49 1163 218 1214 spera,
259 1152 424 1200 omnia
460 1151 566 1200 solo
606 1154 840 1200 instinctu
879 1151 1156 1216 expediens.
1269 1146 1274 1154 ’

48 1238 63 1281 9
206 1221 297 1272 VI.
347 1223 449 1272 Dic
483 1231 792 1287 aryumenta
828 1225 980 1274 ducta
1020 1241 1054 1274 a
1085 1225 1186 1284 fine
1222 1230 1403 1273 motus.
1483 1223 1590 1271 Etsi
1621 1223 1715 1272 hoc
1753 1224 2000 1272 sciverunt
2037 1223 2230 1288 physici
2269 1231 2318 1273 et

46 1295 342 1359 antiphaeus
389 1299 819 1360 peripateticorum
857 1298 1172 1359 AristoteleS,
1231 1310 1486 1359 corporum
1526 1296 1810 1346 coelestium
1851 1298 2110 1346 circulares
2149 1303 2314 1346 motus

0 1370 2 1376 ’
48 1368 196 1422 finem
229 1371 282 1417 in
319 1384 373 1419 se
410 1372 532 1433 ipsis
568 1371 764 1432 habere,
803 1386 894 1421 nec
931 1371 1017 1420 illa
1053 1372 1239 1421 moveri
1276 1375 1474 1434 propter
1511 1368 1647 1418 aliud
1684 1369 1887 1432 aliquid,
1929 1384 2078 1433 quam
2115 1378 2316 1434 propter

51 1441 145 1492 hoc
180 1445 355 1506 ipsum,
394 1450 451 1491 ut
486 1452 790 1506 moveantur,
829 1459 1000 1495 sensus
1039 1450 1202 1494 tamen
1241 1443 1494 1493 oculorum
1530 1456 1621 1491 nos
1661 1441 1827 1504 docet,
1882 1443 1932 1491 id
1970 1458 2068 1492 non
2110 1446 2311 1494 univer-

48 1515 215 1590 faliter
263 1516 324 1565 de
370 1518 583 1566 motibus
633 1519 858 1568 omnibus
899 1517 1214 1568 circularibus
1266 1517 1476 1581 intelligi
1513 1523 1561 1565 et
1600 1515 1802 1565 concedi
1838 1515 2003 1579 posse.
2080 1517 2312 1567 Testatur

46 1591 179 1666 Εῃίω
216 1590 530 1653 experientia,
570 1605 668 1641 non
704 1606 846 1642 secus
885 1598 1032 1655 atque
1070 1590 1239 1640 nubila
1275 1596 1435 1639 tranat
1471 1590 1668 1653 aquila,
1708 1604 1807 1638 non
1844 1597 2035 1639 tantum
2073 1596 2127 1640 ut
2166 1605 2311 1641 exer-

0 1719 1 1724 ,
46 1668 229 1726 peatur,
267 1662 354 1712 sed
387 1665 619 1726 primario
659 1671 713 1714 ut
736 1663 970 1729 praedam
1005 1666 1326 1725 nanciscatur,
1366 1663 1436 1712 sic
1461 1666 1609 1712 etiam
1644 1664 1852 1726 primum
1891 1670 2080 1719 motum
2120 1666 2316 1713 contin-

0 1751 2 1798 Ι
45 1749 177 1802 gere,
218 1741 272 1784 ut
291 1735 701 1801 Tellurispartes
739 1741 1016 1794 successive
1056 1752 1224 1787 omnes
1263 1736 1424 1786 calore
1463 1735 1592 1786 Solis
1629 1738 1880 1800 potiantur
1918 1743 1966 1787 et
2004 1751 2081 1799 ne,
2121 1738 2163 1786 si
2206 1751 2351 1786 mom

0 1800 2 1871 Ι
47 1807 129 1884 [με
164 1807 246 1858 hic
283 1823 380 1859 non
419 1818 577 1873 esset,
633 1811 843 1861 Telluris
881 1811 1086 1862 alterum
1125 1810 1537 1874 hemisphaerium
1576 1816 1767 1872 uratur,
1819 1809 2028 1860 alterum
2074 1817 2312 1875 perpetuo

8 1928 9 1931 ,
51 1879 166 1945 gelu
203 1882 374 1945 rigeat.

7 1948 9 1954 ’
196 1954 314 2004 Jam
351 1970 448 2005 non
488 1963 563 2006 est
589 1956 835 2019 credibile,
874 1962 929 2005 ut
965 1962 1072 2006 tota
1111 1956 1237 2006 coeli
1274 1956 1503 2006 machina
1540 1956 1652 2006 talis
1678 1957 1900 2020 privatae
1939 1971 2060 2007 suae
2098 1956 2316 2006 necessi-

48 2013 167 2094 ssfis
192 2043 352 2090 ‚causa
389 2029 469 2079 vel
500 2031 625 2080 circa
651 2030 851 2081 Terram
890 2032 1167 2092 circumeat,
1207 2035 1262 2079 ut
1301 2045 1331 2078 a
1371 2044 1467 2092 qua
1505 2029 1626 2078 nihil
1666 2030 1857 2094 accipit,
1898 2030 1978 2080 vel
2017 2031 2165 2079 etiam
2190 2033 2317 2080 circa

10 2131 11 2145 Ι
51 2092 228 2164 Belem,
268 2102 316 2150 in
353 2102 515 2153 medio
554 2104 765 2153 suisinu
792 2103 1109 2167 collocatum;
1149 2102 1381 2153 reclamat
1418 2104 1547 2152 enim
1585 2103 1742 2167 figura
1781 2103 2035 2153 machinae
2075 2119 2214 2166 cava,
2257 2119 2316 2153 ex
2377 2146 2383 2157 Χ

51 2161 156 2245 ἡαπ
193 2175 523 2239 intelligimus,
563 2176 717 2240 illam,
754 2179 859 2227 sive
900 2178 1128 2241 quiescat·
1157 2179 1263 2226 sive
1301 2183 1573 2238 moveatur,
1615 2184 1822 2240 utroque
1859 2177 2005 2226 modo
2026 2177 2155 2226 Solis
2195 2191 2316 2227 con-

50 2244 223 2317 !sp‘ectu
261 2247 408 2313 (adde
446 2252 489 2299 si
526 2251 604 2299 vis
643 2257 692 2300 et
729 2248 959 2317 Telluris)
996 2251 1088 2300 frui
1127 2249 1430 2314 aequaliter..
1490 2250 1666 2313 Itaque
1705 2250 1894 2300 coelum
1934 2257 1982 2300 et
2021 2250 2107 2300 Sol
2147 2252 2195 2298 in
2236 2266 2312 2314 e0,

0 2360 1 2373 2
49 2316 96 2371 Ιί
128 2327 264 2387 motu
314 2322 469 2386 primo
517 2329 764 2386 movetur,
813 2339 912 2373 non
948 2323 1025 2372 sui
1077 2325 1230 2389 ipsius
1268 2323 1355 2372 sed
1393 2322 1604 2372 Telluris
1658 2334 1808 2374 causa
1843 2331 1981 2373 motu
2019 2326 2176 2388 primo
2218 2327 2313 2373 cir-

49 2388 346 2462 'elimagetun
421 2395 480 2444 Id
518 2411 635 2446 vero
673 2396 1027 2462 perabsurdum
1066 2403 1168 2463 est,
1207 2403 1394 2446 tantam
1429 2397 1635 2460 molem,
1677 2413 1826 2461 quarn
1864 2399 2012 2448 etiam
2050 2397 2313 2461 perfectio-

48 2454 157 2534 ’ἠιιι
195 2468 373 2518 Terrae
411 2469 560 2533 globo
599 2470 898 2521 contendunt
935 2469 1243 2534 philosophi,
1284 2476 1482 2534 propter
1519 2469 1667 2533 hujus
1715 2473 2092 2535 angustissimae
2131 2471 2315 2534 pilulae

49 2522 259 2610 figuram
300 2545 419 2608 (qua
454 2541 523 2604 fit,
563 2549 618 2592 ut
653 2539 764 2608 ipsa
793 2543 922 2594 Solis
962 2546 1073 2607 igne
1112 2550 1218 2594 tota
1253 2543 1345 2592 frui
1383 2558 1482 2593 una
1519 2545 1628 2593 vice
1661 2559 1758 2594 non
1795 2545 1971 2609 possit)
2012 2550 2199 2594 tantum
2224 2546 2316 2595 iter

0 2609 3 2636 ¹
95 2627 315 2683 *ragrare
355 2616 713 2679 circumeundo,
754 2632 862 2666 cum
888 2616 1039 2666 Terra
1064 2619 1219 2681 possit
1245 2617 1379 2666 illam
1417 2617 1512 2667 hoc
1539 2631 1682 2667 onere
1707 2618 1967 2668 sublevare
1994 2618 2310 2681 compendio-

100 2695 103 2698 ’
146 2689 247 2737 ima
286 2687 538 2739 volutione
576 2692 651 2739 sui
692 2689 979 2754 corpusculi,
1019 2691 1219 2754 perinde
1255 2692 1382 2740 enim
1422 2695 1564 2754 esset,
1605 2706 1663 2740 ac
1703 2694 1744 2740 si
1784 2706 1929 2740 cocus
1967 2693 2164 2755 ineptus
2202 2705 2311 2740 car—

0 2778 13 2836 ιἰ
55 2770 163 2827 nem
202 2776 320 2811 veru
358 2762 503 2811 fixam
539 2771 724 2814 vertere
763 2764 1068 2827 dedignatus,
1109 2766 1270 2828 ignem
1307 2765 1472 2827 potius
1501 2765 1627 2813 circa
1666 2779 1858 2814 carnem
1885 2764 2062 2814 circulo
2103 2765 2311 2814 circum-

0 2831 12 2890 Ι·
99 2839 102 2842 ’
168 2839 233 2886 et.

0 2868 16 2981 ,Ιὶ
50 2839 355 2971 Ἕω,Ηιῇιιε
405 2910 677 2971 argumenti
724 2910 801 2958 vis
851 2909 975 2959 infra
1021 2909 1145 2959 libro
1183 2912 1324 2960 tertio
1362 2913 1625 2974 praecipue
1663 2910 1861 2971 nitebit,
1916 2910 1998 2959 ubi
2038 2910 2097 2960 de
2148 2913 2311 2961 causis

0 2980 15 3032 ΙΙ
53 2978 268 3031 inclinati
308 2982 414 3030 axis
454 2981 663 3031 Telluris
701 2997 919 3045 agemus.
996 2982 1140 3045 Quod
1179 2986 1305 3034 enim
1345 2983 1577 3033 zodiacus
1615 2981 1678 3032 ad
1718 2989 2034 3046 aequatorem
2086 2983 2316 3048 obliquus

0 3049 16 3149 Γ
53 3056 129 3102 αἱ
160 3053 336 3114 iactus,
378 3055 485 3117 ejus
525 3057 594 3104 rei
633 3055 743 3104 finis
781 3062 831 3104 et
867 3055 1056 3105 utilitas
1095 3062 1198 3106 toto
1236 3055 1419 3105 mundo
1459 3056 1596 3106 nulla
1636 3063 1863 3119 apparet,
1903 3058 1996 3105 nisi
2034 3063 2224 3107 tantum
2264 3060 2313 3106 in

0 3134 17 3185 ;'
56 3126 304 3189 superficie
341 3128 576 3177 Telluris:
618 3142 703 3177 eur
739 3130 887 3191 igitur
927 3129 1045 3179 alibi
1084 3144 1231 3192 quam
1268 3132 1318 3178 in
1356 3131 1466 3192 ipsa
1502 3128 1699 3178 Tellure
1739 3131 1886 3192 inque
1924 3128 2015 3179 axe
2054 3131 2161 3194 ejus
2202 3145 2311 3181 cor-

0 3208 18 3267 Ι·
53 3199 186 3261 pris
219 3203 416 3265 proprio
455 3202 689 3251 inclinato
730 3215 1073 3264 quaereremus
1097 3203 1245 3265 huJus
1283 3202 1586 3264 obliquitatis
1614 3202 1852 3251 causam?
1918 3202 2014 3252 Cur
2043 3204 2315 3269 eclipticam

54 3270 281 3323 inv‘coelo
319 3274 660 3324 inclinabimus
698 3289 785 3338 per
822 3277 1036 3337 spatium
1073 3277 1224 3325 vicies
1262 3275 1442 3323 millies
1479 3275 1638 3338 majus
1689 3272 1761 3342 (ut
1798 3277 1951 3340 vulgo
1993 3277 2313 3345 computant),

0 3349 22 3403 ΙΙ
53 3348 108 3392 ut
145 3358 271 3396 zona
318 3350 556 3397 terrestris
593 3349 724 3398 Solis
774 3361 975 3397 accessu
1026 3354 1074 3397 et
1108 3362 1305 3398 recessu
1342 3347 1578 3411 gaudeat,
1640 3362 1749 3397 cum
1799 3352 1957 3412 possit
2005 3350 2134 3401 idem
2181 3352 2308 3401 effici

0 3412 21 3466 Ι’
55 3415 366 3539 montione
405 3422 582 3486 simpla
619 3424 725 3470 axis
753 3420 969 3471 Terrae?
1008 3420 1159 3470 Porro
1198 3434 1341 3470 axem
1378 3423 1599 3484 sequitur
1636 3427 1812 3486 motus,
1854 3424 1994 3488 cujus
2032 3439 2184 3475 causa
2220 3439 2315 3489 po-

0 3490 22 3552 ῑζ
218 3495 342 3543 axis.

0 3557 24 3599 Ἃ
61 3590 67 3599 ·
198 3564 374 3616 Posset
410 3569 558 3617 etiam
597 3581 658 3617 ex
695 3567 1099 3631 philosophorum
1139 3567 1413 3630 principiis,
1468 3570 1550 3631 qui
1590 3569 1780 3618 coelum
1819 3584 1994 3633 corpus
2030 3571 2312 3634 perfectum,

0 3675 24 3703 ¹.
57 3630 255 3686 Terram
302 3638 646 3690 elementarem
697 3648 746 3690 et
791 3641 1121 3704 imperfectam
1174 3639 1396 3701 tradunt,
1452 3640 1546 3690 hoc
1582 3641 1840 3699 disputari:
1893 3646 2106 3706 quietem
2162 3643 2310 3706 illam,

0 3713 26 3756 ΙΙ
58 3717 184 3768 quae
218 3712 361 3773 primi
396 3721 559 3762 motus
598 3719 674 3763 est
710 3717 933 3778 negati0,
974 3713 1111 3762 coelo
1151 3719 1439 3776 competere,
1477 3721 1663 3765 motum
1702 3717 1860 3778 ipsum
1901 3716 2107 3778 Terrae,
2161 3731 2310 3779 prop-

0 3777 30 3840 ΙΙ
56 3782 191 3830 terea
234 3785 364 3846 quod
398 3792 565 3835 motus
602 3801 664 3836 ex
701 3801 877 3851 genere
917 3789 982 3835 sit
1018 3798 1213 3847 eorum,
1251 3800 1377 3849 quae
1414 3799 1511 3836 non
1551 3794 1666 3836 sunt
1701 3788 1789 3837 sed
1827 3788 1974 3851 fiunt3
2025 3804 2122 3838 non
2162 3790 2310 3851 igitur

0 3854 28 3904 Ι
59 3849 122 3900 nd
160 3866 222 3903 ca
257 3858 488 3921 pertinet,
538 3873 665 3922 quae
714 3875 835 3911 suae
871 3861 1182 3923 perfectionis
1221 3859 1423 3922 gradum
1474 3863 1523 3909 in
1561 3875 1614 3910 se
1651 3862 1770 3922 ipsis
1807 3861 1991 3911 habent
2028 3876 2304 3925 perennem,

1837 3949 1958 3995 12⁹⁶
