2560 4100
186 122 254 168 24
816 88 1051 165 Epistolae
1081 106 1268 164 Kepleri
1298 107 1576 163 aliorumque
1616 111 1798 167 mutuae

184 260 439 326 longitudo
490 259 721 322 trajectus
772 259 824 304 in
869 256 1080 306 Italiam.
1155 256 1201 305 A
1247 255 1540 316 Carthagine
1587 269 1703 304 vero
1749 254 2097 305 Alexandriam
2143 256 2428 306 Ptolemaeo

187 333 424 385 credenda
463 333 551 381 erit
591 329 860 378 differentia
895 329 1228 392 longitudinis,
1278 330 1368 377 etsi
1406 329 1553 376 etiam
1588 328 1800 376 Plinium
1839 332 1887 376 et
1925 329 2213 379 Strabonem
2253 334 2431 378 conau-

185 409 272 456 lui.
349 407 430 456 Sic
469 403 527 451 de
568 403 835 452 differentia
873 405 996 452 inter
1022 400 1366 451 Alexandriam
1394 405 1440 448 et
1465 400 1702 466 Araccam
1740 400 1930 449 credam
1959 401 2272 467 Albategnio,
2312 405 2434 451 inter

187 481 322 529 illam
363 484 410 526 et
446 475 753 540 Babylonem
789 478 983 538 utrique
1007 512 1019 536 ,
1081 479 1215 523 erant
1270 475 1396 521 enim
1434 475 1577 535 periti
1612 474 1806 522 illarum
1842 476 2110 538 regionum.
2185 475 2227 523 A
2269 474 2436 524 Sicilia

187 567 302 602 vero
341 564 425 615 per
462 556 791 598 transversum
828 548 1003 596 Italiae
1041 560 1196 609 usque
1237 546 1488 593 Anconam
1528 552 1612 594 aut
1628 546 1862 594 Venetias
1899 547 2108 609 indeque
2145 563 2300 611 usque
2321 547 2435 595 Vil-

185 626 372 684 lacum,
422 622 670 682 Lincium,
719 621 929 682 Pragam
968 626 1016 669 et
1055 621 1247 686 omnino
1286 619 1544 666 Huennam
1582 632 1679 666 non
1718 618 1909 668 difficile
1950 635 2055 668 esse
2094 626 2238 684 put0,
2279 623 2347 668 cis
2387 627 2435 669 et

185 697 311 745 ultra
348 694 530 758 rigidas
567 694 723 759 Alpes
761 709 820 742 ex
868 686 1226 742 summitatibus
1274 692 1512 739 montium
1561 697 1879 740 extremorum
1928 698 2212 756 perpetuum
2262 693 2435 741 ducere

185 769 516 818 meridianum.
591 768 732 832 Ipsas
770 781 886 815 vero
926 767 1176 828 angustias
1215 763 1428 828 Alpium,
1471 778 1674 826 quarum
1711 767 1916 813 vertices
1953 764 2171 814 inscendi
2196 780 2291 813 nou
2317 779 2435 828 pos-

185 848 313 904 sunt,
352 841 627 904 magnetica
666 838 846 903 pyxide
885 838 1286 902 perambularem,
1326 843 1379 885 ut
1417 839 1639 900 regiones
1679 838 1747 886 cis
1787 837 1939 901 Alpes
1978 852 2086 886 cum
2123 838 2436 901 transalpinis

188 923 537 965 connecterem.
615 913 776 974 Atque
832 911 945 959 huic
997 913 1066 959 rei
1113 912 1294 958 serviet
1337 909 1456 957 mihi
1504 910 1856 975 chorographia
1902 909 2163 972 Austriae,
2228 910 2435 974 Styriae,

187 988 465 1038 Carinthiae
511 988 616 1050 jam
667 984 984 1044 demandata,
1038 985 1080 1031 si
1135 982 1331 1045 quidem
1359 985 1560 1032 vixero.
1637 983 1714 1032 Tu
1762 985 1804 1031 si
1843 982 1959 1046 quid
1997 983 2154 1032 simile
2193 989 2437 1048 praestare

186 1067 339 1126 potes,
381 1066 466 1109 aut
502 1062 541 1108 si
580 1064 810 1122 patronos
849 1057 1000 1105 habes
1037 1055 1101 1105 ad
1140 1062 1257 1104 vota
1292 1062 1459 1105 nostra
1496 1055 1827 1120 promovenda
1851 1062 2083 1120 promtOS‚
2121 1062 2315 1120 praesta
2339 1056 2437 1105 tale

187 1133 398 1198 aliquid,
438 1138 646 1181 metatus
685 1129 1001 1179 meridianum
1039 1130 1274 1178 Dantisco
1311 1144 1397 1193 per
1432 1129 1716 1189 Poloniam,
1765 1128 1845 1178 vel
1883 1131 1924 1178 si
1961 1130 2138 1178 infesta
2175 1135 2287 1178 sunt
2312 1129 2436 1190 loca,

187 1208 358 1257 saltem
401 1206 631 1254 circulum
667 1218 896 1266 magnum
934 1203 1169 1251 Dantisco
1187 1202 1582 1266 Regiomontium
1621 1208 1669 1251 et
1706 1201 1919 1252 indidem
1943 1201 2305 1264 Vratislaviam,
2346 1201 2438 1251 ad-

188 1281 291 1329 dita
329 1279 688 1342 comparatione
727 1277 1082 1326 itinerariorum
1119 1275 1512 1336 intervallorum,
1549 1290 1648 1324 non
1687 1280 1872 1324 tantum
1910 1278 1959 1323 in
1998 1275 2310 1336 milliaribus,
2351 1275 2439 1324 sed

190 1355 337 1403 etiam
377 1354 424 1399 in
463 1352 610 1412 horis,
651 1365 772 1412 quas
812 1350 1066 1413 expeditus
1105 1348 1254 1412 pedes
1291 1350 1548 1410 consumit,
1589 1363 1696 1397 cum
1733 1351 2014 1410 notatione,
2038 1349 2123 1397 ubi
2148 1348 2313 1407 ardua,
2353 1349 2438 1397 nbi

187 1427 336 1491 plana
374 1426 562 1473 itinera.
638 1423 759 1472 Tale
798 1422 915 1486 quid
955 1424 996 1470 si
1032 1422 1151 1470 mihi
1169 1423 1636 1507 communicaveriS,
1673 1421 1878 1470 habebis
1917 1437 1994 1470 me
2033 1423 2247 1471 vicissim
2271 1435 2437 1485 prom-

192 1506 293 1548 tum
333 1501 383 1545 in
420 1496 770 1547 consimilibus,
844 1496 903 1544 In
941 1479 1215 1560 praesentia
1252 1494 1392 1560 plura
1428 1509 1526 1544 non
1563 1495 1740 1545 habeo.
1792 1494 1919 1544 Vale
1958 1500 2006 1544 et
2041 1509 2143 1544 rem
2165 1494 2439 1545 mathema-

192 1574 340 1623 ticam
377 1585 470 1634 age
506 1576 715 1618 strenue.

334 1643 492 1694 Lincii
531 1643 635 1693 Cal.
674 1641 840 1691 Martii
883 1641 1035 1690 1615.
1114 1640 1188 1691 Cl.
1221 1641 1411 1703 Excell.
1449 1641 1588 1690 Tuae
1627 1640 1871 1691 officiosus

1690 1713 1744 1762 J.
1785 1711 2028 1778 Keppkr,

1230 1785 1353 1850 Imp.
1382 1784 1435 1836 C.
1464 1785 1704 1836 Matthiae
1731 1784 2063 1849 ordinumque
2088 1800 2194 1851 sup.
2217 1786 2444 1837 Austriae

1664 1859 2060 1909 Mathematicus.

339 1935 403 1975 Ex
444 1932 613 1984 Criigerl
652 1932 993 1984 responsionibus
1039 1929 1094 1983 (d.
1124 1931 1254 1971 Nonis
1285 1930 1396 1982 Sept.
1430 1933 1538 1971 1615
1582 1937 1621 1972 et
1655 1932 1760 1983 prid.
1784 1930 1872 1973 Gal.
1903 1929 2039 1983 April.
2074 1928 2208 1983 1616)
2238 1931 2341 1972 haec
2371 1944 2444 1972 ex-

195 1995 444 2046 cerpsimus:
494 1994 557 2032 De
590 1992 949 2032 observationibus
979 1990 1123 2030 Lunae
1155 1991 1196 2029 in
1228 1991 1495 2039 nonagesimo
1526 1992 1696 2041 scripsi,
1727 2002 1812 2030 non
1842 1994 1889 2030 ut
1916 1991 2015 2030 inde
2045 1989 2339 2042 latitudinum,
2372 1990 2444 2029 sed

194 2058 242 2094 ut
283 2053 596 2102 longitudinum
642 2051 917 2090 differentiam
962 2049 1214 2100 adipiscerer
1257 2051 1376 2097 iuxta
1414 2050 1715 2100 praescriptum
1760 2049 1965 2099 Tychonis
2012 2047 2242 2101 (Epistulae
2279 2060 2320 2099 p.
2355 2050 2445 2097 72).

194 2112 316 2152 Istud
347 2115 464 2150 tuum
493 2111 539 2149 in
569 2109 730 2160 Opticis
760 2120 832 2158 per
861 2106 1090 2159 parallaxes
1111 2105 1323 2156 negotium
1352 2112 1520 2161 vereor,
1564 2113 1612 2147 ut
1638 2119 1769 2159 aeque
1799 2111 1916 2147 tanta
1934 2138 1944 2157 ,
1975 2109 2011 2146 si
2040 2119 2124 2147 non
2155 2108 2302 2157 majori
2332 2106 2445 2146 diffl-

198 2168 351 2211 cultate
382 2170 557 2210 laboret.
617 2169 760 2207 Restat
789 2167 936 2206 modus
966 2171 1064 2206 tuus
1094 2177 1227 2205 novus
1257 2166 1302 2204 in
1323 2166 1470 2206 Sicilia
1498 2166 1734 2206 tentandus.
1797 2167 1837 2206 Is
1859 2166 2025 2216 quidem
2045 2166 2220 2214 idoneus
2251 2165 2446 2214 (simodo

196 2229 294 2268 inde
326 2227 491 2266 Africae
523 2239 596 2266 ora
626 2227 736 2265 cerni
767 2226 923 2277 possit,
971 2225 1030 2264 ad.
1054 2224 1166 2274 quod
1196 2224 1398 2264 Strabone
1428 2223 1618 2264 Pliniana
1649 2224 1840 2266 fortassis
1870 2235 1972 2275 opus
2001 2222 2147 2278 fuerit)
2177 2220 2447 2277 inquirendae

198 2287 453 2326 differentiae
484 2285 793 2334 longitudinum
823 2282 1008 2324 locorum
1038 2283 1324 2322 Africanorum
1357 2286 1397 2321 et
1424 2281 1660 2322 Italicorum
1702 2287 1743 2323 et
1783 2283 1880 2322 inde
1903 2283 2152 2322 ·vicinorum
2183 2282 2447 2322 Germanico-

197 2357 300 2396 rum,
331 2347 498 2395 propter
529 2345 688 2383 eminus
720 2346 918 2393 perpetuo
950 2344 1195 2393 apparentes
1225 2343 1407 2391 montes;
1437 2341 1551 2381 hisce
1580 2345 1721 2381 autem
1743 2335 1795 2380 'in
1823 2340 1949 2390 locis,
1981 2353 2089 2391 quae
2118 2342 2331 2382 montibus
2360 2345 2446 2380 tam

199 2404 373 2443 excelsis
404 2406 444 2440 et
473 2401 757 2455 frequentibus
791 2401 1082 2449 destituuntur,
1114 2401 1191 2439 iste
1222 2399 1367 2439 modus
1396 2411 1543 2450 parum
1571 2400 1774 2451 procedet.
1810 2421 1856 2428 —
1891 2399 1986 2438 Jam
2019 2398 2221 2448 Oriigerus
2250 2399 2450 2450 proponit

199 2460 326 2500 alium
357 2461 538 2515 modum,
571 2460 845 2500 differentiam
875 2459 1184 2508 longitudinum
1207 2459 1390 2498 locorum
1420 2458 1662 2498 inveniendi
1690 2470 1766 2509 per
1797 2458 2224 2498 sciatherica⁴solaria
2254 2462 2296 2497 et
2322 2458 2447 2497 horo-

200 2520 315 2569 logia
345 2522 567 2571 automata,
599 2518 769 2568 Kepleri
795 2518 1000 2567 judicium
1033 2517 1114 2556 sibi
1145 2521 1351 2568 expetens,
1385 2521 1424 2557 et
1445 2518 1699 2578 sic'pergit:
1731 2517 1792 2556 De
1823 2517 1964 2555 Lunae
1995 2517 2154 2556 theoria
2174 2527 2258 2555 non
2279 2527 2448 2567 possum

182 2579 303 2631 ,quin
337 2578 499 2628 aliquid
529 2577 688 2616 addam.
748 2575 934 2615 Eandem
965 2587 1125 2625 semper
1154 2576 1276 2614 nobis
1307 2576 1466 2615 obverti
1498 2575 1641 2616 Lunae
1668 2575 1853 2628 faciem,
1905 2586 1926 2613 e
1964 2573 2136 2614 maculis
2180 2574 2236 2614 ad
2275 2574 2447 2614 eandem

200 2635 366 2687 plagam
401 2636 661 2685 vergentibus
690 2634 959 2674 manifestum
990 2633 1174 2673 est.1d
1204 2631 1277 2687 qui
1308 2636 1397 2674 fieri
1425 2634 1584 2686 possit,
1607 2634 1805 2673 admissis
1837 2632 2033 2684 epicyclis
2064 2637 2137 2672 aut
2168 2634 2289 2672 etiam
2333 2633 2448 2672 fibris

200 2699 300 2734 tuae
329 2695 615 2745 physiologiae
644 2694 900 2744 rotantibus,
941 2704 1027 2732 non
1055 2692 1191 2735 video.
1251 2692 1378 2746 Mihi,
1421 2694 1457 2732 si
1487 2686 1662 2742 epicycli
1691 2692 1935 2737 defensandi
1965 2693 2072 2745 sint,
2105 2703 2253 2741 corpus
2282 2692 2448 2733 Lunam

202 2753 383 2806 quadam
412 2750 634 2791 libratione
666 2752 890 2800 circumagi
908 2751 1194 2790 necessarium
1225 2750 1398 2790 videtur.
1443 2748 1660 2801 Cuperem
1689 2751 1757 2789 hic
1788 2750 1950 2790 erudiri.
1983 2773 2036 2778 --
2070 2751 2117 2788 In
2148 2751 2287 2790 alteris
2317 2750 2448 2789 literis

124 2826 130 2835 ⁸
203 2810 404 2860 Criigerus
434 2812 559 2849 verba
588 2810 691 2850 facit
722 2810 771 2848 de
802 2809 1097 2850 Stereometria
1122 2809 1293 2860 Kepleri
1312 2809 1415 2854 ¹(cfr.
1443 2807 1528 2848 vol.
1557 2809 1609 2850 V.
1638 2820 1679 2860 p.
1712 2806 1845 2861 627),
1892 2809 1942 2848 de
1972 2810 2094 2848 affine
2132 2808 2327 2862 Kepleri,
2376 2810 2449 2860 qui

202 2870 343 2908 literas
375 2870 599 2919 promissas
629 2869 712 2919 ipsi
742 2880 826 2907 non
857 2867 1101 2919 tradiderit,
1151 2866 1288 2907 silium
1318 2865 1384 2907 illi
1428 2879 1515 2907 esse
1558 2871 1704 2906 natum
1748 2870 1910 2912 narrat,
1950 2878 2068 2918 quem
2100 2867 2192 2917 ipse
2220 2867 2447 2907 batismate

205 2928 442 2979 susceperit,
474 2927 708 2976 pollicitum
738 2926 858 2965 illum
897 2938 996 2978 esse,
1029 2937 1072 2965 se
1102 2924 1290 2976 proxima
1321 2927 1530 2976 occasione
1562 2923 1794 2978 ‚,pellicea“
1826 2925 2044 2965 missurum
2066 2928 2155 2975 etc„
2187 2927 2228 2963 et
2257 2926 2316 2964 sic
2347 2936 2446 2964 con-

205 2985 366 3025 cludit.
357 2997 366 3007 ·
401 2985 449 3023 In
478 2986 685 3034 prioribus
715 2985 846 3024 literis
877 2984 1063 3036 quaesivi
1092 2985 1251 3035 aliquid
1283 2985 1333 3023 de
1362 2985 1505 3033 Luna,
1539 2983 1744 3035 quomodo
1775 2982 1849 3022 illa
1877 2985 1922 3023 in
1952 2983 2136 3034 epicyclo
2168 2982 2340 3022 eandem
2369 2995 2446 3022 no-

202 3044 269 3083 bis
298 3042 445 3082 faciem
476 3044 667 3082 exhibere
698 3047 850 3093 posset.
911 3044 1013 3093 Legi
1042 3044 1202 3082 interea
1229 3044 1558 3096 responsionem
1567 3043 1747 3090 Fernelii
1775 3043 2033 3081 Ambianatis
2063 3046 2104 3080 et
2133 3041 2446 3082 Conimbrieen-

205 3103 334 3151 sium;
364 3101 437 3140 sed
466 3102 546 3140 ista
574 3103 788 3151 responsio
819 3114 895 3141 nec
923 3102 1026 3140 mihi
1056 3103 1211 3141 sufficit
1239 3112 1316 3141 nec
1344 3102 1642 3152 hypothesibus
1674 3113 1816 3140 eorum
1846 3101 2063 3142 consentit.

349 3155 456 3209 Opto
488 3160 686 3197 maturari
716 3159 893 3212 tabulas,
927 3171 1027 3210 quas
1058 3161 1183 3200 toties
1213 3159 1448 3213 promittis,
1478 3158 1783 3210 Rudolphaeas,
1813 3161 1861 3198 ut
1889 3158 2071 3212 tandem,
2101 3158 2204 3211 quid
2235 3157 2285 3197 de
2315 3161 2446 3197 astro-

205 3218 344 3258 nomia
374 3218 557 3256 futurum
588 3217 655 3266 sit,
685 3219 953 3266 experiamur

279 3294 283 3297 *
351 3283 418 3322 Ad
446 3284 550 3322 haec
578 3282 781 3332 Keplerus
811 3284 1057 3335 respondit:
1121 3277 1170 3325 S.
1200 3277 1257 3325 P.
1297 3277 1358 3325 D.
1397 3235 1549 3325 Binas
1588 3277 1676 3326 abs
1713 3282 1786 3335 te,
1827 3263 2102 3344 Clarissimo
2140 3276 2242 3336 Vir,
2283 3277 2447 3340 accepi

204 3352 369 3401 literas
408 3349 578 3399 eodem
618 3349 721 3411 die,
776 3349 977 3398 diversis
1025 3350 1323 3413 temporibus
1369 3352 1587 3414 scriptas.
1662 3347 1874 3397 Additae
1911 3349 2105 3397 fuerunt
2145 3350 2173 3397 5
2214 3348 2447 3412 epistolae

208 3424 272 3475 ad
310 3424 622 3483 Straussium,
663 3424 745 3484 qui
784 3437 845 3472 ex
883 3424 1143 3471 constituto
1182 3437 1212 3470 a
1247 3423 1389 3470 nobis
1429 3425 1550 3472 abiit
1586 3421 1886 3483 Tubingam3
1926 3434 1983 3470 eo
2020 3422 2209 3469 mittam
2246 3420 2374 3469 illas.

286 3504 288 3507 ’
349 3496 635 3545 Differentia
671 3494 1044 3544 meridianorum
1077 3507 1191 3543 meo
1225 3494 1409 3556 judicio
1447 3496 1682 3545 tutissime
1721 3493 1910 3543 elicitur
1946 3509 2004 3543 ex
2058 3494 2228 3543 tabula
2270 3508 2448 3556 magna

210 3568 498 3619 Germaniae
536 3562 836 3633 MercatoriS,
878 3582 1003 3630 quae
1040 3568 1323 3617 Borussiam
1361 3576 1408 3618 et
1434 3570 1643 3618 Daniam
1681 3572 1728 3616 et
1755 3566 1945 3616 Galliae
1983 3566 2191 3618 confinia
2226 3567 2444 3616 includit.

208 3644 311 3691 Nec
348 3648 511 3691 tantus
551 3656 655 3689 esse
692 3647 852 3704 potest
887 3654 1048 3701 error,
1106 3644 1315 3703 quantus
1363 3644 1411 3689 in
1461 3640 1882 3699 observationibus
1926 3638 2118 3701 Lunae,
2169 3641 2217 3686 in
2269 3641 2445 3702 quibus

174 3736 177 3739 >
208 3715 350 3764 facile
391 3716 420 3764 5
458 3716 681 3775 minutiS,
722 3728 847 3777 quae
884 3715 1067 3763 faciunt
1104 3715 1209 3762 20“
1246 3717 1490 3778 temporis,
1528 3712 1830 3779 aberramus3
1868 3717 1923 3760 ut
1958 3717 2162 3773 taceam,
2201 3715 2444 3762 rarissime

210 3789 327 3850 fieri,
365 3795 417 3839 ut
456 3787 550 3839 duo
590 3787 734 3838 simul
771 3788 1044 3838 observent.
1117 3786 1288 3848 Neque
1325 3790 1482 3838 tutum
1522 3793 1609 3849 est,
1649 3785 1861 3836 conferre
1899 3784 2289 3836 observationem
2304 3786 2443 3836 Dan-
