2554 4140
189 122 292 171 676
955 110 1228 158 Tabularum
1259 114 1650 172 Rudolphinarum

189 265 348 330 Caput
386 260 554 310 XVII.
631 260 708 309 De
759 262 959 324 synopsi
1008 274 1230 309 aerarum
1283 267 1331 310 et
1380 262 1560 309 tabulis
1604 261 1871 311 'reducendi
1923 266 2142 324 tempora
2187 260 2430 309 variarum

292 337 543 384 nationum
582 332 644 381 ad
672 346 832 395 annos·
851 338 899 381 et
923 346 1113 381 menses
1140 333 1367 382 Julianos
1393 333 1563 381 harum
1590 334 1723 383 tabb.
1757 338 1924 394 (Pr-aec.
1958 336 2161 393 62—75.)
2324 395 2326 397 ‚

194 410 352 472 Caput
389 405 587 455 XVIII.
661 405 738 453 De
778 404 960 453 tabulis
1000 405 1293 468 epocharum
1332 413 1379 454 et
1417 412 1638 454 motuum
1675 407 1957 457 mediorum.
2000 411 2176 466 (Praec.
2207 409 2294 465 76.)

183 481 340 544 Caput
377 477 528 526 XIX.
606 477 680 526 De
720 478 985 526 canonibus
1026 479 1370 540 sexagenariis.
1410 482 1585 530 <Px-aec.
1613 482 1820 534 77-81.)

182 553 342 615 Caput
379 550 503 598 XX.
578 550 656 599 De
695 550 874 598 tabulis
912 549 1423 613 p‘rosthaphaereseon.
1463 555 1640 612 (Praec.
1673 555 1878 609 82—88.)

184 625 344 689 Caput
380 622 531 671 XXI.
608 623 683 670 De
723 622 903 671 tabulis
939 622 1303 671 latitudinariis.
1347 626 1521 677 (Praec.
1552 626 1762 682 89-92.)

184 697 343 760 Caput
381 694 557 743 XXII.
632 695 708 743 De
748 694 1267 759 prosthaphaeresibus
1307 696 1436 743 orbis
1463 697 1626 744 annui.
1657 698 1827 753 (Praec.
1862 698 2063 753 93—99.)

179 769 337 834 Caput
372 767 574 817 XXIII.
648 767 972 816 Directorium
1010 767 1238 830 generale
1277 767 1589 831 computandi
1628 767 1891 816 vera.loca
1935 766 2242 830 planetarum
2283 766 2429 827 quin-

288 856 383 906 que
421 855 507 906 per
543 845 803 904 praecepta
841 839 1152 904 particularia
1190 842 1473 902 praemissa.
1514 845 1684 900 (Praec.
1715 845 1814 890 100.
1848 842 1969 898 101.)

179 915 337 979 Caput
374 913 578 962 XXIV.
648 913 724 961 De
743 914 1068 976 passionibus,
1099 919 1152 961 ut
1171 919 1361 974 vocant,
1392 915 1604 976 quinque
1632 912 1952 977 planetarum.
1982 914 2431 977 (Praec.102-111.)

179 987 339 1050 Caput
374 985 546 1035 XXV.
624 985 698 1034 De
737 985 876 1034 Luna
913 986 1115 1034 seorsim
1155 991 1203 1034 et
1239 988 1395 1048 primo
1436 986 1494 1034 de
1532 984 1779 1035 anomalia
1803 984 1980 1033 soluta.
2021 987 2189 1039 (Praec.
2228 986 2342 1036 112.)

179 1059 338 1124 Caput
374 1058 576 1108 XXVI.
652 1059 726 1108 De
765 1064 1012 1108 menstrua
1048 1057 1219 1108 Lunae
1258 1059 1504 1108 anomalia
1556 1059 1759 1122 ejusque
1797 1055 2189 1120 aequationibus.
2253 1059 2430 1114 (Praec.

266 1133 556 1190 affl-¹124.)

182 1204 341 1267 Caput
378 1203 602 1255 XXVII.
675 1203 751 1252 De
789 1203 969 1252 tabulis
1007 1203 1282 1252 latitudinis
1322 1205 1492 1254 Lunae
1531 1209 1822 1254 menstruae.
1854 1207 2025 1263 (Praec.
2063 1203 2326 1260 125—130.)

181 1277 340 1340 Caput
376 1275 629 1325 XXVIII.
704 1276 779 1325 De
818 1275 1150 1340 parallaxibus
1190 1277 1373 1327 Lunae.
1415 1281 1585 1339 (Praec.
1620 1280 1881 1336 131—133.)

92 1411 95 1418 s
179 1349 338 1414 Caput
375 1348 582 1397 XXIX.
658 1349 732 1398 De
781 1348 1041 1412 eclipsibus
1097 1348 1226 1399 Solis
1274 1359 1322 1400 et
1366 1350 1535 1399 Lunae
1587 1350 1773 1400 eminus
1826 1349 2172 1413 conjectandis·
2260 1354 2436 1411 (Praec.

181 1425 558 1558 CapffingXX.
596 1458 693 1542 *De
717 1493 897 1542 tabulis
923 1500 1145 1543 motuum
1166 1494 1295 1544 Solis
1316 1501 1365 1544 et
1382 1494 1556 1544 Lunae
1579 1493 1899 1546 subsidiariis,
1951 1499 2128 1556 (Praec.
2164 1498 2432 1554 139-144.)

181 1567 340 1632 Caput
376 1566 582 1616 XXXI.
657 1566 733 1614 De
771 1568 1018 1629 requisitis
1057 1567 1120 1616 ad
1146 1570 1557 1631 computationem
1584 1566 1837 1631 eclipsium
1876 1574 1924 1618 et
1959 1569 2128 1618 tabula
2154 1568 2237 1617 lat.
2264 1568 2434 1616 Lunae

288 1644 337 1688 in
379 1640 658 1703 eclipsibus,
698 1641 873 1696 (Praec.
910 1643 1169 1701 145—153.)

150 1700 151 1704 ¹
187 1713 349 1780 Caput
386 1711 619 1761 XXXII.
695 1710 958 1760 Methodus
980 1713 1292 1776 computandi
1317 1714 1539 1777 eclipses.
1581 1717 1758 1773 (Praec.
1796 1716 2063 1774 154—165.)
2134 1713 2210 1762 De
2237 1712 2357 1762 locis
2385 1714 2431 1759 in
2521 1774 2524 1777 Ι

290 1786 454 1848 Terra,
496 1785 672 1848 quibus
712 1785 982 1833 obveniunt
1019 1786 1199 1849 phases
1237 1787 1459 1850 singulae
1499 1789 1547 1834 in
1588 1786 1755 1850 eclipsi
1794 1785 1938 1836 Solis.
1983 1789 2152 1844 (Praec.
2185 1790 2284 1835 166.
2320 1789 2433 1853 167.)

291 1860 369 1909 De
418 1857 606 1908 calculo
654 1857 848 1922 eclipsis
900 1857 1030 1907 Solis
1082 1859 1145 1908 ad
1198 1866 1381 1908 certum
1435 1859 1650 1922 aliquem
1697 1859 1874 1908 locum.
1945 1861 2117 1912 (Praec.
2173 1862 2434 1915 168—170.)

287 1933 365 1981 De
426 1927 672 1995 postrema
735 1937 782 1980 et
843 1937 1093 1981 menstrua
1154 1935 1386 1997 temporis
1450 1934 1744 1996 aequatione
1806 1934 1855 1980 in
1915 1932 2191 1996 eclipsibus.
2255 1935 2432 1996 (Pr-aec.

285 2008 553 2061 171-177.)

183 2076 342 2143 Caput
378 2075 641 2124 XXXIII.
718 2076 792 2125 De
846 2077 1271 2140 conjunctionibus
1325 2083 1373 2127 et
1426 2079 1816 2142 oppositionibus
1877 2077 2082 2127 aliorum
2129 2077 2433 2141 planetarum

289 2163 553 2212 eorumque
594 2149 957 2197 evolationibus
997 2156 1044 2197 et
1068 2151 1454 2200 restitutionibus
1493 2154 1541 2198 in
1569 2157 1728 2214 caput.
1761 2153 1933 2209 (Praec.
1971 2152 2230 2205 178—185.)

181 2222 343 2287 Caput
379 2221 635 2287 XXXIV.
711 2222 787 2270 De
827 2221 1130 2284 obliquitatis
1169 2223 1422 2286 eclipticae
1446 2225 1731 2273 variatione.
1765 2226 1940 2283 (Praec.
1978 2226 2244 2283 186—197.)

332 2298 583 2355 Praecepta
616 2298 845 2344 198—209
876 2297 1048 2343 habent
1085 2295 1435 2361 Sportulam
1474 2296 1909 2360 genethliacis
1946 2299 2195 2346 missam
2232 2295 2292 2346 de
2329 2297 2432 2360 Ta-

181 2368 405 2419 bularum
442 2367 691 2432 Rudolphi
731 2383 822 2418 usu
860 2369 908 2416 in
949 2369 1396 2433 computationibus
1434 2369 1758 2432 astrologicis.

978 2535 1360 2587 Tabularum
1397 2534 1616 2586 Index.

322 2660 471 2709 Pars
507 2659 728 2723 prima,
784 2673 913 2722 quae
953 2662 1222 2710 communis
1260 2660 1481 2724 pluribus
1518 2658 1699 2722 stellis,
1750 2658 1830 2709 vel
1882 2661 2030 2710 etiam
2068 2659 2177 2710 aliis
2226 2660 2432 2712 aliarum

180 2732 542 2797 disciplinarum
579 2729 766 2780 usibus.
1752 2732 1754 2735 ’

320 2806 360 2858 Ι.
435 2804 761 2869 Heptacosias
800 2804 1200 2868 logarithmorum
1238 2805 1571 2871 logisticorum
1611 2811 1660 2856 et
1685 2805 1970 2869 quadrantis
2006 2821 2203 2856 arcuum
2228 2821 2433 2871 respon-

441 2879 670 2929 dentium.
711 2878 805 2936 (fol.
838 2881 1015 2938 2-11.)
2505 2935 2507 2944 ⁴

290 2953 357 3001 ΙΙ.
434 2952 603 3001 Canon
639 2950 1039 3015 logarithmorum
1079 2955 1127 3000 et
1163 2949 1666 3014 antilogaritbmorum
1702 2949 1767 3000 ad
1791 2951 1985 3015 singula
2020 2951 2247 3014 scrupula
2285 2953 2434 3002 semi-

440 3024 619 3074 circuli.
660 3028 753 3087 (fol.
784 3027 986 3077 12—19.)

279 3096 368 3144 III.
444 3097 636 3147 Tabula
674 3097 858 3161 anguli,
898 3111 986 3160 pro
1025 3097 1543 3161 prosthaphaeresibus
1582 3097 1713 3154 orbis
1751 3098 1914 3145 annui.
1956 3100 2050 3158 (fol.
2081 3101 2151 3146 20.
2184 3100 2273 3157 21.)

278 3167 365 3217 IV.
439 3170 560 3219 Pars
612 3173 813 3221 canonis
865 3170 1402 3233 mesologaritbmorum
1453 3170 1517 3218 ad
1561 3167 1650 3219 10⁰
1687 3184 1775 3234 pro
1819 3169 2161 3219 latitudinibus
2210 3172 2426 3234 quinque

439 3243 758 3305 planetarum.
800 3245 899 3302 (fol.
930 3245 1026 3302 22.)

303 3312 366 3361 V.
442 3315 689 3367 Particula
727 3317 927 3366 canonis
966 3315 1466 3379 antilogarithmorum
1505 3316 1829 3378 exactiorum‚
1888 3314 1952 3366 ad
1990 3314 2212 3366 denarios
2255 3330 2433 3366 secun-

445 3385 635 3450 dorum,
674 3404 763 3453 pro
805 3388 1084 3452 eclipsibus.
1123 3391 1214 3448 (fol.
1244 3392 1331 3448 23.)
1730 3389 1734 3392 ’
2508 3421 2512 3427 -

277 3456 366 3506 VI.
440 3457 631 3508 Tabula
669 3464 1009 3512 ascensionum
1045 3468 1308 3524 rectarum,
1355 3460 1734 3512 declinationum
1771 3466 1820 3511 et
1855 3460 2141 3526 angulorum
2179 3461 2432 3527 eclipticae
2520 3524 2522 3526 v

446 3543 556 3579 cum
591 3534 873 3584 meridiano.
915 3538 1014 3594 (fol.
1045 3539 1139 3596 24.)

255 3600 370 3650 VII.
445 3600 682 3665 Synopsis
726 3607 885 3656 brevis
926 3608 1298 3659 differentiarum
1337 3607 1758 3657 ascensionalium.
1796 3602 1892 3658 (fol.
1923 3610 2018 3663 25.)

221 3673 360 3723 VIII.
435 3673 628 3724 Tabula
665 3676 939 3728 altitudinis
977 3683 1281 3745 nonagesimi
1318 3696 1406 3731 seu
1432 3680 1598 3744 anguli
1636 3679 1848 3736 orient-iS,
1894 3679 1957 3728 ad
1993 3679 2212 3744 singulos
2250 3679 2430 3745 gradus
2501 3711 2507 3716 »

443 3746 528 3799 alt.
565 3747 668 3812 poli
707 3754 755 3799 et
794 3755 959 3801 ternos
997 3753 1276 3818 eclipticae,
1313 3767 1402 3818 pro
1439 3752 1783 3818 parallaxibuS.
1840 3753 1937 3811 (fol.
1968 3755 2178 3810 26-31.)
