2554 4140
244 150 348 197 334
1081 134 1315 192 Epitomes
1346 130 1662 181 Astronomiae

411 286 510 330 Hoc
541 288 611 328 est
641 281 831 338 amplius
863 279 1001 336 duplo
1026 280 1138 336 ejus
1170 277 1293 334 quod
1324 277 1529 322 Braheus
1559 277 1720 335 habet;
1766 284 1813 324 et
1842 279 1929 325 240
1957 279 2189 338 milliaria,
2229 288 2379 327 motus
2411 283 2488 328 Sa-

239 351 360 395 turni
389 348 596 393 horarius
627 346 747 404 apud
780 346 1088 402 Copernicum‚
1121 349 1228 390 sunt
1258 342 1406 398 portio
1437 343 1582 388 minor
1612 344 1747 389 vicies
1781 350 1941 401 quater
1967 344 2203 390 millesima
2234 346 2290 391 de
2312 347 2492 393 Saturni
2549 384 2554 386 .

240 413 418 459 horario
449 413 570 470 apud
600 411 924 456 Ptolemaeum.

390 504 561 567 Quam
597 509 750 566 putas
767 515 884 551 ‘esse
918 502 1298 564 proportionem
1336 499 1593 547 densitatis
1617 503 1748 548 inter
1773 516 1822 549 se
1847 515 2119 561 corporum
2147 501 2292 563 Solis,
2332 517 2493 552 aurae

239 577 494 631 ethereae,
548 575 803 624 mundum
839 577 1138 623 universum
1174 575 1504 632 permeantis,
1544 579 1590 619 et
1624 574 1868 633 sphaerae
1901 573 2152 635 fixarum,
2192 577 2369 622 omnia
2405 590 2494 624 ea·-

242 652 484 697 trinsecus
521 647 900 698 concludentis?
941 647 1062 695 Cum
1101 645 1222 692 haec
1260 646 1352 692 tria
1391 658 1593 706 corpora
1630 647 1725 692 sint
1764 646 1976 706 analoga
2003 653 2183 707 centr0,
2212 647 2492 710 superficiei
2548 671 2554 685 ι

249 722 548 784 sphaericae,
588 727 637 769 et
674 720 946 780 intervallo,
987 718 1140 765 tribus
1178 715 1414 780 symbolis
1454 719 1598 764 trium
1635 719 1683 765 in
1721 718 1772 766 S.
1800 718 1848 766 S.
1876 718 2114 767 Trinitate
2151 733 2491 781 personarum:

247 794 479 844 credibile
517 800 616 854 est,
657 793 940 841 tantundem
980 804 1084 839 esse
1123 790 1352 838 materiae
1393 791 1441 835 in
1480 804 1606 851 uno,
1646 799 1880 852 quantum
1922 793 1969 837 in
2010 792 2330 853 unoquolibet
2369 792 2494 840 duo-

249 881 355 915 rum
402 867 725 928 reliquorum3
776 867 846 913 sic
898 870 952 911 ut
1003 864 1143 911 tertia
1189 876 1302 924 pars
1341 864 1573 911 materiae
1611 864 1761 911 totius
1802 865 2015 911 universi
2056 857 2310 927 compacta
2344 867 2410 912 sit
2446 867 2493 912 in

242 955 415 1004 eorpus
444 939 586 999 Solis,
627 940 853 1001 quamvis
891 936 940 983 id
976 937 1045 983 sit
1082 943 1304 997 respectu
1331 934 1666 997 amplitudinis
1694 936 1857 984 mundi
1885 938 2311 999 angustissimum3
2351 940 2494 987 tertia

242 1014 356 1062 item
394 1027 507 1076 pars
544 1013 775 1059 materiae
816 1015 1079 1058 extenuata
1123 1014 1171 1055 et
1209 1006 1451 1070 explicata
1488 1022 1574 1069 per
1611 1010 1900 1057 immensum
1938 1009 2105 1056 mundi
2144 1012 2387 1073 spatium:
2439 1017 2527 1059 uts

242 1087 311 1135 ita
347 1084 433 1134 Sol
471 1087 595 1131 intra
634 1097 810 1145 corpus
846 1096 987 1129 suum
1027 1079 1311 1128 tantundem
1349 1080 1602 1142 possideat
1638 1084 1896 1142 materiae,
1949 1088 2186 1144 quantum
2234 1082 2316 1131 ille
2355 1089 2489 1132 extra

240 1173 293 1207 se
331 1158 667 1206 valentissima
706 1156 883 1204 virtute
921 1154 1118 1201 luminis
1149 1154 1225 1201 sui
1263 1152 1605 1201 illustrandum
1641 1153 1887 1217 radiisque
1918 1156 2020 1202 suis
2046 1155 2391 1216 permeandum
2417 1162 2493 1204 est

179 1278 184 1297 ἰ
243 1237 442 1291 nactus3
476 1230 623 1277 ,tertia
664 1227 871 1290 denique
910 1240 1022 1290 pars
1059 1227 1291 1276 materiae
1331 1240 1546 1288 expansa
1583 1228 1632 1272 in
1672 1227 1836 1275 orbem
1877 1233 1926 1275 et
1963 1227 2144 1276 mundo
2171 1229 2381 1277 exterius
2408 1242 2494 1291 pro

126 1329 141 1356 η
180 1300 186 1355 ἶ·
242 1303 498 1351 moenibus
549 1301 875 1362 circumjecta.
951 1300 1114 1361 Atque
1164 1305 1219 1360 ut
1260 1301 1625 1360 proportionem
1665 1295 2024 1360 quadamtenus
2061 1300 2407 1349 adumbremus
2446 1315 2494 1349 re

243 1375 388 1423 simili
427 1379 557 1434 nota,
598 1375 689 1422 etsi
730 1388 837 1421 eam
875 1386 1188 1435 nequaquam
1221 1385 1507 1433 aequamus,
1546 1370 1804 1434 fingamus,
1846 1387 2020 1434 corpus
2048 1372 2179 1421 Solis
2206 1389 2313 1422 esse
2342 1380 2494 1421 totum

180 1471 184 1484 2
244 1462 471 1507 aureum,
527 1447 692 1495 orbem
729 1445 932 1494 fixarum
971 1459 1211 1508 aqueum,
1259 1446 1467 1492 vitreum
1508 1443 1584 1492 vel
1624 1443 1990 1507 crystallinum,
2040 1448 2254 1508 spatium
2294 1447 2494 1495 interius
2536 1475 2544 1481 ι

19 1484 52 1531 ’1
84 1555 112 1588 3
246 1525 356 1569 ae‘re
394 1519 609 1582 plenum.
687 1516 826 1568 Unde
865 1518 1222 1580 quadamtenus
1260 1515 1468 1579 intelligi
1507 1515 1663 1577 datur,
1705 1516 1835 1580 quid*
1862 1517 2058 1566 divinus
2086 1518 2252 1568 Moses
2290 1533 2376 1583 per
2413 1517 2495 1566 fir·—

243 1598 541 1642 mamentum
580 1593 790 1654 (raquia,
832 1590 963 1653 quod
1003 1591 1195 1654 proprie
1233 1595 1377 1638 sonat
1400 1591 1761 1652 expansionem,
1800 1597 1920 1652 puta
1945 1591 2323 1641 insufflationem
2349 1605 2495 1641 aurae

245 1661 563 1732 aethereae),
615 1663 734 1727 quid
783 1665 899 1712 item
946 1678 1032 1726 per
1081 1675 1238 1725 aquas
1287 1663 1674 1725 supercoelestes
1723 1662 2086 1725 significaverit.
2163 1664 2246 1725 Sic
2284 1666 2411 1713 enim
2449 1670 2497 1712 et

244 1740 387 1803 pueri
423 1737 598 1786 ludunt
637 1736 884 1800 quandam
923 1737 1181 1786 creationis
1219 1734 1406 1795 ideam,
1465 1737 1732 1785 excitantes
1785 1735 1944 1786 bullas
1982 1751 2041 1786 ex
2081 1751 2212 1800 aqua
2247 1744 2295 1787 et
2333 1750 2495 1799 smeg-

246 1818 393 1873 mate,
432 1810 736 1859 insufflantes
775 1813 962 1859 aerem:
1003 1809 1272 1858 differentia
1297 1807 1419 1857 haec
1445 1814 1554 1869 est,
1575 1808 1709 1871 quod
1734 1809 1871 1858 Deus
1896 1815 2103 1872 guttam,
2144 1817 2198 1858 ut
2227 1812 2299 1859 sic
2324 1810 2495 1870 dicam,

191 1879 197 1886 ’
245 1898 405 1947 aquae
450 1872 650 1933 reflnuit
703 1885 832 1931 intus
872 1885 919 1931 in
957 1888 1147 1942 centro,
1202 1882 1366 1943 pueris
1405 1896 1564 1945 aquae
1599 1888 1743 1944 gutta
1779 1882 1843 1931 ob
1881 1882 2074 1945 pondus
2111 1897 2210 1932 non
2247 1889 2411 1932 manet
2447 1884 2498 1940 lu
2549 1943 2554 1948 q

245 1965 432 2018 centr0,
487 1971 577 2006 nec
635 1955 867 2005 dividitur
917 1970 948 2005 a
993 1954 1246 2022 superficie
1302 1968 1388 2017 per
1439 1954 1842 2017 insufflationem,
1895 1955 1984 2006 sed
2033 1955 2202 2005 haeret
2247 1957 2294 2003 in
2347 1954 2495 2004 fundo

243 2029 424 2080 bullae.

396 2101 660 2166 Quantam
706 2103 887 2150 statuis
933 2101 1204 2149 crassitiem
1249 2113 1336 2147 seu
1374 2099 1670 2148 distantiam
1705 2100 1987 2163 superficiei
2022 2102 2235 2150 intimae
2269 2100 2498 2164 fixarum

247 2176 310 2225 ab
348 2174 575 2224 extima?
630 2174 754 2223 Cum
792 2180 980 2223 tantum
1018 2174 1065 2222 ei
1103 2172 1376 2220 dederimus
1413 2173 1673 2233 materiae,
1718 2179 1955 2235 quantum
1993 2178 2067 2223 est
2103 2174 2150 2222 in
2190 2179 2295 2223 toto
2334 2175 2495 2238 spatio

245 2247 436 2309 mundi,
477 2245 610 2310 quod
647 2247 733 2295 illa
772 2245 1134 2310 complectitur,
1176 2252 1379 2309 excepta
1419 2259 1477 2294 ea
1515 2246 1742 2305 materia,
1783 2259 1910 2308 quae
1949 2253 2023 2295 est
2059 2247 2108 2294 in
2149 2247 2496 2310 angustissimo

247 2321 377 2371 Solis
415 2320 580 2383 glob0,
621 2326 670 2368 et
707 2334 824 2369 vero
862 2333 1171 2382 nequaquam
1211 2317 1428 2380 ejusdem
1471 2317 1726 2367 densitatis
1764 2321 1827 2367 sit
1852 2317 2114 2368 statuenda
2137 2321 2341 2369 materia
2367 2319 2496 2368 orbis

248 2394 455 2442 fixarum
493 2407 602 2442 cum
640 2393 843 2442 materia
879 2393 1025 2455 spatii
1061 2391 1342 2450 mobilium,
1383 2391 1470 2440 sed
1509 2390 1763 2440 densitatis
1798 2394 2110 2455 proportione
2147 2392 2338 2442 mediae
2376 2393 2497 2441 inter

250 2467 539 2517 densitatem
588 2480 735 2515 aurae
788 2465 1042 2514 aethereae
1091 2470 1138 2511 et
1177 2462 1465 2512 densitatem
1517 2465 1750 2513 materiae
1798 2466 1847 2511 in
1886 2477 2085 2528 corpore
2123 2463 2280 2514 Solis:
2332 2467 2524 2527 itaque·

237 2546 295 2601 *et
344 2540 555 2604 spatium
606 2538 678 2586 illi
717 2537 973 2587 debebitur
1023 2528 1333 2600 proportione
1372 2536 1586 2607 medium
1623 2538 1747 2586 inter
1782 2539 1992 2602 spatium
2031 2540 2243 2601 corporis
2283 2537 2411 2588 Solis
2449 2543 2496 2586 et

248 2614 461 2676 spatium
500 2626 647 2661 aurae
686 2611 959 2661 aethereae.
1024 2609 1142 2657 Erat
1178 2615 1343 2658 autem
1380 2622 1528 2673 supra
1553 2610 1896 2660 diametrorum
1923 2609 2054 2660 Solis
2082 2617 2130 2660 et
2156 2626 2302 2661 aurae
2327 2610 2495 2660 aethe-

251 2698 363 2735 reae
397 2685 646 2748 proportio
683 2684 783 2744 illa,
824 2698 951 2747 quae
999 2685 1018 2730 l
1062 2681 1126 2730 ad
1164 2680 1432 2743 4000000,
1471 2683 1739 2747 spatiorum
1773 2684 1920 2747 igitur
1955 2685 2171 2747 ipsorum
2205 2683 2364 2748 tripla,
2405 2684 2495 2733 hoe

251 2765 325 2808 est
368 2760 392 2805 1
436 2758 498 2808 ad
540 2755 1276 2806 64000000000000000000.
1341 2755 1473 2804 Inter
1509 2755 1599 2805 hos
1639 2767 1753 2805 vero
1794 2770 2020 2806 numeros
2058 2756 2269 2806 medium
2293 2739 2524 2821 propor-'

250 2831 433 2880 tionale
466 2836 542 2880 est
582 2830 956 2889 8000000000,
996 2835 1069 2877 tot
1106 2829 1254 2890 igitur
1291 2829 1452 2890 spatia
1486 2831 1701 2892 corporis
1726 2827 1856 2878 Solis
1883 2831 2116 2893 aequavit
2140 2832 2351 2894 spatium
2375 2832 2496 2878 inter

251 2903 555 2967 superficiem
595 2916 867 2953 concavam·
903 2909 952 2952 et
990 2915 1258 2950 convexam
1298 2901 1428 2949 orbis
1468 2901 1688 2951 fixarum.
1751 2900 1926 2965 Itaque
1951 2909 2083 2951 totus
2110 2902 2319 2951 mundus
2344 2903 2510 2967 tribus·

252 2981 621 3039 coagmentatus
658 2975 886 3026 membris
923 2979 1314 3038 repraesentatur
1350 2973 1445 3022 hoc
1482 2987 1709 3035 numero,
1760 2975 2495 3036 64000000008000000001,

254 3049 393 3111 cujus
444 3049 581 3098 radix
635 3049 808 3098 cubica
858 3048 1109 3096 4000000
1158 3052 1206 3094 et
1257 3059 1354 3095 una
1391 3047 1548 3095 sexies
1585 3046 1844 3096 millesima
1882 3047 2119 3109 ostendit,
2173 3048 2305 3111 quod
2342 3048 2495 3108 orbis,

254 3122 473 3171 crassitie
524 3124 667 3170 unius
718 3123 879 3171 sexies
916 3119 1205 3169 millesimae
1241 3119 1508 3181 particulae
1549 3118 1608 3170 de
1647 3119 2008 3170 semidiametro
2048 3123 2262 3184 corporis
2301 3120 2495 3180 Solaria,

254 3194 587 3256 circumjectus
626 3209 773 3244 aurae
813 3194 1084 3253 aethereae,
1125 3191 1474 3254 complectatur
1510 3194 1557 3240 in
1597 3208 1686 3242 suo
1726 3207 1925 3258 corpore
1950 3195 2112 3256 spatia
2140 3192 2514 3242 8000000000

256 3267 457 3328 capacia
507 3269 721 3329 corporis
757 3266 958 3316 Soletis,
1033 3265 1172 3314 Haec
1223 3265 1369 3327 igitur
1416 3270 1490 3313 est
1541 3265 1630 3315 illa
1680 3265 1847 3314 mundi
1885 3269 2009 3315 cutis
2045 3279 2133 3315 seu
2172 3268 2360 3327 tunica,
2410 3277 2492 3314 seu
2552 3291 2554 3303 ε

255 3338 564 3402 crystallinus
604 3340 732 3388 orbis
771 3338 1157 3402 supercoelestiS,
1197 3343 1362 3386 tantae
1387 3337 1673 3387 subtilitatis
1698 3344 1894 3402 propter
1918 3338 2284 3402 amplitudinem
2313 3350 2494 3402 expan-

256 3411 434 3459 sionis:
487 3425 611 3472 quae
660 3413 700 3459 si
739 3413 787 3459 in
825 3427 973 3461 unam
1010 3425 1223 3460 massam
1262 3410 1603 3473 coagularetur
1639 3411 1971 3475 sphaericam,
2024 3411 2227 3462 haberet
2265 3409 2492 3460 semidia-
2527 3409 2530 3415 '

254 3489 459 3531 metrum
498 3483 638 3530 2000
675 3485 865 3533 vicibus
911 3485 1146 3547 majorem
1183 3482 1541 3532 semidiametro
1579 3485 1792 3548 corporis
1834 3482 2046 3545 Solaris,
2100 3498 2209 3533 cum
2250 3484 2357 3546 jam
2400 3494 2495 3531 non

255 3557 318 3605 sit
355 3569 518 3604 crassa
553 3556 737 3616 magia,
780 3571 923 3617 quam
958 3560 1102 3605 unius
1138 3554 1485 3605 semidiametri
1523 3557 1736 3621 corporis
1773 3555 1958 3605 S‘olaris
1995 3558 2156 3607 sexies
2194 3556 2493 3606 millesimam

220 3676 223 3680 ,
257 3627 337 3678 vel
376 3626 472 3676 duo
510 3626 733 3674 milliaria
771 3627 1074 3690 Germanica,
1113 3628 1239 3692 plus.

406 3699 617 3763 Quanta
654 3701 749 3746 erit
785 3705 1092 3761 apparentia
1132 3701 1287 3761 Solis,
1324 3703 1368 3749 si
1404 3702 1609 3750 oculum
1641 3701 1806 3763 fimas
1842 3703 1900 3749 in
1933 3717 2046 3751 una
2078 3702 2306 3765 fixarum
2342 3699 2491 3749 collo-
2541 3680 2546 3737 ἑ

257 3780 427 3821 catum
467 3772 601 3820 esse?
657 3770 961 3834 Quadragies
1000 3776 1179 3821 centies
1216 3772 1474 3822 millesima
1511 3772 1854 3822 semidiametri
1892 3773 2095 3824 fixarum
2128 3773 2377 3823 subtendit
2401 3773 2491 3821 cir-

257 3847 374 3895 citer
410 3845 694 3895 vicesimam
733 3845 878 3893 unius
915 3844 1142 3893 secundi:
1194 3844 1323 3894 Solis
1371 3847 1520 3909 igitur
1556 3859 1730 3909 corpus
1767 3853 1971 3909 apparet
2009 3846 2244 3917 diametro
2286 3848 2315 3894 6
2354 3857 2490 3895 scru-

1870 3918 1877 3928 ‚
2044 3939 2049 3943 ι
2242 3919 2285 3947 s·

2387 3923 2529 3995 „330²
2541 3926 2554 3949 ·“

2536 3965 2554 4013 'd

1419 4059 1423 4062 .
1460 4056 1464 4058 -
2441 4010 2498 4053 'ff

1373 4062 1413 4093 vx·
1434 4065 1447 4077 ·⁴
1458 4074 1468 4082 -

2538 3777 2554 3818 ἐ

1146 4058 1313 4112 μ.»
1939 4123 1943 4133 .
2148 4091 2206 4114 „
2324 4119 2338 4127 ..
2430 4037 2554 4140 wi
