2554 4140
480 1075 1170 1200 EPITOMES
1262 1072 2216 1198 ASTRONOMIAE

837 1233 1874 1358 COPERNICANAE

1081 1459 1284 1510 LIBER
1322 1455 1630 1522 QUmTUS.

691 1626 1103 1686 Theoricae
1165 1625 1571 1686 Doctrinae
1628 1626 2027 1686 secundus.

299 1804 390 1863 DE
440 1803 766 1863 CIRCULIS
817 1801 1304 1871 EccENTfflclS,
1353 1800 1487 1859 SEU
1534 1800 1866 1859 THEORIIS
1916 1800 2423 1859 PLANETARUM.

382 2073 440 2123 Si
474 2073 640 2124 nullos
675 2077 853 2124 statuis
891 2077 948 2124 in
986 2075 1117 2125 coelo
1153 2074 1334 2124 solidos
1369 2074 1532 2135 orbes,
1585 2080 1631 2123 et
1665 2076 1709 2122 si
1745 2088 1916 2124 omnes
1945 2059 2282 2136 planetarum
2319 2079 2490 2123 motus

237 2145 670 2197 administrantur
704 2148 1037 2212 facultatibus
1075 2147 1427 2205 naturalibus,
1465 2162 1597 2210 quae
1631 2153 1751 2195 sunt
1785 2149 1907 2209 ipsis
1936 2148 2271 2210 planetarum
2311 2162 2489 2209 corpo-

236 2219 379 2268 ribus
423 2221 636 2269 insitae:
683 2236 876 2283 quaero
922 2222 1102 2284 iyitur,
1157 2236 1288 2284 quae
1336 2221 1523 2284 futura
1572 2221 1637 2268 sit
1684 2223 2028 2270 astronomiae
2071 2220 2246 2270 ratio?
2294 2219 2492 2269 videtur

238 2294 373 2341 enim
420 2293 512 2341 illa
564 2293 872 2343 circulorum
923 2300 971 2342 et
1018 2294 1222 2343 orbium
1260 2295 1629 2355 imayinatione
1667 2307 1838 2342 carere
1873 2308 1980 2343 non
2015 2308 2168 2356 posse.
2243 2293 2489 2342 Pictorum

238 2364 324 2414 illa
372 2364 659 2414 circulorum
710 2373 758 2416 ct
809 2366 997 2416 orbium
1036 2365 1195 2416 inutili
1235 2364 1525 2430 supellectili
1564 2379 1726 2415 carere
1764 2365 1906 2415 facile
1943 2371 2126 2429 potest,
2180 2372 2232 2414 at
2270 2379 2492 2416 verarum

239 2437 527 2502 figurarum,
574 2441 623 2486 in
661 2453 784 2501 quas
824 2438 1107 2488 ordinantur
1143 2441 1318 2489 itinera
1356 2438 1688 2502 planetarum,
1726 2439 2075 2501 imaginatione
2113 2445 2299 2488 tantum
2336 2438 2491 2499 abest,

240 2518 295 2560 ut
338 2512 587 2575 privemus
638 2514 1008 2572 astronomiam,
1060 2519 1114 2561 ut
1163 2514 1262 2561 veri
1310 2513 1576 2561 astronomi
1621 2513 1937 2575 praecipuum
1989 2525 2115 2575 opus
2153 2517 2202 2562 et
2238 2511 2378 2560 labor
2413 2511 2490 2572 sit,

242 2583 570 2634 demonstrare
622 2598 679 2632 ex
730 2585 1187 2647 observationibus,
1240 2599 1363 2648 quas
1410 2584 1592 2648 figuras
1644 2585 1897 2635 obtineant
1945 2585 2132 2653 orbitae
2178 2583 2490 2648 planetariae‚

240 2657 461 2721 talesque
512 2657 810 2707 comminisci
849 2657 1146 2723 hypotheses
1194 2673 1282 2708 seu
1326 2659 1566 2722 principia
1612 2657 1843 2722 physica,
1895 2664 1951 2706 ut
1989 2672 2049 2707 ex
2083 2659 2144 2707 iis
2183 2657 2366 2720 figurae
2405 2655 2492 2716 de-

242 2731 500 2780 monstrari
535 2732 739 2794 possint,
781 2733 1137 2781 consentientes
1176 2746 1283 2780 cum
1321 2730 1543 2780 deductis
1569 2744 1627 2779 ex
1655 2731 2094 2780 observationibus.
2158 2729 2320 2780 Semel
2347 2731 2494 2791 igitur

249 2796 469 2853 stabilita
505 2802 662 2866 figura
700 2805 886 2854 orbitae
923 2803 1252 2867 planetariae‚
1294 2805 1341 2851 in
1379 2809 1627 2868 posterum
1666 2802 1880 2853 secunda
1910 2803 2015 2866 jam
2055 2809 2103 2853 et
2139 2805 2296 2866 magis
2333 2814 2494 2866 popu-

243 2876 358 2925 laris
412 2877 502 2926 erit
547 2878 813 2926 astronomi
864 2878 1173 2937 exercitatiO,
1222 2877 1461 2927 calculum
1511 2878 1889 2926 astronomicum
1941 2891 2028 2940 per
2071 2876 2198 2926 hanc
2232 2877 2492 2941 genuinam

245 2949 450 3013 figuram
489 2948 746 2999 informare
784 2955 832 3000 et
867 2964 1048 3014 regere,
1089 2949 1170 2999 vel
1209 2952 1355 2999 etiam
1393 2950 1480 2998 illa
1515 2949 1672 3013 figura
1709 2951 1757 2997 in
1796 2949 2128 2998 materialibus
2165 2947 2492 2998 instrumentis

246 3036 474 3086 expressa
508 3036 605 3071 non
645 3037 785 3072 secus
823 3037 968 3085 quam
1007 3022 1176 3072 solidis
1212 3025 1521 3086 antiquorum
1560 3023 1759 3072 orbibus
1784 3024 1855 3071 uti
1898 3021 2300 3086 planetarumque
2328 3032 2492 3071 cursu·

247 3109 332 3157 per
369 3094 458 3143 has
496 3093 675 3158 figuras
715 3095 868 3145 oculis
906 3096 1159 3160 subjicere.
2484 3115 2491 3128 ⁵

395 3167 565 3231 Quam
613 3171 772 3231 iyitur
809 3169 969 3218 tradis
1005 3170 1276 3218 materiam
1313 3168 1430 3217 libri
1467 3171 1659 3231 quinti,
1710 3182 1798 3216 seu
1835 3168 2080 3217 theoricae
2117 3167 2379 3217 doctrinae
2414 3179 2490 3214 sea

248 3238 428 3300 cundi,
480 3246 525 3289 et
573 3256 673 3303 quo
725 3242 1013 3291 discrimine
1062 3243 1208 3291 illam
1249 3255 1458 3304 separas
1509 3256 1544 3289 a
1574 3239 1921 3304 praecedentis
1958 3243 2132 3303 quarti
2169 3247 2215 3289 et
2250 3239 2492 3302 sequentis

248 3313 371 3362 sexti
407 3313 673 3361 materiis?
706 3314 958 3370 Hactenus
995 3314 1120 3364 libro
1160 3321 1334 3377 quarto
1372 3315 1610 3377 principia
1646 3313 1852 3377 physica
1885 3319 2106 3362 motuum
2145 3314 2289 3377 (inter
2315 3307 2491 3372 cetera)

250 3390 363 3434 sunt
403 3383 730 3435 demonstrata
764 3388 1035 3436 rationibus
1073 3393 1122 3437 et
1159 3388 1522 3450 experimentiS,
1577 3388 1773 3449 quintus
1812 3399 1871 3434 ex
1909 3385 2042 3434 hisce
2081 3386 2331 3448 principiis
2367 3381 2492 3446 phy·

251 3458 365 3507 sicis
415 3456 642 3505 formabit
690 3459 868 3522 figuras
908 3461 1173 3509 orbitarum
1210 3460 1588 3523 planetariarum
1629 3471 1890 3522 earumque
1930 3458 2191 3520 figurarum
2227 3460 2492 3521 potestates

253 3528 543 3593 explicabit3
580 3525 664 3577 ubi
704 3539 843 3579 erunt
880 3532 1158 3593 excutiendi
1194 3532 1566 3582 reconditissimi
1604 3531 1897 3594 geometriae
1934 3544 2102 3592 penus,
2165 3530 2343 3579 Sextus
2381 3539 2511 3577 vcro·

254 3617 394 3651 usum
439 3601 610 3650 harum
659 3601 919 3664 figurarum
958 3608 1007 3652 in
1047 3606 1248 3654 theoriis
1285 3604 1584 3667 singulorum
1625 3602 1930 3666 planetarum
1969 3603 2162 3653 docebit
2201 3610 2249 3651 et
2286 3604 2334 3649 in
2374 3612 2493 3663 opus
2551 3645 2554 3655 ,

253 3674 503 3739 producet.
580 3672 791 3735 Quartus
841 3677 988 3738 igitur
1025 3679 1263 3727 theoriam
1308 3677 1485 3738 habet,
1538 3677 1735 3739 quintus
1774 3688 2039 3737 organum,
2092 3682 2258 3724 sextus
2295 3674 2491 3738 praxin3
2549 3693 2554 3720 ;

255 3754 456 3812 quartus
502 3746 735 3812 physicus
785 3755 908 3810 erat,
970 3752 1167 3812 quintus
1217 3757 1290 3801 est
1336 3751 1686 3815 geometricus,
1749 3755 1913 3797 sextus
1962 3750 2051 3799 erit
2099 3749 2290 3812 proprie
2339 3751 2492 3795 astro·
2524 3766 2554 3794 .-

254 3835 489 3871 nomicus.

229 3372 235 3409 Ι
