2554 4140
233 127 335 174 482
960 148 967 157 .«
1053 97 1288 174 Epitofnes
1318 117 1636 164 Astronomiae

139 259 145 272 ’
230 275 408 333 guntur
445 267 567 315 infra
605 271 653 315 et
689 267 982 329 retrogradi,
1032 267 1113 316 vel
1151 267 1322 315 Lunae
1359 266 1567 327 infimae,
1609 282 1718 316 cum
1755 254 1849 334 ipsi
1897 285 2044 334 supra
2083 276 2131 320 et
2170 270 2336 318 directi
2360 269 2479 318 ⁴Soli

231 342 599 404 conjunguntur.

864 455 929 504 11.
968 456 1055 505 De
1094 433 1578 502 illuminatione
1618 453 1846 505 Lunae.

378 559 517 617 Quae
554 570 711 604 causa
748 563 840 618 est,
882 572 975 605 eur
1012 557 1167 604 Luna
1216 555 1483 617 Venusque
1526 556 1683 618 facies
1719 551 1954 604 mutent?
2027 557 2190 606 Causa
2231 562 2304 606 est
2343 571 2478 606 com-

233 630 393 690 posita
433 645 490 677 ex
532 628 883 681 illuminatione
921 630 1179 691 globorum
1217 634 1265 676 et
1303 630 1399 675 situ
1436 641 1603 675 eorum
1640 626 1702 675 ad
1743 627 1941 676 Terram
1982 637 2029 677 et
2066 630 2246 678 Solem.

383 700 445 749 Ut
480 702 612 750 hane
650 717 859 751 causam
896 709 1023 750 recte
1059 701 1365 763 intelliyam,
1418 699 1525 760 dic,
1571 700 1712 748 'unde
1748 701 1898 749 stellis
1945 715 2041 749 sua
2091 703 2331 751 lumina?
2403 703 2477 751 De

229 773 340 821 fixis
381 774 571 822 difficile
612 781 684 823 est
721 774 1038 837 respondere,
1091 788 1206 822 num
1258 775 1405 820 insita
1442 773 1541 820 illis
1578 775 1676 820 sint
1712 771 1926 834 lumina3
1978 780 2114 824 tanto
2144 778 2271 823 enim
2309 776 2479 823 altitu-

230 846 355 894 dinis
394 847 547 909 gradu
586 847 880 908 consistunt,
938 853 992 894 ut
1030 846 1159 895 Solis
1199 851 1462 909 conspectu
1499 845 1719 893 fruantur
1770 846 1861 893 sub
1905 846 2120 895 exilitate
2174 850 2326 910 partis
2365 863 2478 896 sex-

229 922 519 968 centesimae
560 919 618 967 de
658 934 754 967 uno
794 921 1011 980 minut03
1060 923 1209 981 quare
1250 918 1410 967 decies
1451 919 1602 966 octies
1654 916 1787 965 mille
1828 918 2018 966 vicibus
2065 922 2221 968 minor
2259 921 2354 968 illis
2395 920 2478 968 Sol

230 992 456 1055 apparet,
508 1007 654 1054 quam
693 993 834 1040 nobis
874 993 952 1040 hic
993 995 1039 1038 in
1079 991 1255 1040 Terris,
1334 991 1409 1038 An
1449 992 1597 1053 igitur
1649 989 1962 1038 nihilominus
2001 991 2186 1052 polleat
2222 993 2304 1041 Sol
2346 1000 2480 1040 tanta

227 1070 470 1126 potestate
510 1064 814 1112 illuminandi
838 1064 978 1122 ,fixas
1017 1064 1200 1125 stellaS,
1243 1069 1296 1111 ut
1333 1063 1447 1112 illae
1486 1065 1703 1111 vicissim
1734 1065 2138 1111 communicatam
2175 1066 2269 1112 sibi
2307 1081 2336 1113 a
2365 1065 2479 1113 Sole

227 1136 388 1184 lucem
426 1137 489 1185 ad
528 1151 616 1184 nos
655 1152 810 1199 usque
849 1152 935 1200 per
973 1137 1178 1186 eandem
1217 1135 1461 1184 intervalli
1499 1136 1827 1198 prolixitatem
1870 1135 2121 1185 demittere
2147 1139 2362 1199 possint,
2401 1139 2480 1186 hic

160 1234 166 1238 -
230 1209 373 1257 video
415 1210 636 1259 dubitare
665 1209 957 1270 Galilaeum,
996 1224 1086 1259 nec
1125 1224 1215 1272 ego
1255 1209 1520 1271 quidquam
1547 1208 1749 1259 affirmO.
1796 1208 1876 1257 ''Si
1906 1216 2068 1257 tamen
2095 1212 2290 1272 propria
2310 1211 2480 1259 stellae

202 1282 413 1336 'habent
451 1283 649 1342 lumina,
690 1282 810 1330 nihil
849 1278 943 1331 hoc
981 1291 1054 1332 est
1093 1282 1321 1342 insolens,
1363 1284 1479 1344 quia
1518 1283 1664 1329 etiam
1702 1282 1781 1329 hic
1818 1283 1867 1328 in
1893 1281 2052 1330 Terris
2093 1288 2328 1331 certorum
2355 1297 2480 1345 quo·
2551 1306 2554 1311 ·

226 1354 431 1402 rundam
469 1356 753 1404 animalium
790 1357 1010 1417 partibus
1049 1370 1139 1403 sua
1178 1357 1341 1402 insunt
1378 1355 1577 1415 lumina,
1618 1360 1665 1402 et
1690 1359 1791 1403 arte
1819 1354 2041 1417 chymica
2077 1354 2246 1403 lumen·
2278 1356 2480 1418 gemmis
2546 1406 2549 1409 ,

226 1427 472 1475 nonnullis
512 1442 608 1475 non
648 1429 905 1488 fluctuans,
940 1435 1000 1478 ,ut
1037 1428 1338 1477 lucernarum
1379 1434 1427 1476 et
1463 1429 1663 1489 ignium,
1703 1426 1789 1475 sed
1814 1426 1958 1489 plane
1987 1434 2214 1495 constans
2253 1436 2302 1477 et
2340 1430 2480 1490 quie-

231 1505 334 1546 tum
373 1500 671 1548 conciliatur.
752 1499 1025 1563 Utcumque
1062 1504 1149 1561 sit,
1189 1502 1294 1549 sive
1333 1502 1528 1562 propria
1566 1499 1692 1548 fixae
1730 1499 1916 1547 lumina
1953 1508 2210 1562 spargant,
2251 1503 2357 1550 sive
2396 1515 2482 1550 ac-

231 1578 422 1634 ceptum
462 1588 492 1620 a
530 1572 644 1630 Sole
681 1573 846 1620 lumen
884 1575 1230 1637 repercutiant,
1267 1572 1381 1621 ‘illos
1421 1578 1549 1621 certe
1588 1573 1776 1620 colores
1816 1574 1976 1620 varios
2021 1573 2253 1636 illamque
2292 1573 2481 1622 scintil-

226 1643 458 1693 lationem
498 1644 555 1692 de
594 1660 683 1693 suo
723 1645 921 1694 addunt.
1001 1646 1246 1710 Simplicis
1282 1647 1408 1695 enim
1450 1659 1624 1695 causae
1662 1645 1736 1709 (ut
1773 1646 1815 1693 si
1852 1644 1937 1694 Sol
1979 1643 2124 1712 esset)
2162 1645 2367 1709 simplex
2407 1651 2482 1698 est

228 1717 425 1766 effectus
466 1724 514 1766 et
552 1719 816 1767 uniformis.

375 1790 451 1838 De
492 1790 699 1854 planetis
739 1804 855 1839 vero
896 1797 1026 1839 certa
1064 1797 1137 1840 est
1174 1796 1267 1851 res,
1306 1805 1447 1839 omne
1470 1790 1662 1838 illorum
1687 1789 1849 1839 lumen
1877 1805 1907 1839 a
1933 1789 2047 1840 Sole
2074 1805 2198 1840 esse.
2268 1790 2315 1854 1)
2342 1790 2482 1840 Luna

227 1863 352 1910 enim
413 1869 460 1911 et
510 1863 679 1912 Venus
731 1878 818 1926 pro
872 1866 1059 1912 ratione
1115 1864 1508 1926 configurationis
1561 1878 1678 1911 suae
1733 1878 1842 1911 cum
1895 1863 2010 1912 Sole
2063 1864 2213 1912 facies
2274 1869 2505 1914 mutant.¹

229 1933 278 2000 2)
317 1935 472 1996 Luna,
512 1935 663 1985 Terra
701 1943 749 1985 et
780 1936 976 1998 Jupiter
1014 1937 1207 1985 umbras
1245 1936 1520 1999 projiciunt,
1562 1936 1741 1997 objecti
1767 1934 1887 1996 Soli,
1926 1938 1995 1984 sic
2023 1941 2077 1984 ut
2103 1937 2281 1985 Terrae
2318 1942 2478 1999 partes

228 2014 389 2056 certae
428 2024 458 2056 a
494 2008 664 2058 Lunae
703 2009 888 2069 umbra,
930 2009 1072 2057 Luna
1107 2015 1212 2057 tota
1250 2024 1280 2056 a
1304 2008 1497 2065 Terrae,
1526 2004 1761 2070 'planetae
1787 2007 2012 2058 Joviales
2050 2025 2080 2057 a
2114 2008 2258 2057 Jovis
2298 2009 2478 2058 umbris

227 2080 410 2129 lumine
449 2082 698 2142 priventur
724 2088 772 2130 et
807 2083 1126 2144 inconspicua
1164 2087 1248 2129 aut
1288 2081 1547 2129 obscurata
1574 2094 1776 2142 corpora
1798 2081 1931 2141 fiant,
1972 2095 2098 2143 quae
2139 2088 2273 2130 extra
2298 2081 2477 2130 lineam

231 2155 551 2216 oppositionis
592 2154 855 2203 clarissime
904 2154 1237 2203 cernebantur.
1315 2150 1365 2218 3)
1403 2152 1604 2215 Semper
1641 2152 1799 2214 MarS,
1856 2153 2077 2216 Jupiter,
2127 2153 2364 2202 Saturnus
2414 2155 2476 2202 ab

234 2241 292 2274 ea
330 2231 469 2288 parte
509 2226 735 2276 clariores
775 2233 1024 2290 apparent,
1065 2226 1192 2275 unde
1230 2224 1396 2274 Solem
1433 2227 1632 2290 propius
1659 2227 1911 2288 aspiciunt,
1955 2227 2017 2274 ab
2045 2228 2271 2290 opposita
2299 2227 2478 2275 obscu-
2552 2258 2554 2266 η

229 2300 379 2363 riores
424 2304 508 2347 aut
547 2300 766 2349 colorati.
843 2299 1112 2349 Mercurius
1151 2300 1296 2348 etiam
1337 2298 1536 2346 clariore
1574 2297 1756 2347 lumine
1795 2300 2026 2359 cernitur,
2082 2313 2188 2347 cum
2229 2303 2302 2347 est
2337 2299 2480 2348 altior
2551 2300 2554 2322 ³

229 2370 346 2419 Sole
386 2377 670 2435 partemque
710 2372 913 2421 eandem
953 2374 1165 2435 corporis
1205 2371 1438 2432 ostendit,
1484 2384 1610 2432 quae
1649 2377 1698 2418 et
1734 2371 1862 2419 Solis
1900 2371 2080 2420 lumine
2118 2372 2303 2419 fruitur.
2347 2371 2479 2421 ‘Nec

235 2445 425 2492 interim
465 2450 627 2494 tamen
666 2445 945 2508 negandum
968 2451 1081 2507 gest,
1134 2444 1330 2492 Saturni
1368 2444 1501 2506 globi
1541 2442 1843 2506 superficiem
1883 2458 1989 2492 esse
2031 2443 2189 2493 colore
2226 2446 2476 2507 cineream,

228 2516 372 2565 Jovis
413 2518 566 2565 rufam
606 2519 686 2566 vel
725 2519 931 2579 flavam,
981 2516 1223 2566 Martialis
1260 2518 1474 2579 nigram,
1528 2518 1654 2564 sicut
1706 2522 1894 2565 terrena
1943 2522 1991 2565 et
2028 2517 2150 2565 forte
2200 2523 2249 2565 et
2296 2517 2478 2566 lunaris

230 2595 302 2638 est
339 2590 495 2650 lutea,
549 2591 753 2640 Veneris
793 2605 909 2639 vero
947 2590 1081 2654 globi
1121 2589 1423 2653 superficiem
1464 2588 1881 2649 candidissimam,
1932 2589 2159 2638 Mercurii
2207 2589 2476 2638 caeruleam

230 2677 361 2723 esse,
415 2677 511 2711 non
553 2665 776 2712 obstante
814 2664 934 2724 hoc,
986 2662 1116 2726 quod
1156 2665 1292 2727 ipsae
1330 2662 1586 2725 globorum
1637 2661 1967 2724 corpulentiae
2014 2677 2163 2711 causa
2209 2662 2476 2724 densitatiS,

231 2750 377 2798 supra
401 2726 524 2784 libro
552 2737 639 2785 IV.
670 2739 914 2796 inventae,
954 2737 1203 2785 fossilibus
1231 2734 1446 2784 colorum
1470 2743 1570 2783 'non
1595 2735 1745 2798 plane
1768 2733 2029 2784 eorundem
2067 2735 2476 2784 assimilabantur.

385 2808 525 2857 Unde
574 2812 733 2873 iyitur
783 2811 934 2858 stellis
981 2816 1051 2858 est
1102 2810 1193 2858 illa
1229 2809 1556 2857 scintillatio?
1628 2807 1722 2856 Vel
1770 2808 1833 2856 ab
1881 2807 2046 2870 aliqua
2095 2815 2375 2869 corporum,
2423 2812 2480 2875 ut

229 2880 600 2943 pellucidorum,
655 2883 940 2950 alteratione
978 2887 1218 2946 perpetua
1257 2888 1304 2930 et
1344 2882 1632 2940 continenti,
1687 2895 1832 2943 quam
1862 2881 2002 2942 quasi
2043 2894 2364 2943 paroxysmos
2403 2879 2479 2927 di·-

229 2955 382 3014 xeriS,
432 2954 511 3003 vel
550 2956 613 3004 ab
652 2961 852 3005 externa
906 2969 1161 3018 corporum
1199 2955 1546 3017 angulosorum
1598 2953 1678 3002 vel
1727 2952 2087 3002 maculosorum
2135 2953 2479 3002 convolutione

231 3026 614 3090 angulorumque
652 3028 733 3077 vel
771 3028 1070 3077 macularum
1108 3027 1310 3076 aliarum
1350 3033 1463 3090 post
1499 3026 1622 3075 alias
1662 3025 2001 3088 explicatione.

2549 2509 2554 2595 εἴ

2546 2614 2554 2712 f

2544 2720 2554 2813 l

2533 2824 2549 3021 ἶ

2536 3066 2540 3096 ²
2546 3096 2554 3105 .

385 3098 523 3149 Unde
559 3104 756 3162 seimuS,
798 3101 1007 3150 Lunam
1056 3103 1259 3163 penitus
1296 3114 1467 3148 carere
1516 3102 1731 3161 proprio
1769 3097 2000 3148 lumine?
2071 3096 2200 3159 Quia
2238 3097 2475 3154 interdum
2504 3100 2549 3163 '31¹‘¹

230 3170 392 3218 subito
434 3177 537 3221 tota
573 3177 766 3236 penitus
792 3176 1042 3234 amittitur,
1082 3180 1135 3221 ut
1160 3188 1220 3223 ne
1245 3174 1507 3235 vestigium
1533 3172 1728 3235 quidem
1766 3172 1871 3233 ejus
1897 3177 2146 3233 appareat,
2187 3185 2295 3219 cum
2319 3177 2478 3220 tamen
2527 3183 2554 3242 l?

231 3244 447 3304 proxime
485 3245 646 3294 locum
686 3247 790 3308 ejus
831 3249 957 3296 cerni
985 3249 1174 3310 possint
1200 3247 1326 3295 fixae
1356 3251 1558 3308 quartae
1585 3245 1665 3294 vel
1694 3246 1894 3307 quintae
1918 3243 2298 3306 magnitudinis,
2331 3256 2477 3307 quare
2526 3259 2554 3317 χ

234 3321 349 3363 tunc
387 3315 547 3365 locum
586 3334 681 3366 non
719 3320 869 3369 habet
908 3322 1122 3383 suspicio
1164 3319 1419 3382 caliginosi
1455 3320 1655 3366 nimium
1695 3319 1834 3366 ae‘riS.
1896 3315 1992 3365 Sic
2020 3316 2198 3364 factum
2239 3322 2314 3366 est
2351 3329 2475 3365 anno
2542 3331 2549 3336 ·

195 3411 198 3414 -
238 3388 391 3434 1620.
431 3385 539 3455 ¹715.
584 3391 736 3440 Junii.
2456 3424 2458 3426 ’

2527 3377 2532 3401 ¹
2548 3402 2554 3407 .

384 3459 526 3508 Unde
563 3465 720 3523 ἱρέων
752 3464 934 3514 Lunae
974 3481 1126 3514 suum
1166 3471 1234 3512 est
1270 3463 1479 3513 lumen?
1548 3461 1783 3519 Indidem,
1821 3459 1948 3509 unde
1988 3466 2035 3509 et
2061 3461 2269 3510 Telluris
2308 3474 2477 3525 super·
2520 3448 2554 3530 β

232 3530 450 3592 ficicbuS,
490 3549 520 3580 a
559 3537 839 3596 corporibus
878 3538 1062 3586 scilicet
1097 3538 1367 3595 luminosis,
1408 3538 1456 3583 in
1498 3531 1701 3598 quorum
1739 3533 1824 3582 illa
1861 3533 2042 3581 lumine
2070 3540 2303 3594 versatur,
2342 3532 2554 3601 nullo·l÷

233 3605 558 3653 intercedente
598 3614 777 3668 opaco,
818 3615 866 3657 et
903 3613 1206 3672 potissimum
1248 3610 1444 3672 quidem
1469 3624 1500 3657 a
1525 3608 1655 3667 Sole,
1694 3607 1826 3654 sonte
1854 3607 2008 3655 omnis
2048 3609 2096 3653 in
2130 3606 2310 3654 mundo
2335 3606 2471 3665 lucis,
2517 3626 2554 3674 μ.)

379 3677 436 3726 Si
472 3676 654 3725 Lunae
691 3680 864 3728 lumen
902 3690 1018 3730 esset
1054 3699 1087 3730 a
1130 3683 1268 3742 Sole,
1309 3683 1590 3730 videremus
1627 3682 1683 3726 in
1720 3679 1833 3736 illa,
1887 3685 1945 3726 ut
1991 3681 2046 3726 in
2084 3680 2310 3744 speculo,
2348 3678 2474 3727 Solis
2515 3680 2554 3727 {2-

233 3751 618 3813 imaqunculam
667 3766 859 3812 semper·
907 3755 1199 3804 rotundam.
1285 3754 1536 3816 Siquidem
1586 3751 1725 3799 Luna
1775 3751 2076 3814 superficiem
2130 3752 2328 3800 haberet
2383 3763 2479 3818 [ιο-ζ.
2514 3746 2554 3812 if

233 3822 368 3872 litam
406 3826 557 3872 instar
593 3823 803 3888 speculi3
856 3839 952 3887 quo
991 3832 1170 3889 negato
1220 3841 1316 3875 non
1366 3829 1585 3889 sequitur
1621 3823 1796 3872 illatio.
1874 3823 2210 3886 Conspicimus
2263 3825 2388 3873 enim
2424 3823 2473 3869 in

2514 3858 2519 3886 J
2546 3836 2554 3867 5
