2554 4140
168 136 273 185 284
998 100 1234 188 Epitomes
1265 130 1582 177 Astronomiae

166 290 303 335 quam
348 280 554 322 emortum
596 276 873 322 consuetudo
913 277 1124 333 dixisset,
1165 282 1208 323 et
1247 277 1364 322 illud
1391 277 1738 322 occultationem
1767 278 1953 335 potius,
1998 290 2134 336 quam
2175 278 2418 333 occasum.)

169 347 246 394 Ita
285 344 460 394 Graeci
500 344 750 408 appellant
786 343 1010 409 ἑπιτολην
1045 361 1141 394 non
1182 343 1437 409 ἀνατολην,
1479 346 1594 393 item
1623 364 1784 410 φασιν,
1825 353 1872 395 et
1898 357 2071 411 npvrpcr
2095 360 2182 394 seu
2217 343 2418 408 ἀφανισ-

164 437 254 479 μον
289 431 376 480 pro
414 423 561 469 δυσει,
633 417 776 466 Hanc
814 420 1025 481 speciem
1063 424 1193 467 ortus
1221 424 1267 466 et
1295 431 1496 466 occasus
1526 423 1645 480 puto
1683 419 1885 482 speciali
1910 420 2104 467 nomine
2140 417 2254 466 olim
2293 422 2417 482 poe-

165 493 308 539 ticam
345 487 626 556 (ποιητικην)
677 490 771 539 dici
809 489 1029 551 solitam,
1087 492 1226 553 quasi
1271 490 1464 552 fictam3
1518 504 1576 539 eo
1615 491 1746 554 quod
1798 505 1893 539 non
1934 506 2048 552 vere
2087 492 2301 539 oriantur
2338 490 2418 540 vel

167 563 406 624 occidant,
445 562 532 612 sed
569 568 757 612 tantum
794 570 1062 628 appareant
1099 564 1209 611 oriri
1250 562 1328 611 vel
1368 562 1603 612 occidere.

314 635 450 699 Quid
485 651 603 698 eryo
636 636 720 699 fiet
757 636 816 684 de
851 638 994 698 vulyi
1030 643 1148 689 ortu
1183 638 1392 684 cosmico
1429 642 1476 683 et
1511 651 1690 684 occasu
1717 635 2038 699 aer-onycha?
2074 635 2260 684 Censeo
2300 651 2415 700 spe-

165 709 262 757 cies
301 708 436 768 illae,
490 714 543 756 ut
580 708 759 771 vulgus
796 708 906 757 illas
947 708 1133 768 definit,
1189 708 1330 757 aliter
1364 708 1712 772 appellandas,
1750 710 1790 757 si
1829 709 1974 757 modo
2012 707 2151 756 locus
2190 710 2249 756 iis
2287 707 2416 756 ullus

164 783 211 828 in
263 780 356 831 hac
406 787 541 846 parte
587 781 834 830 doctrinae
884 782 1185 843 relinquitur.
1260 780 1401 830 Certe
1453 782 1630 844 poe'tici
1683 795 1778 831 non
1827 789 1963 842 sunt,
2015 783 2215 829 notione
2267 781 2416 844 hujus

164 856 305 905 vocis
338 855 554 917 vulgari3
592 868 705 903 nam
743 856 824 916 qui
863 858 1038 916 poe'tae
1077 856 1136 901 iis
1175 858 1437 914 uterentur,
1478 868 1587 902 cum
1624 868 1720 903 non
1761 854 2142 916 conspicantur?
2183 855 2422 902 Dicuntur

163 928 328 990 potius
377 929 685 976 astronomici
739 934 1067 989 vocenturque
1117 932 1250 975 ortus
1298 932 1346 975 et
1391 941 1593 976 occasus
1644 941 1752 976 cum
1791 927 1931 989 Sole3
1982 926 2170 974 Plinius
2219 933 2414 976 exortus

163 1001 428 1049 matutinos
467 1014 766 1062 occasusque
805 1001 1107 1062 vespertinos
1145 999 1390 1064 appellare
1430 999 1644 1060 videtur,
1683 1000 1798 1049 licet
1836 999 2006 1049 eodem
2042 1001 2235 1048 nomine
2274 1001 2422 1048 etiam

164 1072 340 1122 heliaci
394 1074 606 1122 veniant.
683 1074 809 1134 Ergo
865 1087 952 1135 pro
1000 1078 1134 1133 ortu,
1194 1087 1340 1134 quem
1394 1080 1572 1122 vocant
1611 1070 1901 1133 cosmicum,
1972 1078 2220 1135 exspectet
2273 1076 2423 1136 poeta

168 1142 607 1195 ortum'heliacum
643 1147 860 1209 proxime
901 1145 1279 1207 coincidente1n‚
1330 1159 1417 1209 pro
1468 1161 1645 1195 occasu
1692 1145 1830 1209 vulgi
1868 1145 2169 1210 acronycho,
2217 1144 2311 1194 hoc
2348 1140 2421 1194 est

165 1234 274 1268 curn
312 1217 561 1268 occidente
600 1218 728 1278 Sole,
769 1225 1094 1282 praeoccupet
1132 1233 1358 1268 occasum
1395 1218 1635 1268 heliacum
1675 1220 1962 1283 proximum.

309 1291 409 1340 Dic
445 1306 625 1340 causas
649 1300 742 1340 cur
778 1306 974 1340 censeas
1011 1306 1094 1340 eas
1129 1295 1310 1354 species
1346 1292 1748 1354 expunyendas?
1793 1291 1955 1340 Primo
1993 1306 2080 1355 pro
2120 1305 2196 1339 me-
2233 1290 2423 1339 faciunt

165 1366 392 1424 nomina,
441 1360 599 1414 noctis
652 1365 776 1414 enim
827 1378 924 1413 non
974 1379 1123 1414 unum
1161 1371 1375 1426 tantum,
1428 1370 1483 1414 ut
1519 1365 1671 1428 vulgo
1710 1365 1790 1413 hic
1827 1371 1985 1425 tenet,
2029 1362 2116 1413 sed
2164 1362 2261 1412 duo
2307 1369 2421 1412 sunt

164 1436 306 1504 ἄκρα,
347 1432 634 1501 principium
675 1444 723 1486 et
759 1437 883 1497 finis,
922 1443 971 1487 et
1006 1437 1320 1486 Ptolemaeus
1356 1437 1580 1501 planetas
1620 1445 1767 1487 vocat
1791 1436 2092 1502 acronychos
2130 1442 2235 1486 tota
2260 1443 2418 1496 nocte,

165 1526 229 1560 sc.
270 1516 369 1559 tam
406 1512 455 1558 in
492 1511 731 1574 principio
772 1512 996 1571 orientes,
1037 1525 1182 1574 quam
1220 1512 1268 1558 in
1309 1511 1415 1574 ejus
1453 1512 1547 1560 fine
1588 1510 1880 1560 occidentes.
1959 1509 2260 1580 Videturque
2299 1524 2420 1559 con-

164 1584 326 1632 silium
366 1584 486 1646 ejus,
527 1584 610 1646 qui
648 1583 743 1632 hoc
780 1597 956 1633 nomen
995 1584 1310 1647 excogitavit,
1349 1584 1442 1633 hoc
1466 1584 1629 1645 fuisse,
1669 1589 1722 1632 ut
1756 1583 2045 1644 ostenderet,
2085 1582 2278 1631 stellam
2306 1588 2421 1632 tnnc

164 1659 268 1720 pati
305 1657 544 1706 contraria
581 1655 700 1718 Soli,
741 1657 854 1705 oriri
892 1671 958 1706 sc.
1003 1658 1050 1704 in
1090 1658 1327 1722 principio
1366 1658 1552 1718 noctis,
1604 1671 1712 1706 cum
1752 1656 1837 1707 Sol
1877 1658 2058 1706 oriatur
2096 1657 2143 1703 in
2181 1657 2419 1719 principio

165 1729 286 1790 diei,
328 1743 478 1793 quare
517 1734 567 1778 et
603 1728 842 1794 occidere,
882 1744 991 1778 cum
1031 1729 1114 1779 Sol
1155 1731 1320 1798 oritur.
1396 1730 1608 1779 Cosmici
1647 1745 1762 1779 vero
1802 1744 1898 1778 vox
1937 1729 2054 1793 quid
2093 1727 2225 1778 aliud
2261 1734 2420 1789 sonat,

165 1818 310 1866 quam
349 1803 398 1852 id
430 1802 561 1865 quod
591 1802 696 1852 Soli
735 1804 1011 1866 opponitur,
1051 1817 1158 1852 cum
1187 1804 1451 1867 quaeritur,
1491 1803 1630 1866 cujus
1654 1809 1875 1868 respectu
1901 1802 2038 1851 sidus
2077 1803 2260 1851 oriatur
2285 1803 2420 1851 'occi-

165 1877 377 1940 datque,
399 1874 528 1924 Solis
565 1890 626 1923 an
666 1875 846 1937 mundi,
886 1875 936 1924 id
961 1882 1035 1926 est
1071 1875 1338 1925 horizontis
1364 1876 1632 1926 mundani?
1671 1875 1863 1926 Deinde
1901 1877 1950 1923 in
1975 1877 2251 1940 praecipuis
2288 1873 2421 1924 side-

164 1951 325 2007 ribus,
379 1963 504 2011 quae
543 1949 730 1998 scilicet
764 1950 812 1996 in
852 1949 1106 1998 zodiacum
1145 1948 1384 2005 incidunt,
1431 1950 1587 2012 juncti
1627 1955 1741 1997 sunt
1777 1950 1965 1997 ratione
2018 1949 2248 2012 temporis
2288 1953 2420 1996 ortus

165 2022 468 2086 vespertinus
507 2027 556 2070 et
593 2036 797 2071 occasus
834 2023 1122 2083 matutinus,
1173 2036 1257 2070 cur
1295 2036 1408 2085 ergo
1449 2022 1860 2084 distinguerentur
1898 2023 1994 2070 ista
2032 2021 2420 2084 cognominibus,

164 2101 219 2144 ut
255 2094 338 2144 ille
375 2094 698 2158 acronychus,
737 2094 816 2143 hic
853 2096 1095 2144 cosmicus
1133 2093 1406 2144 diceretur?
1462 2094 1647 2145 Eadem
1686 2102 1760 2144 est
1797 2095 1921 2144 ratio
1962 2102 2070 2142 cum
2110 2100 2218 2143 ortu
2256 2099 2421 2142 matu-

165 2170 267 2218 tino
307 2174 355 2217 et
393 2181 568 2216 occasu
608 2168 911 2231 vespertino:
965 2181 1049 2216 cur
1087 2166 1259 2217 eodem
1297 2169 1375 2217 die
1414 2168 1635 2218 dictitare
1687 2175 1847 2217 ortum
1886 2169 2149 2216 cosmicum
2189 2172 2237 2216 et
2275 2180 2421 2216 occa-

166 2257 274 2290 sum
312 2239 619 2304 acronychon
660 2239 878 2303 ejusdem
917 2240 1088 2289 sideris
1127 2241 1528 2291 consuescerem?
1567 2242 1732 2290 Tertio
1772 2246 1928 2290 ortum
1968 2246 2017 2290 et
2043 2254 2271 2289 occasum
2310 2253 2420 2289 cum

166 2314 281 2364 Sole
321 2315 634 2362 circumstant
671 2313 958 2377 plerumque
997 2316 1200 2363 emersio
1240 2320 1289 2363 et
1327 2314 1617 2379 occultatio;
1658 2313 1774 2377 quid
1813 2328 1935 2376 opus
1975 2319 2048 2363 est
2086 2321 2304 2377 tempora
2331 2326 2422 2360 an-

164 2393 310 2451 gusta
345 2385 644 2449 distinguere
684 2386 844 2435 adhuc
881 2386 1108 2436 subtilius
1147 2393 1195 2435 et
1230 2388 1484 2450 operosius
1525 2402 1607 2451 per
1644 2389 1765 2436 istos
1805 2393 1938 2436 ortus
1969 2387 2209 2435 cosmicos
2249 2391 2297 2436 et
2335 2399 2424 2435 oc-

168 2475 310 2509 casus
349 2457 504 2524 (vulgi
544 2455 710 2526 sensu)
747 2459 1086 2524 acronychos‘?
1126 2460 1350 2523 Denique
1389 2475 1512 2523 quos
1550 2460 1766 2510 heliacos
1792 2458 2111 2524 appellamus,
2152 2461 2187 2507 ii
2211 2473 2420 2509 cernun—

165 2540 256 2593 tur,
299 2546 422 2596 quos
462 2546 552 2594 ego
592 2532 892 2596 acronychos
930 2532 1153 2596 appe110,
1195 2539 1453 2582 cernuntur
1490 2538 1538 2582 et
1577 2535 1693 2596 ipsi3
1734 2535 1835 2596 apti
1874 2538 1989 2581 sunt
2025 2531 2279 2594 agricolis,
2317 2547 2424 2582 me-

167 2605 300 2667 dicis,
341 2604 598 2667 historiciS,
638 2609 797 2669 poc'tis
836 2605 899 2654 ad
926 2605 1274 2669 descriptiones
1314 2606 1544 2669 vulgares
1582 2613 1878 2670 temporum3
1917 2611 1968 2654 at
2005 2604 2076 2652 illi
2113 2606 2262 2669 spurii
2291 2610 2423 2653 ortus

168 2685 215 2728 et
253 2693 457 2728 occasus
496 2692 606 2727 cum
632 2678 763 2738 Sole,
804 2693 1010 2741 quorum
1049 2679 1159 2728 illos
1202 2681 1412 2739 cosmici‚
1454 2679 1543 2727 hos
1582 2678 1844 2742 acronychi
1881 2679 2076 2727 nomine
2102 2677 2418 2741 locupletant,

169 2766 477 2816 nequaquam
517 2758 800 2813 cernuntur,
840 2765 928 2801 nec
967 2766 1026 2800 ex
1064 2752 1202 2800 coelo
1241 2751 1326 2801 sed
1366 2767 1425 2801 ex
1464 2751 1599 2801 libris
1639 2757 2023 2800 astronomorum
2063 2750 2258 2815 petendi
2294 2756 2423 2811 sunt,

169 2840 259 2874 nec
295 2825 391 2874 nisi
429 2825 491 2874 ab
531 2826 603 2882 iis,
645 2826 728 2888 qui
767 2827 1114 2873 astronomiam
1141 2824 1424 2885 didicerunt,
1465 2830 1811 2887 agnoscuntur.
1890 2825 2066 2887 Itaque
2103 2823 2291 2873 nullum
2329 2837 2422 2887 ego

169 2900 339 2947 notavi
374 2898 633 2961 probatum
671 2899 967 2961 scriptorem,
1009 2899 1092 2961 qui
1130 2897 1206 2945 his
1245 2904 1375 2947 esset
1414 2912 1530 2946 usus
1568 2898 1844 2946 nominibus
1884 2897 2030 2960 vulgi,
2057 2911 2235 2958 sensu,
2275 2902 2327 2946 at
2362 2911 2424 2945 ne

166 2971 309 3020 rebus
349 2970 544 3034 quidem
583 2970 647 3020 ad
685 2970 914 3034 vulgares
953 2970 1331 3033 descriptiones3
1385 2976 1562 3019 contra⁴
1588 2970 1777 3018 Plinius
1824 2970 2031 3034 aliique,
2085 2985 2193 3019 cum
2232 2971 2280 3017 in
2335 2968 2423 3019 de·

166 3045 425 3106 scriptione
475 3050 744 3108 temporum
794 3044 869 3092 his
918 3045 1246 3106 inconspicuis
1284 3044 1532 3092 exortibus
1571 3049 1619 3092 et
1657 3043 1912 3092 occasibus
1961 3048 2184 3104 utuntur,
2240 3048 2289 3092 et
2325 3042 2427 3092 alia

167 3121 355 3179 ponunt
401 3118 621 3177 nomina,
674 3123 728 3164 ut
765 3116 1091 3181 praedictum,
1143 3122 1192 3165 et
1229 3115 1326 3165 alio
1365 3116 1460 3165 fine
1499 3115 1706 3174 faciunt,
1759 3129 1855 3164 non
1894 3122 1948 3169 ut
1986 3115 2262 3165 describant
2299 3121 2424 3164 tem-

167 3203 289 3252 pora
325 3190 453 3236 notis
490 3185 800 3252 vulgaribuS,
841 3188 928 3238 sed
967 3195 1020 3238 ut
1060 3203 1234 3239 causas
1272 3195 1649 3238 commemorent
1685 3192 2025 3251 tempestatum
2060 3189 2325 3250 abstrusas,
2366 3203 2424 3238 ex

169 3259 437 3323 astrologia
474 3264 673 3323 petitas.

320 3339 511 3402 Quibus
561 3341 658 3389 diei
693 3342 925 3405 partibus
973 3342 1208 3391 incidunt
1243 3348 1384 3399 ortus
1433 3345 1479 3389 et
1515 3354 1717 3389 occasus
1754 3338 1972 3388 heliaci?
2020 3341 2175 3389 Fixae
2215 3353 2420 3424 semper,

169 3416 396 3479 planetae
434 3412 716 3476 plerumque
755 3429 895 3464 manc
935 3417 1188 3464 emersisse
1227 3429 1253 3463 e
1291 3400 1419 3463 Solis
1457 3413 1627 3473 radiis,
1681 3412 1871 3475 vesperi
1910 3427 2028 3462 vero
2067 3410 2285 3476 ejusdem
2318 3413 2425 3475 jam
2480 3460 2485 3473 s

171 3487 378 3537 demersi
413 3484 563 3533 radiis
602 3486 801 3534 conditi
822 3486 1092 3551 diparuisse
1131 3486 1576 3551 deprehenduntur3
1625 3490 1680 3533 ut
1714 3485 1784 3533 sic
1821 3485 1869 3530 in
1921 3491 2053 3534 ortus
2090 3486 2239 3549 plaga
2277 3500 2422 3549 spec-

171 3565 332 3610 tentur
369 3563 696 3619 emergentes„
749 3561 800 3605 in
846 3574 1023 3608 occasu
1072 3561 1355 3610 amittantur
1401 3558 1584 3608 conditi
1633 3558 1722 3606 sub
1770 3556 1948 3607 radios.
2027 3559 2208 3621 Excipe
2259 3564 2418 3608 tamen

179 3634 227 3693 1)
267 3633 456 3681 Lunam
494 3645 697 3694 semper,
738 3630 1029 3680 Mercurium
1067 3647 1183 3682 vero
1223 3639 1271 3682 et
1308 3633 1546 3682 Venerem
1585 3636 1721 3686 tunc,
1757 3630 1968 3692 quando,
2012 3637 2064 3679 ut
2089 3631 2245 3691 Luna,
2285 3630 2424 3679 velo-

173 3709 326 3756 ciores
382 3709 496 3752 sunt
544 3705 651 3766 ipso
701 3702 815 3752 Sole
868 3709 916 3751 et
965 3703 1157 3753 directi:
1225 3710 1339 3753 tunc
1388 3707 1514 3754 enim
1564 3705 1636 3767 (ut
1689 3702 1851 3765 Luna)
1909 3704 2097 3767 vesperi
2150 3703 2422 3767 deprehen-

173 3779 351 3828 duntur
390 3778 640 3826 emersisse
667 3778 715 3823 in
757 3789 947 3836 occasu,
987 3791 1127 3824 mane
1155 3777 1447 3840 disparuisse
1485 3780 1533 3824 in
1569 3781 1691 3836 orta,
1732 3774 1912 3823 conditi
1950 3777 2041 3825 sub
2069 3775 2200 3825 Solis
2240 3775 2420 3824 radios.

176 3851 230 3916 2)
267 3849 419 3900 Jubet
459 3851 604 3900 etiam
654 3848 883 3912 analogia
933 3851 1152 3913 excipere
1190 3849 1374 3913 aliquid
1412 3853 1537 3899 intra
1574 3848 1763 3914 polares
1812 3862 1899 3898 seu
1936 3850 1987 3897 in
2033 3850 2170 3898 zonis
2207 3846 2420 3912 frigidis3

2541 3746 2547 3753 -
2540 3681 2548 3712 ..ι
2543 3607 2550 3653 ,-,
2543 3466 2554 3585 ,ῆι-,η-
2549 3418 2554 3438 ,,
2550 3380 2554 3387 „
2550 3316 2554 3326 -
2549 3263 2554 3294 --
