2554 4140
221 175 323 233 392
980 193 984 198 ·
1091 177 1325 235 Epitomes
1355 174 1668 221 Astronomiae

221 333 293 377 tot
344 326 442 375 alia
489 326 819 388 experimenta
867 326 1013 375 etiam
1064 329 1113 374 in
1152 326 1244 375 hac
1282 326 1571 388 quaestione
1609 330 1790 374 nostra·
1812 324 2045 388 magistra
2082 327 2156 372 est
2194 321 2255 372 ad
2294 324 2465 385 cogni-'-

220 401 400 448 tionem
440 397 722 447 coelestium
760 399 1119 475 acquirendam,
1159 397 1502 463 praelucetque
1541 397 1762 461 exemplo
1801 412 1890 446 suo
1929 404 2131 445 naturae
2161 396 2463 460 planetarum

221 486 448 520 omnium.

369 544 486 607 Qua
521 544 719 592 ratione
739 543 809 606 fit,
848 549 905 591 ut
923 543 1078 591 Luna
1099 550 1306 605 praeter
1332 547 1590 591 consuetas
1614 543 1903 591 latitudines
1922 540 2205 604 periodicas
2231 553 2467 589 excursus

219 619 370 664 etiam
419 614 677 678 synodicos
713 618 770 663 in
809 616 1011 664 boream
1052 622 1097 663 et
1134 623 1369 663 austrum
1403 614 1607 679 faciat?
1664 614 1755 662 Vis
1794 615 1880 662 illa
1917 615 2137 672 lumime,
2190 613 2466 661 confortans

220 691 430 752 speciem
469 687 694 748 Telluris,
736 688 903 737 Lunae
940 690 1205 748 motricem,
1251 690 1378 737 sicut
1414 687 1611 752 plagam
1647 693 1809 749 motus
1847 693 1895 735 et
1931 687 2265 750 proportiones
2306 686 2466 748 operis

221 763 319 809 sui·
347 764 595 809 mutuatur
641 761 704 810 ab
754 763 862 824 ipsa
914 775 1058 822 quam
1104 761 1370 822 confortat,
1420 762 1546 809 sicut
1594 762 1742 809 etiam
1787 761 1960 808 transit
1995 761 2046 805 in
2083 759 2238 822 ipsius
2278 758 2466 807 orbitae

219 835 466 896 ingenium
506 848 656 883 causa
691 832 1022 895 longitudinis,
1064 847 1150 897 pro
1188 839 1387 883 mutuae
1425 833 1766 897 applicationis
1812 830 2028 892 modulo,
2067 833 2138 879 sic
2162 830 2292 879 idem
2318 831 2467 880 etiam

219 902 382 956 facere
427 905 684 955 statuenda
735 912 808 954 est
855 920 1005 954 causa
1050 905 1337 954 latitudinis.
1410 905 1707 955 Facilitabat
1752 909 1938 953 motum
1986 905 2034 950 in
2072 901 2297 966 longum,
2350 905 2468 966 quia

221 978 493 1028 extenditur
541 980 648 1042 ipsa
690 981 737 1024 in
778 978 1004 1040 longum,
1059 978 1500 1041 facilitabit.igitur
1537 980 1682 1027 etiam
1721 983 1906 1026 motum
1943 979 1992 1024 in
2030 977 2211 1037 latum,
2264 977 2381 1039 quia
2420 982 2469 1025 et

220 1052 420 1100 alteram
458 1050 728 1099 latitudinis
768 1053 1098 1100 extensionem
1136 1051 1300 1112 habet,
1339 1051 1433 1100 hoc
1471 1057 1545 1099 est
1582 1052 1698 1114 quia
1734 1049 1817 1098 lux
1857 1049 2136 1114 superficies
2171 1054 2260 1109 est,
2301 1049 2467 1098 densi-

184 1154 186 1156 *
221 1126 333 1174 tatis
374 1126 639 1188 particepS,
678 1130 734 1170 nt
770 1137 916 1188 saepe
957 1139 1016 1173 ex
1056 1125 1232 1188 opticis
1268 1123 1620 1187 allegavimus„
1686 1123 1743 1171 In
1783 1121 1971 1187 copulis
2010 1123 2157 1185 igitur
2193 1122 2315 1170 fibra
2350 1121 2469 1169 lati-

220 1197 401 1245 tudinis
454 1196 660 1244 orbitam
713 1201 942 1259 tangente
992 1202 1039 1244 et
1089 1196 1323 1245 inclinata
1370 1197 1637 1246 secundum
1679 1195 1988 1244 latitudinem
2025 1196 2205 1259 speciei
2243 1194 2466 1255 Telluris,

219 1271 416 1318 luminis
455 1271 549 1316 ista
584 1267 792 1317 latitudo
831 1283 940 1318 sese
978 1271 1158 1334 speciei
1197 1269 1408 1318 Telluris
1446 1269 1697 1333 applicans
1735 1268 1940 1317 facilitat
1978 1281 2223 1329 excursus,
2262 1273 2317 1315 ut
2352 1266 2470 1315 fiant
2552 1296 2554 1298 -

221 1343 400 1406 angulo
438 1341 625 1403 majori,
666 1355 812 1403 quam
851 1349 1085 1404 quantum
1124 1342 1246 1390 fibra
1283 1357 1391 1390 cum
1431 1342 1578 1406 plano
1617 1341 1870 1405 eclipticae
1908 1341 2047 1402 facit,
2088 1355 2244 1403 eaque
2283 1341 2468 1389 ratione

220 1415 352 1464 sidus
390 1414 646 1478 perveniat
682 1415 730 1460 in
770 1415 967 1476 quadris
1005 1415 1067 1463 ad
1104 1415 1282 1464 limites
1320 1418 1603 1463 remotiores
1642 1417 1690 1462 in
1731 1415 1930 1463 boream
1961 1420 2008 1463 et
2046 1420 2278 1474 austrum,
2319 1427 2464 1476 quam

221 1502 344 1551 quos
398 1486 701 1535 monstrabat
739 1486 857 1536 fibra
898 1503 956 1536 ex
995 1488 1199 1551 copulis.
1276 1487 1506 1537 Vicissim
1544 1487 1640 1536 alio
1681 1489 1794 1535 anni
1834 1485 2103 1550 quadrante
2141 1486 2261 1535 fibra
2297 1485 2469 1534 latitu-
2507 1528 2510 1534 ,
2545 1484 2554 1497 ”

221 1561 360 1621 dinis,
405 1559 610 1608 orbitam
649 1565 854 1622 tangens
892 1562 941 1607 in
979 1560 1193 1623 quadris,
1233 1574 1328 1609 non
1368 1560 1707 1610 accommodat
1745 1574 1797 1608 se
1836 1559 1899 1608 ad
1937 1562 2267 1608 extensionem
2292 1559 2469 1623 speciei

219 1634 342 1682 lucis
392 1635 439 1680 in
491 1632 674 1692 latum,
727 1632 813 1682 sed
862 1632 1075 1682 tenditur
1125 1634 1274 1682 obvia
1312 1632 1416 1682 Soli
1453 1634 1580 1694 fere,
1634 1632 2042 1696 quemadmodum
2081 1638 2130 1681 et
2165 1634 2272 1696 ipsa
2311 1631 2470 1680 orbita

219 1707 406 1756 Lunae.
467 1704 603 1753 Sicut
639 1707 787 1768 igitur
825 1707 893 1755 ibi
931 1705 1027 1755 loci
1064 1705 1184 1754 nihil
1223 1706 1486 1755 facilitatur
1522 1712 1683 1755 motus
1720 1705 2037 1768 longitudinis
2075 1720 2106 1754 a
2145 1704 2344 1769 lumine,
2382 1703 2470 1753 sed
2532 1739 2539 1749 .

221 1781 360 1843 quasi
409 1783 686 1842 asperatur,
740 1780 809 1827 sic
856 1778 984 1827 idem
1023 1781 1168 1828 etiam
1207 1778 1446 1829 redundat
1482 1781 1529 1827 in
1570 1793 1822 1829 excursum
1859 1778 2152 1839 latitudinis,
2203 1783 2258 1826 ut
2294 1779 2336 1826 is
2372 1790 2468 1826 non
2534 1771 2554 1833 ,,”

219 1854 305 1901 fiat
341 1851 511 1913 major,
553 1865 699 1913 quam
738 1865 835 1914 quo
874 1851 1053 1916 angulo
1093 1853 1215 1901 fibra
1252 1852 1524 1901 latitudinis
1564 1852 1823 1902 inclinatur
1847 1850 1911 1900 ad
1937 1852 2238 1916 eclipticam3
2275 1851 2346 1899 ita
2372 1863 2469 1900 non

221 1925 440 1992 pervenit
477 1924 618 1972 Luna
666 1926 714 1971 in
763 1924 950 1989 copulis
989 1925 1052 1974 ad
1089 1925 1266 1973 limites
1303 1927 1611 1987 remotiores,
1663 1940 1810 1989 quam
1848 1939 1972 1988 quos
2008 1924 2313 1974 monstrabat
2348 1922 2470 1973 fibra
2537 1952 2539 1958 ‚

222 2015 247 2048 e
299 1997 513 2060 quadris.
591 1997 645 2044 In
693 1997 927 2046 limitibus
976 2013 1092 2048 vero
1139 2000 1352 2048 versanti
1398 1999 1566 2048 Lunae
1619 1998 1737 2061 quid
1783 1997 1998 2059 accidat,
2050 2004 2136 2046 aut
2184 2010 2281 2060 quo
2327 1995 2467 2046 vultu

221 2071 354 2120 illam
406 2069 567 2118 lumen
599 2069 736 2118 Solis
784 2070 1044 2135 adspiciat,
1098 2070 1294 2135 quando
1341 2085 1409 2122 sc.
1445 2071 1568 2121 fibra
1604 2070 1876 2128 latitudinis
1914 2072 1962 2118 in
2000 2070 2201 2120 Terram
2239 2068 2466 2130 tenditur,

220 2143 341 2192 nihil
377 2144 575 2191 interest
611 2142 897 2193 latitudinis,
963 2144 1089 2192 Nam
1125 2143 1260 2193 nulla
1297 2149 1412 2193 tunc
1450 2150 1524 2193 est
1560 2146 1689 2193 actio
1727 2144 1956 2192 fibrarum
1980 2142 2253 2193 latitudinis
2279 2144 2329 2190 in
2353 2155 2467 2206 per·
2506 2179 2554 2220 :2

221 2217 488 2265 mutatione
527 2229 756 2264 excursus
796 2231 904 2265 cum
941 2229 1158 2282 recursu,
1192 2215 1329 2265 nulla
1367 2219 1513 2280 igitur
1549 2231 1707 2281 neque
1737 2217 2022 2266 confortatio
2063 2216 2170 2279 ejus
2203 2231 2234 2265 a
2266 2215 2463 2277 lumine,
2523 2218 2526 2228 “

221 2296 275 2338 ut
313 2288 444 2352 quod
479 2287 614 2350 leges
652 2289 728 2336 sui
767 2290 946 2351 objecti
982 2292 1122 2353 sequi
1160 2289 1385 2338 diximus.

369 2361 498 2411 Cum
544 2363 719 2410 omnia
768 2364 825 2410 in
860 2363 1014 2425 fibras
1047 2364 1314 2426 yloborum
1361 2376 1629 2424 corporeas
1677 2364 1831 2425 inque
1874 2364 2053 2425 species
2099 2362 2466 2410 immateriales
2502 2375 2505 2378 ⁴

221 2435 353 2484 Solis
391 2441 436 2482 et
469 2433 652 2482 Terrae
690 2449 960 2496 corporum
1000 2437 1399 2493 turbinatorum‚
1440 2436 1653 2498 denique
1689 2437 1745 2483 in
1784 2437 1958 2484 lumen
1985 2435 2128 2495 Solis,
2166 2440 2225 2483 ut
2261 2434 2465 2498 consor·
2523 2427 2526 2430 ’

220 2514 410 2557 tantem
448 2521 655 2555 causam
674 2543 686 2567 ,
739 2509 970 2571 conferas
987 2545 999 2569 ,
1038 2509 1350 2558 animalibus
1384 2508 1717 2572 facultatibus
1752 2509 1883 2557 nihil
1917 2509 2203 2574 relinquas:
2258 2505 2466 2569 perinde

218 2581 403 2630 videris
445 2580 816 2642 philosophari,
876 2597 936 2630 ac
972 2584 1016 2630 si
1052 2584 1163 2645 quis
1199 2581 1533 2642 contenderet,
1583 2581 1810 2646 sufficere
1845 2575 2125 2630 ventriculo
2158 2579 2314 2643 fibras
2347 2593 2465 2628 suas

218 2654 435 2715 triplices
481 2652 551 2700 ad
594 2655 779 2701 munia
826 2669 950 2712 sua,
999 2669 1089 2703 nec
1140 2669 1268 2718 opus
1315 2669 1410 2703 esse
1445 2655 1691 2718 facultate
1729 2655 1958 2703 animali.
2034 2654 2140 2702 Imo
2179 2655 2228 2700 in
2268 2665 2464 2717 corpore
2515 2676 2517 2681 ¹

218 2726 347 2775 Solis
387 2725 592 2774 admitto
632 2727 858 2788 animam,
897 2725 1192 2790 praefectam
1231 2728 1548 2776 turbinationi
1580 2726 1709 2776 Solis
1748 2729 1998 2790 totiusque
2036 2732 2196 2776 motus
2233 2719 2463 2781 mundani

218 2793 635 2863 dispensatricem,
686 2813 776 2848 nec
816 2801 1099 2863 simpliciter
1136 2800 1260 2849 libro
1301 2801 1339 2849 Ι.
1382 2801 1562 2863 negavi
1600 2815 1661 2849 ne
1702 2798 1760 2850 de
1799 2800 2082 2864 corporibus
2120 2798 2316 2863 quidem
2353 2796 2463 2862 pla*-

216 2878 436 2922 netarum
473 2872 659 2921 animas
699 2872 932 2935 singulas,
972 2875 1290 2923 turbinationi
1331 2872 1525 2935 quidem
1567 2886 1822 2938 corporum
1846 2873 2132 2938 praefectae.
2200 2872 2266 2920 At
2292 2885 2462 2935 quem·-
2494 2865 2512 2872 '⁴

220 2941 479 2994 admodum
531 2959 730 2994 necesse
778 2960 875 2994 non
926 2952 1023 3006 est,
1076 2948 1286 2996 animam
1335 2947 1631 3009 peculiarem
1669 2946 1896 2996 inducere
1935 2948 1983 2994 in
2022 2945 2169 2995 fibras
2208 2941 2484 3011 ventriculi·

218 3017 413 3082 (sufficit
451 3019 601 3078 enim,
651 3033 798 3066 unam
838 3032 1142 3068 communem
1180 3021 1394 3068 animam
1433 3034 1492 3069 ex
1531 3019 1675 3070 corde
1715 3019 1796 3069 vel
1835 3024 1977 3083 epate
2015 3033 2102 3082 per
2139 3019 2350 3082 speciem
2387 3015 2461 3066 sui

220 3089 300 3138 vel
347 3105 431 3152 per
482 3090 689 3140 calorem
741 3106 990 3141 excurrere
1042 3094 1090 3139 in
1138 3092 1460 3142 ventriculum
1497 3093 1702 3156 ejusque
1738 3092 1970 3142 fibrarum
2006 3090 2321 3141 facultatibus
2356 3084 2459 3155 nti),

221 3163 291 3210 sic
337 3164 481 3211 etiam
530 3165 579 3210 in
629 3164 810 3212 mundo
861 3165 1078 3215 sufficere
1127 3164 1320 3215 videtur
1370 3167 1558 3229 species
1595 3167 1690 3215 ista
1727 3164 1802 3232 (ut
1836 3166 1988 3226 lucie,
2042 3170 2096 3213 ut
2135 3164 2338 3224 caloris,
2390 3161 2473 3211 sic·
2552 3177 2554 3235 ζ

220 3235 382 3295 etiam,
421 3236 462 3281 si
498 3234 676 3303 placet)
713 3238 905 3287 animae
945 3237 1146 3303 Solaris,
1190 3253 1288 3287 una
1327 3252 1437 3287 cum
1474 3238 1581 3288 luce
1619 3245 1668 3288 et
1705 3239 1864 3287 calore
1904 3239 2081 3287 emissa
2121 3243 2169 3286 et
2204 3241 2460 3300 penetrans
2550 3238 2554 3301 ζ

222 3320 279 3355 eo
318 3308 489 3368 etiam,
529 3308 656 3358 unde
693 3309 778 3358 lux
817 3316 866 3359 et
903 3311 1035 3360 calor
1073 3310 1418 3372 excluduntur,
1458 3326 1523 3360 sc.
1564 3313 1611 3358 in
1651 3308 1798 3360 fibras
1835 3325 2092 3375 corporum
2129 3312 2367 3360 internas:
2407 3310 2462 3378 ut

221 3381 345 3428 sicut
396 3381 557 3428 anima
599 3382 648 3428 in
702 3396 900 3446 corpore
949 3386 1052 3432 sine
1098 3384 1355 3434 ventriculi
1406 3398 1617 3448 organo,
1671 3385 1742 3432 sic
1779 3385 1925 3433 etiam
1962 3386 2058 3432 ista
2094 3382 2265 3432 mundi
2302 3381 2485 3432 anima*
2545 3417 2551 3424 .

222 3453 325 3500 sine
362 3450 439 3499 his
476 3451 666 3514 legibus
704 3461 751 3503 et
790 3455 1110 3519 dispositione
1150 3471 1403 3520 corporum
1441 3458 1737 3521 geometrica
1773 3456 1894 3504 nihil
1931 3459 2103 3519 possit.
2466 3485 2471 3490 «
2544 3447 2551 3512 ζ’

367 3522 662 3573 Observetur
698 3528 844 3588 igitur
881 3534 1037 3579 status
1075 3532 1461 3580 controversiae:
1511 3529 1657 3593 longe
1695 3541 1904 3591 namque
1945 3534 2019 3579 est
2056 3527 2215 3589 aliud,
2270 3531 2456 3576 omnem
2549 3531 2554 3562 ἰ

221 3601 382 3646 motus
433 3596 658 3646 coelestis
707 3598 1019 3661 dispensandi
1070 3605 1335 3664 rationem,
1400 3605 1625 3666 quamvis
1673 3601 2078 3665 contradictiones
2133 3599 2459 3650 involventem
2536 3614 2554 3674 ᾗ·

223 3684 378 3733 eoque
429 3669 804 3732 impossibilem,
855 3687 1083 3724 revocare
1131 3670 1412 3739 simpliciter
1462 3675 1526 3724 ad
1572 3677 1700 3724 vires
1753 3674 1967 3724 occultas
2007 3674 2215 3737 alicujus
2253 3672 2455 3730 animae,
2535 3729 2539 3736 .

223 3743 489 3806 repudiatis
528 3743 856 3790 instrumentis
896 3750 1137 3808 corporeis
1176 3754 1224 3798 et
1261 3748 1418 3797 modis
1457 3748 1695 3807 omnibus,
1735 3761 1856 3809 quos
1895 3747 2108 3798 humana
2144 3759 2280 3795 mens
2300 3741 2457 3807 possit
2533 3785 2537 3789 ,

228 3815 550 3876 comminisci,
592 3813 723 3876 qnod
761 3820 833 3863 est
873 3819 1026 3865 omnis
1064 3822 1366 3882 ignorantiae
1391 3838 1743 3886 4κρησφυγετον,
1784 3834 1912 3869 mors
1950 3834 2082 3869 mera
2115 3819 2270 3868 omnis
2292 3814 2455 3880 philea
2548 3850 2554 3863 .

226 3888 445 3955 sophiae,
483 3887 726 3960 Plerisque
765 3892 941 3955 tamen,
982 3892 1065 3952 qui
1103 3891 1162 3953 de
1200 3896 1537 3949 astronomicis
1573 3893 1788 3943 scribunt
1808 3893 1896 3942 ⁴vel
1923 3892 2199 3957 loquuntur,
2237 3887 2455 3942 usitatis-
