2554 4140
836 99 975 146 Liber
1005 98 1216 154 Quartus.
1277 97 1389 141 Pars
1420 96 1584 142 Prima.
2246 102 2347 150 317

231 250 427 296 Theoria
457 236 652 299 Saturni,
682 244 822 302 Jovis,
854 245 1014 289 Martis
1048 248 1094 287 et
1226 241 1421 285 Theoria
1451 239 1658 299 Telluris,
1690 241 1891 298 Veneris,
1922 240 2151 300 Mercurii,
2189 254 2279 286 am-

555 304 762 348 Telluris.
1477 297 1618 355 pliata
1648 300 1797 345 orbita
1827 299 2042 347 Telluris

577 392 735 445 F13351.
1681 387 1763 429 mg.
1787 386 1840 422 52.

247 1578 365 1643 Qua
400 1593 644 1628 mensura
687 1577 994 1639 Oopernicus
1031 1575 1306 1627 admetitur
1354 1579 1630 1628 intervalla
1661 1578 1886 1641 planetis
1922 1576 2173 1641 sinyulis?
2216 1576 2362 1626 Men·
2394 1579 2397 1581 ’

98 1665 212 1699 sura
250 1651 331 1701 hic
372 1652 604 1702 utendum
628 1651 771 1700 nobis
811 1655 885 1698 est
907 1651 1289 1712 proportionata,
1332 1651 1393 1700 ad
1422 1667 1568 1715 quam
1594 1652 1865 1714 comparari
1904 1656 2093 1700 ceterae
2128 1649 2367 1714 sphaerae

91 1724 285 1786 possint
321 1725 567 1789 nobisque
603 1725 822 1788 proxime
861 1735 1079 1772 connexa
1119 1726 1263 1773 etsie
1301 1725 1444 1774 nobis
1472 1723 1845 1787 quodammodo·
1873 1729 2019 1774 notat
2043 1739 2120 1781 ea
2159 1729 2233 1773 est
2256 1738 2365 1773 am-

93 1795 287 1859 plitudo
326 1798 477 1860 orbis,
530 1798 579 1846 in
620 1811 733 1860 quor
757 1801 972 1845 centrum
1011 1795 1221 1846 Telluris
1271 1797 1576 1861 orbiculique
1614 1798 1785 1847 Lunae
1833 1797 2012 1846 circum
2051 1795 2217 1846 Solem
2254 1811 2368 1846 ver-

93 1875 277 1931 tuntur,
317 1886 407 1920 seu
446 1871 553 1935 ejus
592 1868 967 1929 semidiameter‚
1009 1869 1090 1918 vel
1129 1869 1364 1919 distantia
1389 1870 1599 1920 Telluris
1637 1886 1668 1920 a
1702 1869 1833 1920 Sole.
1908 1870 2049 1920 Haec
2086 1868 2242 1918 veluti
2280 1868 2369 1918 de·

95 1943 331 2006 cempeda
376 1950 453 1994 est
499 1941 873 1993 accommodata
920 1943 1124 2006 negotio
1138 1959 1151 2005 3
1204 1943 1374 1993 Tellus
1415 1946 1545 1992 enim
1581 1949 1802 1994 nostrum
1840 1950 1915 1994 est
1953 1942 2280 2004 domicilium,
2337 1957 2364 1992 e
2458 1952 2461 1963 ¹

94 2030 193 2078 qno
233 2016 493 2066 distantias
533 2017 780 2066 coelorum
810 2015 1051 2076 metimur,
1091 2021 1261 2079 estque
1295 2017 1603 2081 planetarum
1641 2017 1831 2067 medius
1859 2023 1907 2068 et
1943 2018 2069 2066 inter
2095 2030 2178 2066 eos
2203 2015 2368 2064 multis

96 2090 391 2152 nominibus,
431 2089 492 2139 de
532 2090 711 2154 quibus
750 2089 900 2149 infra,
934 2089 1165 2152 principii
1203 2091 1445 2140 rationem
1483 2091 1686 2140 obtinet.
1761 2089 1847 2140 Sol
1887 2101 2004 2140 vero
2037 2091 2179 2142 ,visus
2216 2089 2370 2138 nostri

100 2161 278 2212 indicio
317 2170 366 2213 et
398 2162 588 2226 judicio
629 2169 704 2212 est
740 2162 1035 2226 praecipuus
1071 2162 1392 2225 planetarum,
1432 2165 1637 2213 rationis
1673 2177 1792 2213 vero
1817 2163 2049 2227 suffragio
2088 2176 2237 2225 supra
2275 2177 2363 2210 ex-

97 2249 251 2298 penso
291 2242 365 2285 est
402 2238 563 2300 ipsum
597 2250 680 2285 cor
715 2236 928 2298 regionis
952 2234 1221 2299 mobilium,
1262 2236 1325 2286 ad
1350 2236 1728 2287 mensurandum
1767 2239 2068 2302 propositae.
2142 2235 2221 2284 Ita
2245 2235 2370 2286 haec

95 2315 266 2358 nostra
304 2309 601 2373 decempeda
639 2309 762 2358 duos
799 2307 948 2357 habet
987 2311 1219 2358 terminos
1257 2312 1633 2374 insignissimos,
1672 2309 1917 2360 Tellurem
1957 2316 2006 2360 et
2043 2308 2222 2359 Solem.

250 2382 464 2445 Quanta
500 2385 661 2445 iyitur
709 2389 830 2431 sunt
866 2381 1070 2430 orbium
1104 2384 1429 2446 sinyulorum
1467 2383 1780 2434 intervalla?
1835 2384 2133 2433 Distantiam
2172 2381 2369 2430 Saturni

97 2452 539 2504 demonstrationes
578 2454 943 2519 Copernicanae
995 2456 1226 2505 evincunt
1276 2471 1384 2507 esse
1435 2456 1587 2520 paulo
1634 2459 1869 2507 minorem
1909 2456 2118 2520 decupla
2154 2454 2366 2504 Telluris

97 2542 127 2575 a
165 2526 297 2589 Sole,
338 2526 486 2577 Jovis
525 2527 847 2592 quintuplam,
889 2526 1061 2576 Martis
1099 2529 1412 2594 sesquiplam,
1452 2529 1658 2580 Veneris
1696 2531 2176 2594 subsesquitertiam,
2227 2527 2364 2576 Mer-

0 2595 3 2614 ¹
96 2602 220 2648 curii
268 2600 557 2664 subtriplam
605 2602 806 2651 circiter.
881 2600 1055 2663 Itaque
1107 2601 1343 2652 diameter
1387 2603 1517 2652 orbis
1556 2602 1773 2652 Saturnii
1824 2604 1975 2653 habet
2017 2604 2177 2653 minus
2218 2599 2367 2663 duplo

0 2920 7 3053 ——vv-

11 3922 13 3938 r„
7 3665 18 3877 -—2—.--*-
5 3522 15 3636 -Q
0 3221 13 3504 ·---—..<··—·

98 2674 246 2722 vicini
296 2675 373 2723 sui
411 2673 650 2735 Jovialis,
703 2672 919 2723 Jovialis
965 2673 1115 2724 habet
1151 2676 1348 2740 triplum
1387 2675 1630 2725 Martialis
1669 2676 1938 2738 inferioris,
1977 2673 2220 2725 Martialis
2259 2687 2374 2722 ses-⁴

98 2746 611 2810 qniplumTerrestris
652 2747 784 2796 orbis
822 2748 950 2795 circa
986 2745 1150 2796 Solem
1175 2751 1338 2812 positi,
1377 2749 1640 2799 Terrestris
1666 2749 1863 2799 Venerii
1899 2749 2011 2813 plus
2039 2747 2368 2810 sesquitertio,

99 2818 355 2869 Venereus
406 2818 713 2869 Mercurialis
764 2821 978 2883 quinque
1030 2821 1199 2870 tertias
1250 2822 1333 2871 vel
1382 2828 1493 2871 octo
1544 2824 1739 2885 quintas
1791 2824 1992 2872 circiter.
2067 2818 2169 2870 Ubi
2205 2824 2369 2868 tamen

99 2892 387 2955 notandum,
429 2892 771 2943 distantiarum
808 2895 1148 2957 proportiones
1186 2894 1295 2944 aliis
1337 2895 1602 2945 orbitarum
1639 2895 1862 2960 partibus
1901 2894 2024 2944 alias
2063 2907 2185 2955 esse,
2225 2907 2371 2956 prae-

104 2968 269 3015 sertim
311 2968 358 3014 in
399 2966 557 3016 Marte
594 2973 643 3014 et
680 2965 939 3015 Mercurio.

253 3039 399 3104 Quae
438 3054 557 3088 vero
596 3053 753 3087 causa
790 3045 859 3087 est
895 3040 1285 3090 intervallorum
1322 3042 1550 3103 ipsorum
1587 3042 2032 3102 planetariorum,
2080 3054 2140 3089 ex
2190 3038 2371 3102 quibus

100 3112 358 3175 periodica
396 3120 627 3175 tempora
664 3112 989 3174 sequuntur?
1042 3111 1205 3162 Causa
1249 3113 1618 3163 intervallorum
1668 3115 1716 3161 in
1756 3113 2024 3179 archetypo
2067 3111 2239 3164 eadem
2279 3117 2367 3173 est,

106 3198 231 3248 quae
269 3188 456 3235 numeri
495 3187 831 3250 primariorum
870 3183 1178 3247 planetarum
1215 3187 1409 3237 senarii.

254 3258 488 3322 Obsecro,
534 3274 663 3308 num
702 3265 759 3306 tu
805 3272 1002 3320 speras,
1051 3260 1258 3308 numeri
1303 3259 1634 3320 planetarum
1673 3273 1854 3310 causas
1902 3260 2160 3324 assiynari
2195 3255 2372 3320 posse?

107 3329 351 3381 Successit
387 3331 511 3383 haec
550 3346 680 3392 cura,
723 3331 829 3380 Deo
867 3331 1094 3394 propitio,
1133 3344 1229 3379 non
1268 3330 1408 3381 male.
1487 3329 1797 3382 Geometriae
1836 3335 2049 3384 rationes
2072 3334 2180 3382 Deo
2221 3344 2371 3380 coae-

106 3408 272 3454 ternae
309 3411 447 3469 sunt3
495 3407 544 3454 in
596 3407 656 3454 iis
694 3406 850 3467 primo
906 3409 978 3451 est
1016 3404 1150 3452 curvi
1192 3410 1239 3452 et
1285 3405 1403 3452 recti
1455 3402 1726 3454 discrimen.
1805 3405 2020 3457 Cui-vum
2057 3419 2207 3471 supra
2244 3402 2368 3451 libro

107 3476 261 3539 primo
310 3477 490 3528 dictum
547 3485 620 3528 est
658 3491 823 3541 gerere
878 3476 969 3524 Dei
1024 3475 1384 3538 quodammodo
1440 3474 1831 3541 similitudinem,
1890 3485 2076 3530 rectum
2125 3482 2369 3528 creaturas

44 3586 49 3589 ,
110 3557 451 3611 repraesentat.
529 3552 589 3600 Et
629 3555 675 3600 in
704 3548 870 3599 mundi
910 3551 1225 3598 exornatione
1249 3550 1454 3613 primum
1493 3552 1672 3601 extima
1698 3554 1832 3616 regio
1871 3553 2075 3604 fixarum
2115 3550 2370 3617 sphaerica

110 3620 240 3671 facta
275 3630 349 3673 est
394 3623 458 3673 ad
497 3623 631 3673 illam
669 3624 1013 3687 geometricam
1056 3622 1147 3672 Dei
1186 3621 1577 3685 similitudinem,
1631 3624 1763 3688 quod
1800 3625 1886 3676 illa
1923 3633 1979 3676 ut
2016 3627 2154 3677 Deus
2193 3623 2370 3684 aliquis

114 3705 368 3756 corporeus
422 3697 668 3759 (gentibus
714 3698 805 3746 sub
859 3697 1052 3744 nomine
1090 3694 1235 3744 Jovis
1282 3695 1459 3758 cultus)
1514 3699 1678 3748 omnia
1713 3698 1902 3762 reliqua
1939 3701 1987 3748 in
2027 3715 2079 3749 se
2123 3696 2369 3748 continere

115 3763 359 3818 debuerat.
432 3769 614 3820 Rectae
653 3772 800 3832 igitur
839 3770 1136 3832 quantitates
1189 3770 1520 3831 pertinuerunt
1556 3771 1618 3820 ad
1671 3773 1881 3821 extimae
1919 3773 2159 3837 sphaerae
2198 3769 2369 3817 intima

117 3845 371 3902 contenta,
417 3844 601 3904 primae
641 3850 689 3893 et
727 3843 1101 3906 pulcherrimae,
1153 3841 1215 3891 ad
1254 3843 1493 3905 primaria.
1570 3844 1639 3892 Ex
1681 3846 1824 3894 rectis
1862 3860 1980 3896 vero
2020 3851 2134 3895 sunt
2168 3843 2369 3906 primae,
