2554 4140
383 612 1044 713 PRINCIPIORUM
1103 612 1634 712 DOCTRINAE
1710 613 2288 712 SPHAERICAE

1069 796 1233 845 PARS
1274 795 1598 846 SECUNDA.

930 941 1036 1007 DE
1098 939 1410 1008 FIGURA
1468 939 1737 1007 COELl.

355 1194 490 1255 Quid
526 1195 683 1253 ἐρίων
720 1191 778 1238 dc
815 1191 934 1238 coeli
968 1192 1135 1252 siqura
1175 1189 1482 1237 tenendum?
1558 1188 1677 1235 Cum
1719 1190 1970 1236 materiam
2019 1203 2165 1236 aurae
2206 1190 2464 1238 aethereae

209 1280 509 1328 nequeamus
550 1265 703 1313 oculis
741 1271 932 1323 notare,
987 1263 1107 1309 nihil
1148 1263 1373 1326 impedit,
1427 1263 1543 1324 quin
1584 1263 1773 1308 iuterim
1815 1262 2091 1320 credamus,
2136 1261 2267 1309 illam
2307 1264 2466 1310 susam

207 1354 292 1401 per
332 1353 521 1386 omnem
562 1337 725 1385 mundi
779 1336 1168 1398 amplitudinem,
1227 1337 1485 1398 sphaeram
1536 1335 1680 1381 etiam
1720 1334 2059 1382 elementarem
2112 1335 2328 1396 undique
2371 1337 2465 1383 cir-

210 1413 403 1460 cumire.
481 1409 740 1458 Stellarum
783 1424 896 1457 vero
937 1425 1109 1471 agmen
1154 1409 1466 1470 undiquaque
1494 1406 1739 1454 Tellurem
1779 1409 2087 1454 circumstare
2129 1414 2175 1455 et
2214 1410 2284 1456 sie
2328 1411 2466 1469 quasi

212 1485 454 1546 quendam
496 1498 695 1531 curvum
736 1482 923 1531 efficere
964 1484 1219 1541 fornicem,
1273 1485 1488 1543 integrae
1535 1479 1820 1541 sphaericae
1861 1480 2070 1541 figurae,
2120 1495 2176 1528 ex
2218 1495 2275 1528 eo
2315 1487 2466 1542 patet,

210 1557 341 1619 quod
380 1571 489 1605 cum
528 1556 679 1604 Terra
716 1555 925 1603 rotunda
963 1558 1052 1620 sit,
1102 1567 1526 1617 quorsumcunque
1582 1554 1869 1614 perveniant
1909 1554 2159 1612 homines,
2210 1552 2379 1601 stellas
2420 1556 2464 1599 in

209 1646 319 1679 cum
356 1629 553 1677 modum
592 1643 738 1690 supra
775 1643 865 1676 sua
905 1631 1066 1691 capita
1118 1635 1340 1686 cernunt,
1394 1635 1444 1674 ut
1495 1639 1598 1672 nos.
1678 1625 1915 1687 Adeoque
1970 1632 2018 1674 et
2057 1640 2152 1673 uno
2203 1625 2313 1674 loco
2355 1641 2467 1674 ver-

209 1704 429 1752 santibus
468 1716 732 1765 paucorum
772 1701 957 1748 dierum
996 1703 1156 1764 spatio
1207 1708 1338 1748 totus
1386 1699 1634 1748 stellarum
1690 1701 1930 1746 exercitus
1984 1701 2272 1761 conspicuus
2314 1699 2468 1746 eflici-

210 1784 307 1837 tur,
358 1782 410 1823 ut
449 1791 478 1823 a
517 1775 692 1837 quibus
733 1775 1093 1836 inceperamus‚
1151 1776 1207 1820 iis
1250 1773 1389 1833 illae,
1432 1786 1553 1835 quas
1605 1770 1775 1819 ultimo
1818 1771 2064 1832 videmus,
2123 1771 2379 1819 cohaerere
2422 1778 2467 1818 et

210 1847 464 1898 succedere
506 1847 774 1896 videantur.
854 1846 1074 1895 Siderum
1129 1849 1274 1909 igitur
1324 1846 1440 1894 ordo
1495 1847 1540 1892 in
1582 1858 1633 1891 se
1675 1844 1824 1904 redit,
1878 1846 2056 1894 circulo
2105 1846 2230 1893 circa
2269 1843 2467 1892 Terram

211 1922 577 1972 circumductuS.

360 1994 532 2044 Censes
567 1997 725 2056 iyitur
762 1994 1021 2041 stellarum
1072 2000 1242 2042 centra
1294 1996 1349 2039 in
1387 1992 1561 2039 eadem
1612 1992 1872 2052 superficie
1920 1991 2185 2051 sphaerica
2240 1990 2471 2051 disponi?

353 2069 462 2117 Hoc
501 2067 692 2129 quidem
734 2068 965 2115 incertum
1006 2073 1091 2114 est.
1170 2066 1290 2113 Cum
1332 2067 1458 2113 enim
1516 2063 1642 2111 aliae
1682 2078 1865 2124 parvae
1904 2066 2023 2122 sint,
2079 2062 2206 2111 aliae
2245 2077 2467 2124 magnae,

211 2156 305 2190 non
347 2149 419 2190 est
461 2140 682 2189 absimile
722 2154 854 2199 vero,
894 2154 1070 2202 parvas
1112 2138 1221 2187 ideo
1263 2138 1430 2198 videri,
1473 2139 1587 2199 quia
1629 2137 1796 2199 procul
1837 2138 1884 2184 in
1924 2135 2075 2184 altum
2105 2134 2349 2184 aetherem
2389 2149 2469 2182 re-

213 2220 474 2274 cesserunt,
516 2228 718 2275 magnas
759 2212 882 2271 ide0,
926 2214 1040 2274 quia
1078 2213 1220 2259 nobis
1257 2214 1521 2274 propiores,
1599 2210 1770 2270 Neque
1810 2215 1971 2258 tamen
2012 2208 2303 2269 absurdum,
2348 2207 2468 2256 duas

212 2288 333 2336 fixas
373 2286 621 2350 inaequali
660 2287 915 2350 apparenti
957 2285 1291 2347 magnitudine
1331 2283 1523 2347 aequali
1564 2299 1593 2331 a
1631 2283 1772 2331 uobis
1811 2282 2067 2331 intervallo
2108 2281 2295 2330 abesse.

892 2385 973 2424 mg,
1003 2384 1052 2416 15,
1830 2356 1895 2403 At
1936 2356 1993 2403 de
2037 2355 2243 2418 planetis
2284 2360 2465 2403 certum

1737 2435 1834 2487 est,
1891 2426 2000 2477 illos
2057 2442 2152 2474 non
2199 2442 2305 2475 esse
2360 2442 2466 2475 cum

1735 2501 1842 2549 fixis
1891 2504 1936 2548 in
1992 2501 2161 2550 eadem
2214 2501 2468 2562 superficie

1734 2574 2016 2635 sphaerica,
2078 2573 2163 2622 sed
2221 2574 2467 2621 inferiores

1734 2663 1838 2695 csse
1896 2648 2033 2705 fixis3
2107 2654 2274 2708 tegunt
2343 2648 2468 2693 enim

1736 2720 1972 2767 interdum
2015 2718 2147 2779 illas,
2194 2734 2281 2767 uec
2321 2721 2469 2766 vicis-

1732 2795 1820 2838 sim
1862 2793 1983 2840 alias
2025 2810 2052 2840 a
2093 2792 2198 2839 fixis
2228 2799 2467 2853 teguntur.

1831 2866 1884 2912 Si
1912 2865 1970 2912 cle
2002 2867 2114 2926 filifis
2141 2868 2320 2912 certius
2347 2865 2473 2911 nihil

1732 2944 1936 2995 constat,
1982 2939 2177 2985 videtur
2209 2939 2296 2985 illa
2336 2940 2471 2998 regno

1731 3012 1932 3072 infinita
1976 3026 2096 3070 63863
2145 3027 2232 3057 nec
2273 3011 2357 3058 Sol
2396 3011 2472 3056 hic

1732 3089 1897 3131 noster
1948 3084 2093 3130 <eliud
2143 3086 2260 3139 erit,
2317 3098 2471 3144 quam

1732 3171 1842 3202 una
1881 3170 1941 3202 ea·
1977 3156 2102 3215 fiscis,
2133 3156 2273 3204 nobis
2298 3158 2468 3214 major

1733 3235 1777 3275 et
1815 3228 2002 3274 clarz'ot'
2031 3231 2149 3285 cisa,
2193 3231 2315 3288 quia
2347 3243 2469 3289 pro-

1656 3335 1657 3338 =
1731 3304 1846 3362 pior
1901 3316 2055 3360 quam
2103 3302 2266 3361 fioeae3
2324 3308 2473 3361 atque

1736 3377 1806 3420 ita
1845 3375 1977 3419 circa
2020 3374 2292 3433 quamlibet
2316 3375 2471 3433 lixam

1730 3448 1912 3508 poterit
1951 3460 2046 3491 esse
2087 3446 2200 3492 talis
2233 3446 2472 3503 mundus,

1734 3520 1898 3579 quale's
1943 3520 2076 3564 circa
2124 3533 2214 3565 ‘nos
2262 3526 2354 3577 est5
2400 3519 2472 3566 vel

1732 3591 1866 3652 quod
1914 3590 2082 3638 eodem
2132 3591 2281 3651 redit,
2339 3594 2470 3637 inter

1731 3663 2125 3711 innumerabiles
2147 3665 2272 3712 locos
2302 3666 2355 3710 in
2383 3664 2472 3710 illa

218 3739 416 3800 infinita
451 3739 675 3800 fixarum
724 3742 949 3800 conyerie
987 3739 1209 3786 mundus
1247 3740 1324 3787 hic
1361 3749 1527 3789 noster
1564 3755 1680 3789 cum
1723 3737 1834 3785 Sole
1878 3750 1968 3784 suo
2006 3738 2100 3783 erit
2134 3751 2285 3796 unus,
2326 3736 2473 3783 nulla

219 3827 269 3858 re
307 3811 531 3860 diversus
570 3828 602 3861 a
641 3812 757 3862 locis
784 3812 897 3860 aliis
935 3813 1068 3861 circa
1099 3812 1224 3875 fiaeas
1262 3815 1562 3878 sinyulare3‚
1604 3820 1663 3862 ut
1697 3815 1752 3860 in
1774 3810 1994 3869 subjecta
2032 3809 2201 3872 fiqura
2227 3811 2372 3859 litera
2402 3806 2469 3859 Μ.
