2560 4100
534 136 603 179 De
633 134 751 178 Anni
782 131 1043 189 Quantitate
1073 135 1120 177 et
1146 129 1546 188 Aequinoctiorum
1575 126 1908 173 Praecessione.
2276 125 2339 173 91

92 283 221 332 ditur
261 280 340 342 70,
395 283 543 331 etiam
589 281 746 342 major
796 270 942 344 quam
994 279 1140 329 hodie
1192 278 1293 327 fieri
1341 282 1518 341 potest.
1591 276 1716 324 Nam
1765 274 1847 325 fol.
1892 275 2009 325 313.
2049 268 2345 328 Martialium

90 361 181 415 (111.
212 375 255 414 p.
286 359 389 410 421)
442 368 537 401 non
576 354 734 415 major
778 369 884 402 esse
922 359 1111 417 potest,
1151 366 1297 415 quam
1340 346 1396 398 6⁰
1435 351 1520 397 521
1560 350 1678 397 20⁰.

194 463 196 466 -
240 426 370 475 Huic
406 434 691 489 argumento
731 427 927 477 accedit
963 427 1110 474 robur
1148 422 1428 473 incredibile
1468 437 1526 470 ex
1555 421 1764 470 editione
1791 437 1975 486 nupera
2006 420 2157 470 libelli
2177 419 2348 468 Ptole-

86 501 233 549 maici
266 499 326 548 de
349 499 719 564 hypothesibus,
747 506 847 559 (Cfr.
866 505 1042 554 v91.1V.
1066 518 1109 557 p.
1129 501 1240 556 661.)
1296 496 1352 544 In
1393 509 1449 543 eo
1491 496 1683 558 ponitur
1721 494 1974 543 inclinatio
2014 492 2066 542 10
2095 491 2196 553 ὅθ’,
2237 507 2345 540 cum

90 587 182 635 ego
204 572 349 621 hodie
377 573 620 620 inveniam
650 575 693 619 1.
724 564 894 636 50¹l2.'
943 569 1384 634 Scripsitlibellum
1404 568 1715 616 Ptolemaeus
1736 574 1848 630 post
1868 569 2094 631 Μεγαλην
2109 565 2348 624 Zia-mgr»

0 668 4 679 2
91 652 140 694 et
168 646 369 705 fatetur,
409 659 463 694 se
502 659 561 693 ex
599 644 950 709 posterioribus
977 636 1405 692 observationibus
1442 642 1609 703 aliqua
1634 642 1893 702 corrigere,
1935 639 2156 701 adeoque
2195 637 2347 686 videri

91 719 268 782 possit,
324 719 372 764 in
415 731 559 781 opere
597 732 776 780 magno
817 730 967 764 unum
1006 715 1054 764 V
1092 731 1179 765 seu
1219 716 1305 764 50‘
1345 713 1599 763 excidisse.
1673 713 1798 761 Nam
1849 727 1933 776 per
1975 712 2137 760 inelin.
2184 709 2237 758 10
2275 713 2341 771 0‘,

90 798 276 853 quanta
316 796 391 838 est
427 793 476 836 in
516 788 675 855 Opere
714 791 917 852 Magno,
956 790 1127 851 nequit
1162 788 1265 837 fieri
1304 787 1362 835 40
1401 788 1513 847 2Ο’,
1563 792 1797 850 quantum
1836 784 2147 834 Ptolemaeus
2186 783 2348 846 prodit

92 879 151 912 ex
191 863 552 912 observatione.
627 864 772 912 Forte
811 861 1122 918 Ptolemaeus
1161 863 1265 926 ipse
1304 862 1546 920 oscitavit,
1588 861 1820 923 arripiens
1865 856 1919 907 10
1945 860 1997 906 0‘
2035 871 2120 923 pro
2166 855 2220 905 10
2247 858 2347 918 50¹,

90 943 175 985 aut
211 935 419 984 indulsit
456 934 687 984 methodo
729 934 1054 999 computandi
1092 947 1189 982 non
1227 948 1377 982 sanae
1405 933 1624 982 fortasse.
1703 933 2018 981 Examinetur
2055 929 2154 979 illa.

235 1007 462 1070 Objiciat
498 1008 616 1056 mihi
652 1007 831 1071 aliquis
870 1022 928 1056 ex
966 1007 1049 1055 fol.
1093 1009 1195 1055 754
1234 1014 1283 1055 et
1322 1008 1456 1055 929.·
1481 1007 1758 1071 EpitomeS,
1811 1010 2152 1069 argumentum
2189 1001 2282 1050 hoc
2319 1017 2350 1050 a

92 1097 169 1130 me
224 1082 332 1145 ipso
390 1096 499 1130 esse
550 1095 790 1130 eversum.
863 1080 990 1128 Nam
1042 1080 1109 1128 ibi
1157 1082 1300 1127 nixus
1348 1094 1453 1127 sum
1504 1079 1760 1128 latitudine
1797 1080 2012 1128 maxima
2048 1076 2349 1126 Ptolemaica

92 1155 149 1202 40
190 1156 276 1202 20’
316 1161 364 1202 et
402 1168 616 1203 excessu
655 1153 940 1211 hodiernae,
981 1168 1049 1202 sc.
1095 1155 1202 1212 12‘,
1259 1153 1400 1215 quasi
1451 1152 1530 1200 hic
1568 1154 1631 1200 sit
1679 1168 1737 1201 ex
1785 1167 1979 1202 recessu
2029 1151 2282 1215 eclipticae,
2319 1163 2349 1197 a

92 1227 248 1276 limite
285 1226 474 1275 Martis,
561 1225 879 1289 Respondeo,
928 1241 1004 1273 me
1042 1225 1301 1274 indulsisse
1339 1231 1452 1273 tunc
1489 1225 1819 1287 probabilitati
1860 1226 2101 1288 dogmatis
2141 1223 2199 1272 de
2237 1237 2349 1270 mu-

88 1306 192 1348 tata
231 1299 521 1363 obliquitate
576 1306 932 1362 proptereaque
980 1298 1074 1347 hoc
1120 1298 1341 1346 attulisse
1391 1297 1731 1347 documentum
1783 1298 1887 1361 ejus
1924 1300 2018 1359 rei,
2071 1311 2168 1346 non
2218 1295 2349 1360 quod

90 1373 351 1431 sufficeret,
405 1373 493 1422 sed
532 1372 668 1435 quod
707 1374 900 1421 eminus·
933 1371 1149 1420 alludere
1188 1371 1455 1430 videretur,
1508 1385 1616 1419 cum
1659 1373 1873 1424 ,clariora
1912 1372 2202 1421 documenta
2251 1383 2349 1419 non

23 1499 29 1507 ,
89 1452 419 1509 suppeterent.
496 1445 549 1494 Si
587 1459 705 1494 vero
744 1447 1020 1495 accuratius
1058 1449 1372 1504 examinetur,
1413 1444 1575 1492 multis
1607 1446 1882 1514 ⁸rationibus
1922 1445 2131 1495 convelli
2169 1448 2346 1508 potest.

97 1515 152 1585 l)
192 1519 519 1567 Instrumenta
556 1517 837 1568 Ptolemaei
874 1524 1081 1582 possunt
1115 1533 1318 1581 peccare
1359 1519 1531 1580 quinta
1554 1524 1692 1581 parte
1731 1518 1937 1581 gradus3
1978 1526 2051 1567 est
2090 1519 2235 1581 igitur
2270 1518 2349 1564 in-

93 1599 252 1640 certus
293 1591 373 1640 hic
410 1593 459 1638 in
497 1592 718 1645 maxima
743 1590 1110 1654 septentrionali
1146 1591 1403 1639 latitudine
1430 1590 1660 1640 defectus.
1738 1590 1790 1657 2)
1827 1591 1880 1640 Si
1919 1594 2172 1641 verissima
2222 1594 2349 1639 esset

92 1667 138 1711 in
177 1666 507 1728 septentrione
547 1666 813 1727 quantitas,
854 1667 913 1729 inj
942 1671 1107 1712 austro
1148 1664 1346 1713 deberet
1382 1664 1604 1714 similiter
1642 1679 1873 1729 apparere
1912 1665 2127 1715 defectus
2152 1664 2348 1727 aliquis.

95 1739 247 1799 Atqui
286 1752 312 1785 e
351 1739 594 1786 contrario
634 1738 825 1787 excedit
862 1737 1166 1786 Ptolemaica
1203 1737 1503 1786 hodiernam.
1582 1736 1691 1799 Quo
1731 1740 1876 1801 igitur
1907 1739 2016 1801 jure
2057 1753 2114 1787 ex
2153 1744 2350 1801 septen-

95 1810 290 1859 trionali
329 1809 493 1872 colligi
530 1817 697 1874 posset
735 1811 991 1858 diminutio
1032 1810 1336 1873 obliquitatis
1372 1812 1629 1875 pristinae,
1685 1812 1854 1859 eodem
1902 1812 2012 1874 jure
2052 1826 2112 1860 ex
2148 1809 2349 1859 australi

93 1883 395 1945 Ptolemaica
433 1883 631 1932 deberet
667 1884 834 1946 colligi
870 1883 1091 1945 ejusdem
1129 1886 1480 1947 augmentatum
1520 1898 1724 1946 quorum
1751 1890 1911 1933 tamen
1951 1891 2210 1948 utrumque
2248 1883 2347 1932 fieri

94 1955 239 2004 simul
283 1969 382 2004 non
433 1962 608 2020 potest.
689 1955 740 2022 3)
780 1956 1185 2006 circumstantiae
1237 1958 1596 2021 oppositionum
1635 1956 1763 2006 Solis
1811 1965 1860 2007 et
1911 1957 2083 2007 Martis
2131 1965 2347 2021 tempore

93 2030 494 2078 observationum
530 2028 939 2079 Ptolemaicarum
988 2037 1220 2093 arguunt,
1275 2029 1612 2079 Ptolemaeum
1660 2045 1756 2079 non
1805 2031 1988 2080 vidisse
2039 2031 2248 2080 Martem
2299 2032 2347 2076 in

95 2103 344 2166 ipsissimo,
377 2101 530 2151 limite
557 2103 720 2164 bore0,
758 2103 847 2152 sed
875 2105 924 2150 in
949 2102 1264 2152 inclinatione
1291 2105 1544 2153 eccentrici
1569 2105 1769 2163 minore,
1809 2111 1861 2153 ut
1890 2105 2119 2168 probatur
2150 2103 2233 2152 fol.
2262 2104 2344 2151 51.

29 2174 34 2178 ’
93 2175 485 2224 adversariorum
521 2174 822 2224 Martialium
861 2178 1197 2226 recentiorum.
1211 2174 1252 2242 ⁵)
1325 2177 1454 2239 Ergo
1492 2178 1540 2224 in
1578 2178 1821 2241 ipsissimo
1859 2177 2011 2227 limite
2051 2180 2209 2241 potuit
2231 2176 2348 2224 lati-

91 2247 212 2298 tudo
248 2248 354 2314 fieri
390 2249 550 2311 major
585 2263 732 2311 quam
773 2265 847 2310 ea,
888 2264 1036 2311 quam
1073 2249 1375 2298 fundamenti
1414 2250 1522 2298 loeo
1568 2252 1732 2314 posuit
1768 2250 2098 2300 Ptolemaeus,
2174 2251 2350 2312 Itaque

91 2322 184 2371 etsi
235 2324 601 2371 accuratissime
652 2322 964 2372 observasset
1017 2325 1067 2374 4.
1111 2325 1200 2384 20,
1257 2325 1416 2388 potuit
1463 2332 1524 2371 ea
1569 2331 1729 2373 tamen
1782 2325 1828 2370 in
1882 2326 1989 2389 ipso
2035 2324 2187 2379 limite
2241 2338 2348 2372 esse

91 2396 140 2442 4.
183 2395 277 2455 32,
326 2402 510 2457 quanta
547 2394 710 2444 hodie.
787 2393 840 2461 4)
880 2395 1037 2444 Detur
1074 2411 1217 2457 vero,
1272 2399 1319 2444 in
1360 2399 1465 2461 ipso
1503 2396 1655 2445 limite
1709 2404 1977 2461 spectatam
2018 2412 2122 2446 esse
2163 2393 2221 2445 4⁰
2261 2397 2347 2450 20‘

92 2473 140 2516 et
176 2468 247 2515 sic
290 2470 370 2515 12¹
407 2469 642 2517 minorem
681 2482 827 2531 quam
866 2468 1035 2517 hodie:
1077 2468 1199 2517 haec
1245 2472 1326 2516 1‘2‘
1364 2484 1461 2518 non
1502 2476 1663 2526 essent
1715 2486 1745 2519 a
1790 2471 1898 2519 sola
1936 2473 2204 2520 mutatione
2255 2470 2346 2517 ob-

20 2533 22 2540 ’
92 2539 330 2603 liquitatis
371 2540 653 2605 eclipticae,
705 2541 792 2590 sed
831 2556 862 2589 a
900 2540 1136 2606 parallaxi
1177 2544 1328 2603 orbiS,
1378 2543 1427 2590 id
1466 2543 1598 2605 quod
1637 2545 1684 2589 in
1726 2546 1993 2592 eccentrico
2034 2550 2106 2592 est
2146 2546 2211 2603 4¹,
2254 2542 2348 2590 hoc

22 2615 23 2641 ³
91 2614 346 2682 eccentrici
399 2613 574 2662 Martis
630 2614 740 2662 loco
797 2622 1001 2679 apparet
1052 2629 1158 2663 esse
1205 2618 1300 2663 12‘.
1386 2612 1464 2666 Ita
1518 2630 1688 2679 parum
1745 2617 2006 2665 admodum
2063 2617 2348 2681 probaretur

23 2680 25 2750 ζ
93 2692 280 2735 mutata
330 2686 625 2749 obliquitas,
684 2701 774 2735 nec
824 2687 952 2736 ultra
1004 2685 1099 2735 23⁰
1138 2689 1225 2736 35‘
1279 2689 1443 2738 fuisse»
1520 2689 1778 2748 Vicissim,
1836 2692 1877 2738 si
1927 2692 2039 2738 totis
2081 2691 2167 2738 20¹
2221 2694 2348 2738 esset

24 2783 25 2789 =
91 2766 292 2818 mutata,
332 2758 531 2809 deberet
570 2759 684 2808 olim
723 2762 1011 2824 apparentia
1050 2760 1323 2809 latitudinis
1358 2764 1598 2811 maximae
1624 2762 1795 2811 Martis
1834 2763 1982 2811 fuisse
2024 2778 2063 2810 c.
2096 2760 2149 2811 10
2175 2763 2345 2822 minor,

26 2872 27 2875 η
93 2839 141 2881 et
175 2833 248 2881 sic
284 2847 328 2883 c.
365 2834 413 2882 3.
456 2834 551 2893 30,
605 2840 853 2895 quantam,
886 2833 1197 2884 latitudinem
1244 2834 1558 2884 Ptolemaeus
1606 2837 1776 2898 utique
1823 2850 1919 2884 non
1971 2841 2099 2885 esset
2149 2850 2346 2884 mensus

25 2903 27 2909 ’
94 2902 152 2952 40
189 2906 309 2953 20¹..

233 2977 454 3027 Alterum
510 2984 848 3040 argumentum
903 2993 963 3028 ex
1019 2979 1209 3028 theoria
1247 2979 1434 3028 Martis.
1520 2980 1834 3028 Ptolemaeus
1897 2984 2087 3045 reponit
2145 2983 2346 3031 limitem

90 3050 288 3099 boreum
328 3050 501 3099 Martis
539 3051 590 3097 in
627 3050 826 3100 ultimas
865 3059 1027 3115 partes
1068 3048 1160 3118 63,
1202 3051 1248 3101 h.
1291 3067 1331 3101 e.
1371 3051 1475 3118 (per
1512 3052 1812 3102 additionem
1851 3046 2067 3104 nostram
2112 3053 2164 3103 10
2191 3056 2258 3119 3‘)
2298 3057 2344 3102 in

93 3124 329 3187 principia
356 3130 424 3186 52,
464 3122 612 3186 idque
651 3138 689 3172 c.
730 3139 775 3172 a.
810 3126 926 3174 133.
956 3125 1150 3184 Christi,
1192 3125 1389 3187 quando
1428 3126 1557 3174 sacta
1595 3127 1776 3180 fuito(
1813 3127 1875 3190 Θ
1917 3132 1958 3183 ὅ
2012 3130 2059 3176 in
2087 3125 2180 3177 26⁰
2207 3126 2273 3195 ὓ
2304 3143 2344 3177 c.

92 3194 252 3245 Hodie
290 3210 406 3245 vero
447 3195 585 3244 limes
623 3203 697 3244 est
734 3198 781 3244 in
828 3195 917 3245 16⁰
953 3198 1039 3245 45¹
1082 3204 1148 3257 Q:
1190 3199 1330 3246 annis
1369 3213 1484 3261 ergo
1529 3199 1663 3248 1467
1705 3205 1864 3248 motus
1893 3207 1967 3250 est
2005 3217 2090 3266 per
2122 3199 2212 3250 160
2238 3203 2344 3249 45’.

95 3267 209 3318 Jam
246 3270 385 3319 affert
421 3269 736 3319 Ptolemaeus
777 3269 1168 3319 observationem
1207 3270 1425 3319 habitam
1465 3286 1495 3319 a
1534 3271 1772 3336 Dionysio
1812 3287 1939 3323 anno
1978 3289 2023 3323 a.
2065 3274 2176 3324 Chr.
2223 3278 2343 3323 272.

95 3339 141 3388 d.
190 3343 274 3390 25.
317 3340 517 3399 Αἰωνος,
556 3343 687 3402 sive,
743 3342 873 3404 quod
926 3357 985 3390 ex
1031 3344 1186 3406 ipsius
1238 3344 1632 3407 interpretatione
1681 3347 1928 3408 sequitur,
1991 3349 2070 3396 18.
2121 3347 2344 3397 Januarii

22 3406 27 3498 'J
95 3411 204 3475 (ego
249 3415 328 3466 15.
367 3413 484 3464 Jan.
522 3415 711 3476 scribo;
751 3430 921 3479 parum
961 3417 1088 3463 enim
1126 3417 1325 3465 interest
1363 3416 1424 3465 ad
1464 3417 1735 3467 latitudinis
1775 3422 2010 3481 rationes,
2066 3420 2125 3469 de
2166 3421 2342 3483 quibus

24 3502 29 3554 ξ
98 3484 332 3538 hocloco
369 3485 617 3554 agimus),
671 3501 786 3551 ergo
839 3489 976 3538 visus
1014 3494 1089 3537 est
1140 3493 1179 3542 ό
1235 3495 1663 3552 παρατεθεικεναι,
1712 3494 2029 3556 apposuisse,
2078 3513 2148 3557 τῳ
2186 3495 2343 3557 βορεῳ

25 3557 29 3615 ἓ
94 3577 296 3624 μετωπῳ
331 3578 419 3612 του
457 3579 688 3624 σκορπιου
726 3565 902 3620 (Almag.
935 3568 988 3608 X.
1022 3566 1095 3621 9.).
1149 3559 1203 3609 Si
1229 3562 1381 3611 verba
1419 3566 1696 3628 accipimus,
1736 3568 1807 3613 uti
1846 3572 2037 3626 sonant,
2077 3569 2342 3615 rectissime

28 3632 29 3636 ’
97 3632 442 3694 concludimus,
482 3634 687 3683 Martem
724 3634 840 3685 huic
877 3633 1051 3683 stellae
1089 3632 1213 3683 adeo
1251 3638 1575 3700 propinquum
1613 3652 1719 3686 esse
1758 3638 1965 3700 sactum,
2004 3646 2060 3687 ut
2097 3639 2343 3702 yideretur

96 3702 174 3752 illi
211 3704 473 3756 adhaerere
512 3712 823 3765 (»incumber0«
860 3715 982 3753 vertit
1015 3712 1215 3762 Georgius
1243 3714 1573 3770 Trapezuutius).
1649 3710 1750 3759 Nec
1790 3711 1944 3760 ullum
1983 3720 2056 3760 est
2112 3714 2158 3759 in
2199 3711 2341 3760 stella

29 3820 33 3853 ε
98 3774 311 3837 dubium,
347 3779 679 3842 repudiandae
717 3787 831 3829 sunt
870 3794 1036 3830 omnes
1074 3782 1376 3845 suspiciones
1417 3787 1465 3831 et
1504 3783 1681 3844 effugia
1720 3800 1749 3833 a
1784 3798 1862 3833 me
1900 3784 2121 3833 adhibita
2159 3787 2206 3830 in
2246 3784 2338 3831 fine

29 3856 33 3915 ς
101 3847 366 3903 Commeat.
404 3852 590 3903 Martis.
631 3857 720 3912 (111.
753 3860 867 3912 441.)
936 3853 1287 3904 Creberrimum
1327 3859 1400 3907 est
1436 3857 1486 3904 in
1513 3855 1821 3917 Ptolemaeo,
1862 3856 2029 3906 stellas
2069 3857 2338 3918 singulares

31 3992 35 4071 Ξ
