2554 4140
797 154 936 200 Liber
966 154 1147 199 Sextus.
1206 154 1319 199 Pars
1352 151 1572 198 Secunda.
2207 156 2311 205 443

55 302 150 359 jam
179 302 361 358 planeta
394 301 442 344 in
464 301 502 344 T
531 299 762 354 veniente,
802 300 945 344 Terra
986 300 1180 344 veroin
1208 300 1281 355 D,
1328 297 1462 343 binae
1493 298 1638 344 lineae
1669 299 1752 342 DT
1782 297 2004 354 incipiunt
2035 296 2134 343 fieri
2165 296 2312 354 paral-

19 374 29 387 ‘
60 368 196 412 lelae:
227 380 311 423 per
338 367 422 419 has
451 365 591 422 igitur
618 365 807 410 visorias
840 365 938 410 dico
971 378 1191 423 apparere
1220 365 1452 422 planetam
1489 363 1814 408 stationarium.
1872 364 2079 421 Denique
2110 362 2229 407 ultra
2257 362 2316 413 D,

61 433 112 488 T,
142 443 297 476 versus
330 430 384 486 G,
415 429 457 475 K
487 443 545 474 ex
582 428 813 485 parallelis
851 431 968 475 fiunt
995 444 1173 475 rursum
1204 434 1552 484 concurrenteS‚
1599 428 1679 472 sed
1722 428 1842 473 ultra
1878 429 2088 485 planetae
2118 428 2314 473 curricu-

59 496 151 550 lum
180 496 282 550 ΤΚ,
320 507 478 539 versus
509 495 576 545 N,
617 494 839 551 siquidem
871 495 1210 546 continuentur,
1249 493 1336 538 hoc
1378 506 1483 549 ergo
1516 493 1614 538 dico
1647 507 1857 551 arguere,
1900 494 2128 550 planetam
2159 494 2201 538 Κ
2232 505 2315 551 per

58 560 244 607 visorias
274 560 358 605 GK
388 572 608 616 apparere
637 559 961 614 retrogradum.
2180 573 2185 575 ·

203 630 377 678 Proba
424 645 588 690 nunc,
637 644 826 678 necesse
862 645 959 678 esse
1007 637 1092 691 ut,
1156 629 1314 678 Terra
1361 631 1497 676 circa
1537 627 1703 676 Solem
1742 634 1889 676 eunte
1938 635 2080 676 motu
2120 643 2316 686 annuc,

57 705 362 765 superiores,
413 703 611 751 tardius
660 703 935 765 redeuntes,
998 705 1055 751 in
1093 704 1444 763 conjunctione
1485 700 1615 749 Solis
1665 700 1938 749 videantur
1989 715 2084 749 esse
2124 701 2314 762 directi,

62 778 208 824 ultra*
240 776 554 838 quadratum
592 791 626 823 a
654 776 767 824 Sole
793 776 957 824 locum
980 777 1286 835 stationarii,
1327 777 1383 822 in
1407 776 1634 836 opposito
1662 772 1792 821 Solis
1816 773 2131 835 retroyradi5
2170 774 2320 836 idque

36 854 280 912 ·re³pectu
315 855 548 897 motuum
586 849 922 897 secundorum
971 849 1035 897 ab
1073 863 1252 898 occasu
1297 850 1353 895 in
1391 853 1561 895 ortum
1600 846 1953 894 tendentium?
2026 845 2121 893 Pro
2159 852 2317 894 retro-

57 919 339 982 gradatione
377 921 440 969 sit
476 923 631 984 primo
681 921 929 984 popularis
978 921 1326 970 demonstratio
1373 922 1479 967 ista.
1556 919 1869 967 Demonstrat
1910 917 2135 967 Euclides
2176 918 2319 981 Opti-

60 1008 229 1043 corum
270 995 602 1057 propositione
657 995 746 1042 54:
798 996 841 1042 si
886 994 1052 1057 aliqua
1105 994 1317 1043 ferantur
1365 991 1614 1055 inaequali
1669 991 1913 1042 celeritate
1962 993 2183 1052 interque
2234 991 2321 1039 illa

49 1069 202 1119 »etiam
242 1066 427 1127 oculuS,
468 1082 528 1116 ea
565 1081 693 1130 quae
735 1081 842 1116 cum
883 1066 1025 1115 oculo
1064 1066 1279 1115 ferantur
1304 1065 1497 1128 aequali
1527 1063 1785 1126 celeritate,
1827 1064 1982 1112 videri
2009 1071 2152 1123 stare,
2195 1078 2321 1126 quac

57 1138 240 1191 tardius
279 1139 436 1200 ocu10,
474 1142 523 1187 iu
564 1141 855 1188 contrarium
892 1139 1019 1200 ferri,
1061 1154 1186 1202 quae
1227 1137 1445 1200 celerius,
1487 1152 1792 1200 praecurrere
1824 1136 1984 1186 oculo,
2062 1135 2199 1184 Haec
2237 1137 2318 1184 illc

57 1211 120 1262 ad
159 1213 374 1261 verbum.
453 1212 591 1274 Quae
630 1214 721 1261 etsi
758 1218 871 1260 sunt
897 1213 1263 1262 accommodata
1299 1212 1442 1259 rebus
1465 1210 1797 1274 popularibuS,
1839 1210 1973 1259 verbi
2001 1223 2149 1257 causa
2173 1210 2319 1257 navi-

56 1286 148 1334 bus
186 1287 235 1332 in
272 1286 395 1333 mari
433 1286 733 1334 currentibus
773 1284 877 1351 (ubi
914 1285 1043 1345 illae,
1099 1299 1226 1348 quae
1264 1286 1346 1332 uni
1385 1299 1483 1331 una
1522 1286 1654 1332 eunti
1694 1291 1821 1332 stare
1862 1282 2112 1342 videntur,
2166 1297 2317 1346 prop—

0 1395 3 1411 1
56 1365 188 1408 terea
223 1359 294 1406 sic
332 1357 571 1419 videntur,
612 1360 728 1420 quia
766 1360 1036 1421 comparari
1073 1364 1278 1421 possunt
1316 1356 1380 1405 ad
1418 1355 1670 1406 celeriores
1709 1362 1757 1405 et
1786 1355 2021 1405 tardiores
2061 1371 2157 1405 una
2196 1370 2319 1404 eun-

3 1470 5 1478 ,
58 1437 155 1490 tes,
195 1445 401 1493 quarum
438 1431 551 1480 illae
590 1431 815 1480 videntur
851 1444 1185 1494 praecurrere,
1237 1432 1360 1479 istae
1398 1436 1526 1479 retro
1563 1427 1795 1496 moveri),
1852 1444 1951 1478 non
1989 1429 2116 1478 male
2155 1435 2321 1477 tamen

0 1550 2 1559 ,
57 1503 412 1552 accommodari
449 1510 656 1566 possunt
694 1505 841 1551 etiam
880 1504 943 1552 ad
969 1503 1407 1567 retrogradationes
1427 1504 1476 1550 in
1503 1505 1817 1554 astronomia.
1892 1502 2019 1551 Nam
2058 1503 2135 1550 hic
2175 1504 2323 1551 etiam

5 1578 9 1625 ἶ
56 1575 206 1626 Terra
256 1591 363 1625 cum
415 1576 625 1639 planetis
674 1577 1005 1640 superioribus
1057 1579 1202 1626 currit
1248 1576 1451 1626 eandem
1500 1578 1656 1639 viam3
1709 1591 1913 1638 cumque
1955 1576 2171 1639 dispares
2207 1575 2323 1625 huic

58 1655 107 1708 et
142 1648 238 1697 illis
278 1651 373 1697 sint
413 1649 513 1697 dati
550 1649 734 1698 reditus
774 1658 822 1698 et
862 1651 1048 1699 orbitae
1087 1650 1325 1712 cujusque
1365 1651 1413 1696 in
1453 1664 1505 1698 se
1544 1651 1676 1712 ipsas
1714 1649 1940 1710 redeant,
1988 1649 2040 1697 fit
2080 1654 2133 1697 ut
2171 1648 2322 1698 Terra

9 1763 11 1768 ,
57 1735 164 1771 cum
201 1721 401 1785 planeta
437 1737 566 1771 nunc
604 1737 663 1772 ex
703 1723 874 1772 eadem
912 1723 1060 1786 plaga
1099 1729 1284 1782 currat,
1324 1736 1453 1771 nunc
1492 1737 1551 1770 ex
1590 1724 1831 1786 opposita.

234 1805 345 1849 Cum
386 1805 524 1862 igitur
563 1818 620 1849 ex
659 1805 818 1850 eadem
849 1806 984 1863 plaga
1015 1811 1218 1851 currunt.
1262 1811 1314 1851 ut
1344 1805 1487 1850 Terra
1517 1806 1562 1849 in
1596 1806 1658 1863 G,
1691 1804 1873 1862 planeta
1903 1805 1949 1848 in
1981 1804 2037 1860 K,
2069 1804 2146 1850 Sol
2177 1805 2216 1849 E
2249 1808 2321 1850 est

57 1871 235 1927 utrique
265 1871 311 1916 in
340 1873 478 1930 plaga
509 1873 679 1929 eadem,
714 1879 759 1918 et
788 1873 853 1918 sic
884 1875 1026 1918 Terra
1057 1874 1097 1918 G
1126 1874 1274 1918 media
1304 1874 1422 1918 inter
1452 1874 1493 1918 E
1526 1873 1675 1918 Solem
1707 1878 1753 1918 et
1781 1872 1824 1916 Κ
1854 1871 2103 1927 planetam,
2134 1873 2222 1916 hoc
2254 1877 2324 1917 est

57 1937 240 1996 planeta
268 1938 310 1982 Κ
342 1939 584 1994 opponitur
615 1938 710 1984 Soli
739 1939 809 1996 E,
850 1939 980 1983 nobis
1013 1939 1184 1983 scilicet
1226 1939 1271 1982 in
1306 1939 1345 1982 G
1374 1935 1669 1983 versantibus.
1729 1938 1817 1982 Hic
1846 1937 1984 1992 igitur
2015 1936 2173 1981 oculus
2204 1936 2250 1980 in
2281 1937 2321 1982 G

14 2002 15 2036 ἶ
55 2001 244 2048 celerior
274 2009 344 2047 est
372 2003 557 2060 planeta
586 2002 632 2047 in
662 2004 719 2059 K,
750 2017 840 2047 non
871 2008 963 2048 tam
995 2004 1112 2058 ideo,
1145 2005 1250 2060 quia
1283 2003 1431 2047 diurni
1462 2002 1657 2047 Telluris
1688 2003 1734 2047 in
1765 2004 1804 2048 G
1835 2003 2031 2059 majores
2064 2007 2170 2046 sunt
2201 2001 2320 2045 diur-

0 2103 2 2132 ᾗ
57 2066 127 2123 nis
155 2068 365 2124 planetae
394 2069 442 2112 in
474 2069 528 2121 K,
561 2082 695 2124 quam
727 2068 833 2126 quia
863 2068 910 2112 hi
942 2067 1093 2112 diurni
1126 2069 1164 2111 G
1196 2075 1241 2112 et
1273 2069 1314 2112 K
1345 2080 1463 2125 pene
1494 2068 1684 2113 invicem
1718 2073 1823 2113 sunt
1843 2066 2047 2124 paralleli
2077 2067 2166 2110 hoc
2194 2066 2317 2111 loco:

0 2146 19 2185 ³,
58 2133 176 2185 unde
204 2133 276 2190 fit,
315 2139 367 2178 ut
397 2134 588 2185 visoriae
618 2134 792 2190 lineae,
855 2147 970 2190 quae
998 2135 1215 2180 terminos
1246 2134 1552 2193 inaequalium
1584 2139 1869 2186 connectunt,
1901 2133 1958 2178 ad
1990 2145 2038 2177 se
2068 2135 2227 2176 mutuo
2256 2130 2322 2174 in-

0 2202 19 2250 {³
59 2199 292 2258 clinentur,
322 2213 623 2245 concursurae
656 2213 793 2257 supra
822 2200 1068 2257 planetam.
1130 2202 1229 2246 Hoc
1259 2214 1366 2245 vero
1398 2206 1468 2246 est
1497 2199 1711 2245 indicium
1732 2197 2148 2256 retrogradationis.
2207 2194 2323 2242 Vide

0 2276 6 2317 ἰ
58 2264 366 2312 Astronomiae
397 2271 572 2323 partem
603 2265 706 2324 Opt.
738 2279 766 2311 a.
794 2266 875 2311 fol.
909 2267 994 2312 324
1024 2267 1071 2312 in
1102 2267 1200 2314 334.
1265 2268 1334 2324 (ΙΙ.
1367 2271 1452 2311 333
1486 2268 1556 2324 ss.)

0 2379 2 2388 .
202 2341 378 2404 Quoad
416 2344 652 2391 stationes
699 2348 748 2392 et
786 2343 1099 2393 directionem
1137 2346 1334 2392 axioma
1370 2343 1464 2393 hoc
1503 2346 1719 2407 opticum
1767 2340 2120 2391 incommodius
2159 2339 2323 2404 appli-

0 2430 19 2489 Α
64 2413 249 2464 σιδίων
285 2415 348 2464 ad
387 2429 553 2464 cursus
591 2415 864 2465 circulares
940 2416 1110 2464 Posita
1148 2418 1274 2465 enim
1311 2416 1460 2465 Terra
1497 2419 1546 2464 in
1574 2417 1634 2478 A,
1673 2416 1872 2479 planeta
1911 2417 1960 2462 in
1990 2414 2046 2476 O,
2083 2415 2185 2475 jam
2223 2428 2321 2462 non

0 2491 20 2563 ξι
62 2489 341 2537 eunt-viam
381 2488 586 2537 eandem
622 2488 822 2551 planeta
861 2495 909 2538 et
949 2489 1143 2550 oculus,
1184 2497 1237 2537 ut
1275 2491 1323 2536 in
1363 2492 1606 2538 axiomate
1644 2488 2016 2554 supponendum
2055 2496 2183 2549 erat,
2235 2487 2323 2536 sed

0 2564 5 2606 ἴ
61 2564 120 2609 ex
156 2563 392 2624 oppositis
430 2562 647 2625 partibus
687 2561 973 2610 circulorum
1013 2563 1105 2610 sibi
1144 2569 1313 2610 mutuo
1347 2564 1564 2622 obviant,
1606 2562 1756 2611 Terra
1793 2576 1879 2624 per
1909 2563 2037 2610 viam
2065 2560 2171 2622 AB,
2211 2560 2323 2624 pla-

0 2566 24 2748 l}
60 2638 172 2682 neta
206 2648 291 2697 per
331 2635 459 2682 viam
494 2632 612 2695 ΟΡ,
667 2648 757 2683 nec
805 2649 1020 2697 unquam
1060 2635 1329 2697 acqualiter
1380 2641 1638 2684 moventur
1684 2636 1883 2698 planeta
1924 2640 1971 2683 et
2009 2633 2183 2691 Terra,
2235 2632 2322 2681 sed

0 2714 29 2761 5³
58 2701 245 2770 smper
281 2707 365 2755 ille
403 2706 603 2754 tardius,
681 2706 842 2768 Quare
881 2709 929 2754 in
953 2707 1046 2756 hac
1072 2715 1222 2771 parte,
1263 2709 1411 2757 missa
1439 2708 1851 2757 demonstratione
1880 2706 2120 2771 populari,
2160 2712 2322 2754 trans-

0 2794 4 2825 s
30 2796 31 2809 ¹
61 2782 225 2849 §lmus
263 2778 326 2827 ad
352 2781 755 2839 astronomicam,
795 2779 1143 2843 Copernicanis
1181 2781 1535 2844 hypothesibus
1560 2783 1820 2845 propriam.
1899 2779 2146 2842 Quantum
2175 2779 2324 2841 igitur

0 2845 5 2867 ³
61 2846 141 2918 ⁸⁸².
156 2854 410 2911 stationes,
452 2859 524 2900 est
564 2867 660 2900 una
696 2854 1088 2915 suppositionum
1115 2854 1368 2917 Copernici
1409 2854 1532 2902 libro
1557 2853 1646 2902 IV.
1687 2853 1769 2902 fol.
1814 2854 1914 2901 331
1972 2858 2020 2900 et
2058 2866 2160 2914 seq.
2204 2866 2323 2900 con-

0 2906 35 2983 ii
61 2920 272 2985 firmata,
338 2925 623 2973 diametrum
690 2925 818 2973 orbis
876 2928 1039 2989 magni
1099 2926 1325 2974 collatam
1377 2926 1438 2976 ad
1486 2927 1689 2974 fixarum
1743 2925 1979 2989 sphaerae
2033 2923 2321 2973 diametrum

0 2994 384 3063 :l-insensibilem
431 3012 553 3046 esse.
631 2997 787 3045 Multo
838 3000 994 3046 minus
1046 3001 1192 3061 igitur
1241 2999 1486 3048 sensibilis
1538 3001 1628 3048 erit
1676 2997 1910 3046 distantia
1962 2997 2320 3061 parallelarum,

62 3066 186 3117 circa
223 3070 283 3129 D,
323 3070 380 3131 T,
421 3085 547 3132 quae
585 3069 757 3118 saltem
797 3072 1083 3133 particulam
1125 3072 1254 3119 orbis
1293 3073 1473 3135 magni,
1518 3071 1704 3120 scilicet
1743 3070 1940 3119 diurnos
1969 3085 2108 3119 arcus
2147 3084 2321 3120 eccen-

0 3145 33 3190 :·÷
61 3140 216 3202 tricos,
255 3142 464 3192 Telluris
503 3142 565 3190 ad
592 3143 636 3189 D
677 3149 724 3190 et
762 3142 988 3205 planetae
1015 3143 1077 3191 ad
1103 3144 1145 3191 Τ
1182 3143 1453 3193 includunt.
1531 3144 1658 3206 Ergo
1686 3142 1952 3206 parallelae
1973 3143 2090 3193 illae
2118 3143 2321 3194 eductae

0 3216 211 3276 tamque
247 3216 296 3262 in
333 3215 454 3264 fixas
494 3216 540 3262 in
579 3215 708 3263 idem
747 3214 937 3262 illarum
976 3215 1126 3264 veluti
1169 3224 1398 3279 puuctum
1437 3216 1734 3265 videbuntur
1773 3215 2010 3277 incidere,
2067 3222 2214 3279 atque
2254 3219 2323 3267 sic

0 3282 252 3351 ·3pl⁸neta
295 3302 381 3351 per
419 3294 673 3350 utramque
712 3289 998 3335 visoriarum
1051 3288 1266 3348 illarum,
1319 3289 1410 3338 hoc
1449 3294 1523 3336 est
1573 3294 1672 3337 tam
1710 3289 1759 3336 in
1797 3290 2035 3353 principio
2083 3304 2230 3352 quam
2270 3293 2318 3338 in

34 3354 148 3436 kflne
184 3363 396 3423 suscepti
435 3363 663 3423 temporis
704 3363 771 3407 24
810 3359 1034 3407 horarum
1076 3360 1316 3409 videbitur
1355 3360 1524 3410 eodem
1562 3361 1673 3410 loco
1701 3360 1904 3410 fixarum
1929 3361 2144 3424 haerere,
2186 3364 2319 3426 quod

0 3429 130 3479 ”est
163 3438 289 3482 stare
330 3434 405 3482 vel
445 3435 705 3482 stationem
744 3445 989 3495 peragere.
1070 3433 1191 3481 Cum
1230 3434 1375 3496 igitur
1413 3445 1613 3482 necesse
1654 3434 1743 3495 sit,
1802 3435 1874 3483 bis
1912 3434 2014 3484 fieri
2051 3436 2319 3500 parallelas

38 3501 275 3566 witwine,
325 3511 521 3568 propter
561 3506 949 3568 conjunctionem
990 3510 1037 3552 et
1075 3507 1431 3568 separationem
1471 3506 1770 3555 omnifariam
1811 3508 2101 3557 currentium
2141 3524 2318 3572 corpo-

39 3569 160 3636 {rmn
195 3575 418 3638 planetae
458 3585 505 3626 et
541 3579 774 3638 Telluris,
829 3591 1024 3627 necesse
1065 3584 1111 3625 et
1150 3578 1242 3627 hoc
1281 3579 1391 3637 erit,
1441 3584 1495 3627 ut
1532 3577 1730 3643 planeta
1768 3580 1960 3630 duobus
1999 3580 2119 3631 locis
2160 3598 2316 3644 appa-

42 3652 162 3706 rent
193 3651 518 3709 stationariae,
560 3665 685 3714 quae
722 3650 830 3699 loca
858 3649 983 3698 ultra
1011 3649 1299 3711 quadratum
1327 3649 1455 3699 Solis
1492 3655 1728 3701 removeri
1762 3654 1867 3717 jam
1894 3653 2316 3704 demonstrabitur.

44 3766 46 3771 ,
198 3719 274 3769 De
313 3721 574 3772 directione
603 3730 650 3772 et
675 3722 1086 3786 retrogradatione
1114 3724 1198 3771 sic.
1276 3722 1490 3771 Primum
1516 3733 1714 3775 necesse
1743 3733 1830 3788 est,
1871 3728 2043 3790 positis
2078 3729 2317 3789 inaequa-

44 3787 120 3865 ,lis
154 3795 383 3855 temporis
419 3796 777 3844 reversionibus
817 3808 1068 3857 corporum
1108 3794 1316 3843 Telluris
1369 3803 1416 3844 ct
1455 3795 1701 3859 planetae,
1751 3801 2003 3864 utriusque
2052 3801 2100 3847 in
2141 3813 2316 3849 conse-

46 3866 255 3922 ·quontia
293 3866 466 3927 euntis,
505 3870 745 3918 sectiones
786 3869 1071 3917 visoriarum
1112 3868 1394 3933 contingere
1435 3870 1727 3924 omnifarius.
