2554 4140
252 171 351 219 132
809 224 811 226 ι
1067 162 1299 222 Epitomes
1336 162 1652 209 Astronomiae

236 318 284 364 in
321 316 397 364 his
435 312 689 363 altioribus
728 311 877 361 radiis
916 315 1089 362 visivis
1126 313 1296 363 fierent
1333 312 1618 373 viciniora,
1664 308 1980 361 redderentur
2017 314 2213 362 omnino
2254 318 2303 362 et
2339 312 2489 361 altio-

235 403 327 437 res,
402 389 470 435 At
505 391 734 449 putamus
772 385 882 435 illas
920 401 1027 436 esse
1067 388 1276 446 vicinaS,
1326 391 1556 447 putamus
1596 386 1740 446 igitur
1779 398 1886 433 esse
1936 391 1985 434 et
2022 386 2219 434 altiores
2270 386 2491 449 partibus

236 461 426 509 vicinis,
505 458 706 508 Vicinas
745 464 909 507 autem
947 465 1192 522 putamUS,
1233 460 1350 521 quia
1390 456 1588 518 oblique
1626 456 1737 505 illas
1776 459 2076 521 inspicimuS,
2121 472 2279 520 eoque
2316 459 2490 506 seriem

235 525 470 581 materiae
516 531 800 594 interjectae
834 524 948 580 vtam
996 532 1222 594 longam,
1269 545 1328 578 ex
1368 544 1465 592 qua
1518 529 1625 577 sola
1671 535 1993 579 extremorum
2043 531 2274 579 distantia
2327 530 2490 593 colligi

237 605 398 665 debet,
436 619 536 653 non
574 610 704 653 recte
742 604 1214 668 comprehendimus,
1254 604 1602 663 existimantes,
1639 616 1729 650 nos
1767 603 1959 665 angulis
1994 602 2239 652 radiorum
2266 602 2491 652 altiorum

236 676 523 726 tantundem
552 675 611 726 de
639 676 892 740 superficie
913 691 1071 739 aquae
1099 673 1520 738 comprehendere,
1562 679 1795 737 quantum
1823 675 2275 740 comprehendimus
2302 690 2506 741 aequaff

239 751 368 799 libus
408 749 603 814 angulis
644 749 886 800 radiorum
924 748 1253 797 humiliorum.

1906 826 1946 870 A
1976 825 2237 883 speculator
2265 826 2312 871 in
2342 826 2488 879 litore,

1791 890 1874 935 BE
1890 903 2037 948 aquae
2058 891 2321 948 superficies
2340 893 2490 950 plana,

1791 955 1886 1012 AB,
1918 956 2009 1009 AC,
2042 957 2147 1012 AD,
2179 957 2260 1002 ΑΕ
2291 959 2406 1004 radii
2433 961 2490 1005 ad

1652 999 1711 1071 A,
1790 1019 1832 1065 A
1869 1021 2069 1075 oculum,
2119 1023 2215 1079 Bc,
2268 1025 2366 1083 cn,
2404 1026 2490 1071 DE

273 1119 275 1121 ,
493 1126 496 1131 ,
803 1073 837 1110 ‘³‘
1664 1102 1671 1107 ⁸
1790 1086 2054 1143 superficies
2101 1088 2382 1147 interceptae
2426 1092 2491 1135 in-

250 1178 284 1210 3
808 1175 845 1205 ῃ
1203 1174 1228 1204 0
1422 1175 1456 1206 Β
1789 1153 2148 1209 aequalissimae.
2207 1156 2380 1202 Putans
2411 1157 2491 1213 igi·

1787 1224 1864 1263 tur
1894 1220 2174 1278 speculator,
2223 1221 2297 1266 OD
2331 1229 2378 1268 et
2405 1224 2490 1268 DE

233 1304 334 1336 esse
379 1287 591 1346 aequales
621 1287 709 1344 ipsi
740 1285 815 1330 BC
851 1284 1156 1342 propinquae,
1194 1288 1436 1341 propterea
1467 1281 1588 1338 quod
1627 1282 1780 1339 anguli
1817 1284 1875 1329 ad
1906 1284 2085 1329 oculum
2124 1292 2229 1331 sunt
2265 1287 2492 1346 aequales,

233 1361 365 1414 putat
395 1368 443 1399 se
472 1355 520 1398 in
550 1353 708 1398 eodem
740 1352 865 1397 radio
896 1353 978 1396 AD
1009 1365 1092 1409 pro
1124 1351 1165 1396 D
1197 1351 1350 1396 videre
1382 1351 1434 1407 F,
1465 1351 1511 1395 in
1543 1350 1702 1394 eodem
1722 1350 1857 1396 vradio
1888 1352 1970 1397 AE
2001 1367 2084 1410 pro
2115 1354 2155 1398 E
2189 1353 2340 1399 videre
2357 1355 2410 1412 G,
2442 1362 2492 1401 ut

233 1421 320 1474 BC,
351 1420 438 1473 CF,
466 1417 548 1463 FG
577 1416 688 1462 fiant
719 1417 956 1474 aequales;
999 1429 1088 1473 quo
1130 1422 1265 1474 pacto
1310 1415 1572 1475 superficies
1605 1417 1764 1461 BCDE
1795 1415 1934 1474 plana
1967 1418 2144 1464 videtur
2182 1433 2359 1465 sursum
2395 1433 2492 1466 cur-

234 1485 327 1531 vari
359 1490 404 1530 et
434 1497 535 1529 esse
551 1483 735 1540 ,BCFG.

380 1560 611 1624 Neqasti,
671 1559 856 1607 Terrae
894 1561 1191 1608 eminentias
1241 1572 1337 1607 esse
1384 1548 1533 1608 sensu
1581 1558 1851 1621 notabiles,
1900 1562 1944 1607 si
1992 1574 2109 1608 cum
2160 1567 2260 1611 toto
2306 1561 2492 1610 Terrae

932 872 1014 913 Fi.g
1040 871 1095 904 13.

131 1627 139 1629 ”
234 1635 377 1697 ylobo
414 1638 802 1695 comparentur5
840 1633 1045 1680 interim
1085 1634 1375 1693 concessisti,
1412 1633 1656 1696 pleraque
1693 1632 1802 1682 loca
1826 1632 2197 1682 mediterranea
2233 1635 2492 1684 umbilicos

235 1709 436 1768 labere,
489 1705 690 1768 dimidii
725 1705 963 1753 milliaris
1006 1701 1299 1754 Germanici
1337 1705 1607 1754 altitudine
1651 1720 1803 1769 super
1839 1708 2016 1755 oceani
2053 1707 2362 1771 superficiem
2402 1723 2490 1758 ea·-

233 1787 433 1829 stantes.
511 1780 596 1827 An
638 1793 752 1827 vero
788 1777 909 1826 haec
945 1792 1051 1826 non
1089 1783 1159 1826 est
1195 1780 1317 1826 satis
1352 1778 1586 1828 notabilis
1612 1777 1866 1828 altitudo?
1936 1776 2100 1828 Unum
2134 1779 2212 1829 vel
2240 1779 2491 1829 dimidium

233 1852 440 1902 milliare
495 1850 557 1900 ad
598 1851 703 1899 800
753 1849 832 1899 vel
885 1851 989 1899 900
1037 1864 1133 1899 non
1182 1849 1332 1900 babet
1376 1852 1738 1916 proportionem
1790 1851 2086 1902 sensibilem.
2162 1851 2324 1903 Tanta
2377 1868 2491 1903 vero

235 1927 474 1991 reperitur
510 1924 644 1987 globi
681 1921 892 1972 Telluris
930 1922 1329 1973 semidiametros.

385 1996 646 2062 Quomodo
684 1998 982 2058 investiyari
1018 2003 1178 2059 potest
1214 1998 1475 2060 quantitas
1521 1996 1675 2058 hujus
1714 1995 2111 2046 semidiametri?
2183 1997 2306 2047 Cum
2343 1997 2493 2048 Terra

240 2072 304 2120 sit
341 2069 567 2131 rotunda,
609 2076 802 2132 oportet
839 2076 893 2117 ut
930 2068 1280 2133 perpendicula
1317 2071 1466 2119 variis
1502 2070 1551 2117 in
1587 2068 1709 2119 locis
1747 2084 1966 2134 appensa
2007 2071 2131 2119 inter
2168 2085 2221 2121 se
2259 2078 2492 2134 annuant,

244 2150 401 2193 turres
440 2141 502 2192 ad
540 2141 941 2206 perpendiculum
981 2148 1171 2192 erectae
1210 2142 1473 2192 verticibus
1512 2143 1575 2191 ab
1614 2157 1667 2192 se
1706 2143 1912 2193 invicem
1952 2144 2197 2203 abnuant,
2241 2144 2292 2193 id
2331 2149 2405 2194 est
2442 2149 2496 2194 ut

239 2218 467 2280 superius
524 2214 706 2263 distent
759 2213 970 2277 longius,
1048 2213 1191 2278 Quod
1248 2230 1358 2264 cum
1410 2217 1479 2264 ita
1531 2216 1621 2278 sit,
1678 2207 1820 2266 facile
1874 2221 1949 2266 est
2003 2215 2194 2266 duobus
2250 2231 2309 2267 ex
2347 2231 2492 2267 mon·
2544 2219 2554 2276 g

233 2289 390 2351 tibus,
445 2302 656 2352 quorum
704 2302 763 2337 ex
814 2286 968 2338 altem
1021 2286 1144 2337 alter
1194 2290 1484 2352 conspicuus
1531 2290 1621 2347 sit,
1674 2289 2021 2354 perpendicula
2074 2289 2135 2340 ad
2187 2303 2492 2341 communem
2551 2348 2554 2352 .

233 2361 415 2412 lineam
456 2363 668 2411 visivam
707 2362 1010 2422 examinare,
1059 2360 1188 2410 unde
1226 2363 1489 2411 innotescit
1523 2360 1754 2425 angulus,
1809 2377 1953 2426 quem
2003 2362 2189 2412 faciunt
2226 2363 2371 2415 binae
2410 2364 2490 2414 bi-

237 2449 409 2484 norum
446 2431 903 2499 perpendiculorum
939 2433 1127 2493 lineae,
1180 2430 1491 2484 continuatae
1528 2449 1616 2498 per
1651 2435 2049 2498 imaginationem
2094 2450 2250 2500 usque
2289 2438 2337 2485 in
2377 2449 2494 2487 cen-

239 2513 365 2556 trum
405 2506 600 2557 Terrae.
678 2505 802 2554 Cum
840 2505 986 2568 igitur
1026 2507 1258 2556 distantia
1294 2509 1518 2556 binorum
1555 2507 1747 2557 illorum
1784 2507 2002 2558 locorum
2041 2510 2105 2558 sit
2139 2523 2253 2573 pars
2281 2510 2494 2559 ambitus

496 2603 661 2646 213,st
877 2579 882 2584 '
927 2581 1078 2629 totius
1115 2580 1276 2643 globi,
1324 2582 1452 2629 sicut
1487 2580 1696 2644 angulus
1735 2581 1798 2630 ad
1838 2588 2055 2642 centrum
2093 2588 2168 2631 est
2218 2597 2329 2647 pars
2367 2597 2493 2646 qua-

919 2658 1030 2701 tuor
1067 2657 1332 2715 rectorum,
1381 2653 1524 2703 facile
1564 2669 1623 2703 ex
1661 2659 1779 2703 nota
1815 2653 2122 2718 longitudine
2158 2655 2312 2719 partis
2360 2656 2492 2705 illius

915 2726 1241 2790 investigatur
1299 2725 1556 2790 longitudo
1594 2728 1745 2775 totius
1791 2726 2002 2777 ambitus
2052 2730 2101 2776 in
2146 2728 2316 2778 eadem
2354 2742 2491 2778 men-

914 2813 1056 2848 sura:
1115 2798 1196 2847 vel
1247 2813 1307 2848 ex
1357 2804 1475 2848 nota
1523 2798 1756 2848 distantia
1804 2800 2028 2849 binorum
2075 2800 2319 2863 locorum,
2379 2807 2491 2852 tan-

915 2885 1067 2934 quam
1106 2886 1166 2920 ex
1204 2871 1314 2920 basi
1367 2871 1624 2935 trianguli,
1677 2877 1726 2921 et
1769 2886 1829 2921 ex
1880 2874 2086 2936 cognitis
2136 2874 2353 2938 angulis,
2405 2887 2492 2939 per
2533 2926 2544 2935 ,

920 2945 1219 3008 geometrica
1280 2949 1541 3009 praecepta
1601 2950 1910 3008 computatur
1968 2945 2224 3010 longitudo
2287 2946 2490 2997 duorum
2533 2974 2537 2978 >

918 3031 1110 3066 crurum
1172 3031 1261 3066 seu
1337 3017 1576 3068 linearum
1639 3033 1670 3066 a
1730 3017 2090 3082 perpendiculis
2152 3019 2213 3069 ad
2276 3025 2490 3070 centrum

917 3090 1098 3140 Terrae
1154 3092 1432 3140 coe'untium
1450 3128 1467 3156 ,
1527 3104 1653 3154 quae
1715 3097 1790 3140 est
1846 3092 2093 3154 quantitas
2148 3091 2490 3143 semidiametri

920 3162 1115 3214 Terrae.

1031 3269 1158 3315 Doce
1186 3283 1254 3315 me
1291 3281 1558 3327 processum
1587 3268 1804 3326 exemplo.
1836 3266 1840 3269 ’
1864 3267 2049 3312 Distent
2091 3268 2180 3314 duo
2210 3268 2312 3315 loca
2341 3270 2400 3327 B,
2453 3270 2486 3314 C

916 3333 1181 3380 milliaribus
1214 3336 1240 3380 5
1273 3333 1551 3380 Germanicis
1583 3331 1917 3391 communibus,
1947 3334 1986 3378 B
2017 3347 2162 3391 mons,
2197 3334 2230 3380 C
2261 3349 2357 3381 arx.
2417 3335 2490 3380 In·

916 3404 1079 3444 ventus
1119 3401 1180 3444 sit
1219 3405 1372 3447 autem
1409 3400 1604 3458 angulus
1641 3400 1700 3445 ad
1729 3400 1767 3444 B
1797 3400 1844 3444 in
1874 3406 2026 3444 monte
2056 3400 2136 3447 89⁰
2164 3402 2253 3459 46¹,
2295 3401 2410 3448 alter
2444 3402 2490 3447 in

918 3476 1021 3508 arce
1054 3466 1086 3510 O
1117 3467 1200 3512 89ο
1230 3469 1315 3512 55¹.
1376 3467 1470 3514 Erit
1507 3467 1646 3524 igitur
1675 3464 1867 3523 angulus
1897 3465 2017 3510 BAC
2048 3466 2100 3510 Οο
2136 3467 2217 3523 19’,
2262 3481 2364 3512 cum
2401 3467 2492 3513 sint

918 3529 963 3572 in
995 3535 1190 3585 quatuor
1233 3532 1371 3578 rectis
1413 3532 1589 3589 angulis
1620 3532 1729 3578 360υ
1767 3543 1848 3576 sen
1890 3530 2064 3576 minuta
2100 3530 2258 3578 21‘600.
2320 3531 2492 3589 Quodsi

256 3621 261 3626 -
857 3609 862 3614 ·
918 3607 1025 3651 pars
1056 3596 1249 3641 ambitus
1282 3597 1451 3644 Terrae
1480 3599 1601 3643 inter
1630 3602 1828 3643 montem
1861 3601 1907 3641 et
1937 3609 2110 3653 arcem,
2153 3610 2271 3654 quae
2303 3602 2374 3643 est
2403 3597 2490 3655 19¹,
2527 3602 2533 3610 ‘

234 3663 354 3708 valet-
399 3662 609 3708 milliaria
653 3662 679 3706 5
724 3660 845 3706 illius
891 3660 1001 3716 loci,
1047 3673 1155 3718 ergo
1198 3663 1337 3709 totius
1382 3664 1577 3711 ambitus
1625 3663 1786 3711 21600‘
1829 3662 2046 3708 valebunt
2087 3662 2295 3708 milliaria
2334 3662 2490 3719 hujus·

233 3729 355 3775 modi
384 3729 512 3774 5684.
578 3730 582 3735 ’

536 3570 573 3606 ,Δ
