2554 4140
181 85 281 133 682
815 106 817 109 f
936 58 1222 124 'Tabularum
1253 79 1642 136 Rudolphinarum

174 227 323 278 nulla.
401 227 526 277 Nam
553 226 646 274 hoc
670 224 816 273 modo
846 225 1071 274 America
1107 239 1232 288 pene
1273 230 1390 285 tota,
1431 231 1479 273 et
1505 229 1700 280 omnino
1739 244 1837 291 qua
1862 234 1979 278 nota
2018 234 2065 277 et
2091 228 2238 290 culta,
2277 244 2425 292 repu-

160 307 308 349 tatur
344 300 460 347 mihi
501 297 838 358 occidentalis,
880 299 1181 359 excurritque
1221 299 1412 345 nonnisi
1451 301 1822 349 remotissimum
1862 301 1967 364 ejus
2005 301 2119 349 litus
2158 301 2285 349 ultra
2321 317 2427 350 me-

179 373 419 420 ridianum
458 369 742 434 antipodum
780 372 827 416 in
866 369 1271 431 hemisphaerium
1314 370 1563 430 orientale,
1605 372 1834 433 quo-loco
1872 389 1980 422 rara
2019 380 2104 422 aut
2130 373 2265 422 nulla
2302 376 2428 422 vici-

179 458 349 492 norum
402 444 525 490 inter
578 456 630 490 se
677 442 882 490 limitum
929 445 1230 491 commercia.
1309 443 1539 490 Vicissim
1577 457 1707 492 nova
1747 444 1949 506 Guinea‚
2006 452 2157 495 terrae
2196 447 2422 494 australis

177 518 298 564 forte
338 529 465 577 pars,
508 528 606 562 una
644 528 751 562 cum
791 515 961 563 insulis
988 515 1284 564 Salomoniis
1323 529 1528 576 cumque
1554 515 1768 578 Japonia
1803 521 2097 580 recipiuntur
2137 521 2262 566 intra
2299 519 2430 566 limi-

175 595 272 636 tem
310 586 652 652 hemisphaerii
692 587 967 650 orientaliS,
1010 602 1160 650 usque
1199 587 1260 635 ad
1299 587 1516 635 Paxaros
1570 589 1669 636 fere
1720 589 1924 638 insulam
1983 599 2030 640 et
2070 594 2263 640 omniuo
2305 605 2430 653 quo-

178 675 335 722 usque
386 667 556 708 notum
609 665 682 707 est
730 661 927 723 aliquid
969 661 1027 709 de
1080 666 1207 708 terra
1255 660 1477 726 australi.x
1549 660 1863 710 Habitatores
1912 665 2077 726 itaque
2124 665 2426 724 continentis,

178 736 261 796 qui
301 733 479 781 tabulis
519 738 566 781 et
602 748 782 796 mappa
820 734 912 782 hac
952 739 1157 790 utentur,
1205 732 1464 780 locationis
1502 735 1548 780 in
1578 749 1637 782 ea
1660 748 1780 781 suae
1818 737 1934 782 certi
1972 742 2202 799 extraque
2239 739 2431 800 pericu-

173 806 275 854 lum
314 807 484 854 erroris
513 811 637 865 sunt,
678 809 852 868 ut'qui
891 807 1120 854 rarissimi
1160 805 1477 854 meridianum
1504 806 1634 855 hunc
1672 806 1958 869 antipodum
1996 816 2267 857 nostrorum
2306 809 2431 857 ultro

175 880 389 941 citroque
428 883 691 926 transeunt.
2008 875 2012 878 ’

318 951 527 1000 Praec.
573 952 655 1000 60.
732 951 1035 1013 Navigantes
1075 964 1190 998 vero
1231 965 1467 999 oceanum
1493 951 1772 1012 australem,
1812 950 1905 1000 Sur
1939 951 2133 1015 dictum,
2175 968 2263 1003 seu
2299 969 2432 1004 mare

172 1023 451 1088 pacificum,
491 1026 817 1084 meminerint,
872 1025 1063 1086 quoties
1101 1038 1188 1072 seu
1226 1025 1342 1072 navi
1380 1039 1467 1072 seu
1507 1025 1812 1086 cogitatione.
1843 1025 2022 1074 limites
2062 1026 2152 1074 hos
2191 1029 2432 1076 transive-

172 1100 301 1158 rint„
336 1112 388 1146 se
426 1111 525 1144 uua
562 1099 848 1146 transivisse
902 1097 1250 1145 numerationis
1288 1097 1467 1145 limites
1518 1111 1682 1144 secum
1721 1096 1944 1158 adlatae,
1999 1113 2154 1161 eoque
2206 1100 2433 1162 amplecti

174 1170 362 1219 debere,
391 1171 774 1218 numerationem
814 1170 919 1232 ejus
958 1169 1328 1232 hemisphaerii,
1368 1172 1416 1217 in
1458 1169 1588 1232 quod
1629 1169 1942 1220 devenerunt.
2024 1170 2166 1232 Quod
2206 1173 2333 1220 enim
2372 1187 2433 1220 ex

173 1243 253 1304 his
301 1242 482 1290 tabulis
537 1234 781 1305 colligitur
831 1244 1161 1306 appariturum
1213 1246 1261 1290 in
1299 1241 1517 1305 Japonia
1566 1243 1645 1291 vel
1690 1241 1928 1291 Moluccis
1980 1243 2056 1292 die
2097 1246 2185 1293 20.
2238 1247 2432 1305 0100010,
2496 1263 2510 1269 ’

174 1317 507 1364 numeratione
531 1322 703 1376 -aucta,
744 1316 793 1364 id
825 1318 1083 1364 ‘venientes
1123 1329 1181 1364 00
1222 1315 1465 1364 classibus
1498 1310 1799 1364 Americanis
1840 1331 1900 1364 ex
1939 1318 2148 1378 oriente,
2197 1317 2435 1366 videbunt

175 1389 251 1436 die
297 1390 375 1436 19.
418 1390 764 1436 numerationis
805 1403 922 1438 suae
964 1387 1256 1449 diminutae,
1315 1390 1356 1435 si
1395 1388 1501 1450 ejus
1549 1391 1721 1437 seriem
1773 1390 2053 1438 continuare
2096 1389 2294 1438 vellent.
2371 1390 2434 1438 Et

173 1462 485 1521 vicissim,‹si
509 1461 755 1510 Panamae
794 1463 841 1508 in
870 1462 1095 1510 America
1132 1460 1451 1524 plenilunium
1491 1467 1564 1509 est
1600 1461 1828 1520 futurum,
1868 1461 2110 1511 indicibus
2148 1463 2222 1511 his
2250 1462 2431 1511 tabulis

174 1540 222 1583 et
259 1548 437 1596 mappa
478 1536 561 1581 22.
589 1533 767 1595 Martii,
808 1534 1050 1593 sabbatho
1090 1540 1203 1582 ante
1242 1534 1440 1596 pascha,
1482 1535 1621 1581 navis
1661 1548 1720 1582 ex
1747 1533 2036 1597 Philippinis
2076 1536 2137 1583 ab
2177 1535 2429 1594 occidente

173 1607 275 1655 scil.
325 1606 564 1655 advolans
617 1607 856 1668 censebit,
912 1606 1085 1656 eadem
1134 1615 1302 1655 nostra
1350 1622 1528 1669 mappa
1568 1607 1952 1667 manuducente,
2006 1607 2132 1656 diem
2181 1608 2437 1670 plenilunii

174 1694 278 1728 esse
300 1681 384 1730 23.
412 1679 575 1728 Martii
597 1686 644 1728 et
668 1680 838 1742 feriam
866 1680 902 1740 I,
931 1694 1017 1729 seu
1043 1681 1351 1728 Dominicam
1377 1681 1724 1728 numerationis
1754 1694 1887 1741 suae,
1928 1680 2039 1729 inde
2086 1695 2115 1728 a
2141 1680 2435 1744 Philippinis

175 1754 500 1801 continuatae.
576 1752 749 1815 Itaque
789 1753 990 1801 dimissa
1029 1755 1362 1801 numeratione
1402 1767 1521 1800 suae
1560 1755 1746 1815 patriae
1772 1759 1931 1814 aucta,
1973 1755 2174 1802 transire
2204 1753 2348 1802 debet
2387 1756 2434 1800 in

172 1826 556 1874 numerationem
584 1826 837 1875 Americae
867 1826 1168 1874 diminutam.
1245 1825 1301 1873 Id
1328 1824 1451 1874 adeo
1479 1839 1689 1887 aequum
1717 1831 1803 1885 est,
1844 1839 1939 1874 non
1963 1827 2088 1875 enim
2108 1832 2278 1888 portus
2316 1827 2434 1876 navi

178 1897 365 1947 volanti
403 1898 721 1961 proficiscitur
761 1901 973 1959 obviam,
1016 1898 1101 1948 sed
1134 1899 1273 1947 navis
1314 1900 1362 1946 in
1387 1904 1580 1961 portum
1618 1898 1726 1946 1000
1768 1899 2066 1947 immobilem
2106 1898 2363 1948 invehitur.

318 1971 533 2020 Praec.
579 1973 660 2020 61.
738 1970 868 2021 Usus
909 1978 1072 2021 autem
1112 1979 1160 2020 et
1197 1980 1405 2034 mappae
1445 1978 1493 2019 ct
1531 1973 1680 2019 totius
1720 1970 1842 2020 adeo
1884 1973 2045 2034 operis
2086 1971 2256 2020 harum
2297 1972 2432 2021 tabb.
2504 2019 2515 2030 x

173 2046 462 2107 praecipuus
502 2050 576 2093 est
613 2047 720 2094 iste.
799 2045 926 2107 Quia
964 2044 1218 2094 meridiani
1258 2046 1306 2091 in
1346 2053 1525 2106 mappa
1565 2043 1927 2106 distinguuntur
1964 2045 2126 2106 horiS,
2173 2046 2309 2093 initio
2347 2059 2438 2107 ge-

174 2119 306 2165 mino
346 2118 407 2165 ab
436 2115 788 2181 Uraniburgico
814 2120 972 2179 facte,
1016 2118 1240 2170 observet
1281 2131 1394 2179 ergo
1433 2116 1728 2180 gubernator
1767 2116 1970 2179 eclipsin
2006 2117 2222 2180 aliquam
2248 2118 2434 2178 Lunae,

183 2197 268 2239 aut
308 2190 588 2238 distantiam
638 2191 743 2253 ejus
785 2206 815 2239 a
853 2190 996 2239 stella
1032 2196 1177 2250 nota,
1219 2189 1475 2238 insidiatus
1516 2191 1584 2250 ei,
1627 2203 1734 2237 eum
1777 2203 2010 2237 cornuum
2053 2192 2282 2239 acumina
2321 2198 2434 2238 sunt

183 2265 232 2310 in
274 2262 445 2310 eodem
484 2263 858 2328 perpendiculo,
901 2270 1016 2312 tunc
1054 2265 1179 2311 enim
1220 2269 1293 2311 est
1330 2264 1376 2308 in
1418 2263 1736 2324 nonagesimo
1777 2262 1931 2323 gradu
1970 2263 2032 2311 ab
2074 2270 2212 2322 ortu,
2269 2277 2437 2324 carens

174 2335 493 2398 longitudinis
548 2336 801 2399 parallaxi.
880 2337 982 2384 Aut
1034 2336 1261 2384 observet
1315 2349 1628 2397 congressum
1669 2334 1838 2383 Lunae
1887 2350 1995 2383 cum
2034 2334 2262 2398 planeta,
2321 2337 2439 2398 quia

145 2408 226 2455 ‘hi
262 2409 418 2470 magis
457 2415 568 2457 sunt
607 2411 855 2472 conspicui
894 2424 984 2458 nec
1022 2407 1242 2470 indigent
1279 2409 1627 2469 instrument03
1677 2407 1821 2455 simul
1860 2413 1908 2456 et
1945 2408 2113 2456 horam
2165 2423 2196 2457 a
2235 2407 2435 2457 meridie

177 2482 530 2549 observationis
570 2489 737 2531 exacte
777 2487 990 2531 annotet.
1067 2480 1258 2529 Deinde
1294 2479 1428 2543 quod
1468 2479 1775 2529 observando
1816 2480 2160 2543 deprehendit,
2203 2481 2250 2528 id
2293 2483 2440 2530 etiam

178 2560 425 2616 computet
464 2569 522 2603 ex
560 2554 635 2602 his
675 2555 868 2616 tabuliS,
911 2570 1008 2617 qua
1045 2554 1166 2602 hora
1205 2556 1266 2601 sit
1305 2554 1637 2616 appariturum
1667 2551 1972 2616 Uraniburgi.
2049 2554 2100 2603 Si
2127 2553 2292 2616 plures
2331 2555 2437 2617 ipse

175 2627 329 2687 horas
360 2629 615 2675 annotavit
652 2642 799 2690 quam
839 2623 1194 2690 computantur,
1235 2625 1438 2675 totidem
1476 2627 1607 2674 horis
1649 2632 1723 2674 est
1762 2628 1808 2672 in
1838 2628 2037 2686 oriente,
2078 2629 2119 2674 si
2159 2628 2435 2689 paucioreS‚

176 2702 223 2747 in
251 2698 515 2750 occidente.
579 2700 640 2748 Et
666 2703 811 2763 igitur
836 2715 1061 2754 numerus
1089 2700 1313 2748 horarum
1341 2699 1488 2761 hujus
1517 2698 1832 2759 differentiae,
1874 2701 2124 2761 quaesitus
2151 2700 2211 2749 Vin
2240 2714 2435 2762 mappa,

179 2771 403 2821 ostendet
440 2772 785 2834 meridianum,
839 2775 929 2822 sub
971 2788 1068 2836 quo
1108 2773 1236 2821 facta
1275 2773 1338 2819 sit
1377 2773 1673 2836 observatio.
1755 2770 1942 2832 Quodsi
1982 2777 2097 2821 tunc
2136 2774 2290 2820 navis.
2318 2786 2434 2834 por-

177 2852 279 2893 tum
329 2846 541 2907 aliquem
594 2847 800 2907 obtinet,
846 2847 951 2909 jam
1003 2851 1147 2894 antea
1185 2845 1398 2892 locatum
1436 2845 1485 2891 in
1524 2844 1728 2906 mappis,
1783 2843 1857 2891 vel
1898 2845 2008 2891 aliis
2064 2845 2140 2893 vel
2179 2845 2277 2893 hac
2312 2846 2435 2907 ipsa,

177 2918 320 2966 fidem
358 2918 470 2966 inde
509 2933 715 2982 mappae
755 2921 881 2968 circa
919 2919 1080 2968 locum
1118 2917 1266 2966 talem
1305 2918 1482 2979 poterit
1511 2917 1776 2980 explorare,
1817 2931 2142 2979 mappamque
2181 2918 2263 2966 ubi
2290 2917 2436 2966 fuerit

181 3005 302 3053 opus
340 2993 590 3053 corrigere,
632 2994 911 3054 praesertim
950 2994 1003 3040 si„
1030 2990 1193 3054 plures
1231 2989 1510 3052 hujusmodi
1551 2990 1918 3037 observationes
1967 2986 2140 3037 eodem
2180 2993 2431 3053 conspira-

179 3065 350 3111 verint.
427 3064 530 3111 Etsi
582 3067 708 3113 enim
757 3066 926 3126 negari
974 3079 1070 3113 non
1116 3069 1303 3125 potest,
1358 3065 1472 3124 quin
1525 3061 1692 3124 aliqua
1738 3063 1952 3110 motibus
1989 3061 2241 3110 lunaribus
2281 3065 2432 3111 inter-

183 3136 347 3183 veniat
384 3137 735 3199 inaequalitaS,
793 3140 855 3186 ob
895 3152 1040 3200 quam
1080 3136 1148 3183 illi
1187 3135 1405 3197 regulam
1444 3149 1669 3197 respuere
1710 3134 1964 3198 videntur,
2006 3149 2161 3196 usque
2203 3134 2265 3183 ad
2307 3150 2436 3197 qua-

183 3206 375 3254 drantes
410 3208 635 3258 horarum
676 3212 884 3270 circiter,
938 3217 1102 3258 tamen
1142 3208 1213 3268 id,
1266 3214 1318 3255 ut
1371 3223 1430 3255 ex
1470 3210 1628 3256 causis
1668 3207 1882 3271 physicis
1930 3207 2223 3269 profectum,
2280 3209 2436 3256 rarius

182 3276 398 3328 accidere
437 3280 585 3342 solet,
636 3298 791 3346 eoque
831 3283 972 3347 plura
1026 3283 1106 3331 hic
1157 3286 1274 3329 vota
1325 3286 1493 3329 contra
1531 3296 1676 3329 unam
1701 3296 1703 3298 ·
1729 3281 1807 3328 vel
1846 3279 2050 3329 alteram
2092 3282 2433 3330 enormitatem

184 3350 347 3399 valere
386 3353 502 3399 citra
539 3357 806 3414 periculum
845 3357 1017 3405 erroris
1054 3359 1276 3418 possunt.

329 3423 488 3485 Caput
525 3425 695 3479 XV11.
767 3429 854 3477 De
893 3427 1270 3477 reductione
1323 3440 1644 3484 annorum,
1702 3426 2007 3473 mensium
2060 3429 2118 3472 et
2176 3423 2430 3486 dierum,

186 3496 291 3558 qui
329 3496 490 3562 apud
517 3498 675 3546 alias
713 3503 1014 3550 nationes
1054 3503 1112 3547 in
1152 3513 1268 3547 usu
1305 3505 1456 3546 sunt
1494 3498 1592 3546 vel
1620 3498 1905 3555 fuerunt,
1948 3496 2020 3545 ad
2046 3511 2250 3546 annos
2288 3503 2432 3547 ante

186 3574 244 3617 et
279 3574 416 3630 post
455 3567 771 3618 Christum
808 3572 1008 3635 adque
1049 3572 1209 3632 (1100,
1261 3585 1514 3619 menses
1566 3577 1627 3619 et
1665 3584 1866 3617 annos
1905 3568 2238 3629 Julianos‚
2296 3572 2432 3631 qui-
2482 3598 2486 3603 ι

186 3643 300 3690 bus
351 3640 464 3689 hae
504 3641 772 3691 ‘tabulae
823 3651 965 3693 sunt
1005 3643 1542 3694 accommodatae.
1618 3642 1677 3701 In
1725 3642 1815 3689 hos
1854 3655 1969 3688 usus
2017 3642 2224 3690 exhibeo
2272 3644 2427 3705 primo

186 3715 422 3777 synopsin
460 3727 679 3761 aerarum
706 3718 800 3773 (vol.
834 3723 907 3764 IV.
947 3734 992 3771 p.
1023 3721 1160 3777 505.)‚
1203 3713 1261 3783 2)
1304 3715 1522 3764 tabulam
1549 3714 1844 3763 reductionis
1871 3719 1919 3760 et
1949 3716 2278 3764 conversionis
2304 3720 2430 3763 tem-

187 3800 362 3850 porum
400 3785 832 3848 Gregorianorum,
874 3787 1212 3852 Julianorum‚
1254 3779 1689 3856 Aegyptiacorum,
1731 3786 2061 3852 Persicorum,
2107 3786 2428 3842 Arabicorum
