<?xml version="1.0" encoding="UTF-8"?>
<!DOCTYPE html PUBLIC "-//W3C//DTD XHTML 1.0 Transitional//EN"
    "http://www.w3.org/TR/xhtml1/DTD/xhtml1-transitional.dtd">
<html xmlns="http://www.w3.org/1999/xhtml" xml:lang="en" lang="en">
 <head>
  <title>
</title>
<meta http-equiv="Content-Type" content="text/html;charset=utf-8" />
  <meta name='ocr-system' content='tesseract 3.04.00' />
  <meta name='ocr-capabilities' content='ocr_page ocr_carea ocr_par ocr_line ocrx_word'/>
</head>
<body>
  <div class='ocr_page' id='page_1' title='image "./operaomniaedidit06kepluoft/operaomniaedidit06kepluoft_0629.png"; bbox 0 0 2554 4140; ppageno 0'>
   <div class='ocr_carea' id='block_1_1' title="bbox 0 0 42 875">
    <p class='ocr_par' dir='ltr' id='par_1_1' title="bbox 0 0 42 875">
     <span class='ocr_line' id='line_1_1' title="bbox 0 0 42 875; baseline 0 0"><span class='ocrx_word' id='word_1_1' title='bbox 0 0 42 875; x_wconf 95' lang='lat' dir='ltr'> </span> 
     </span>
    </p>
   </div>
   <div class='ocr_carea' id='block_1_2' title="bbox 0 792 3 1767">
    <p class='ocr_par' dir='ltr' id='par_1_2' title="bbox 0 792 3 1767">
     <span class='ocr_line' id='line_1_2' title="bbox 0 792 3 1767; baseline 0 0"><span class='ocrx_word' id='word_1_2' title='bbox 0 792 3 1767; x_wconf 95' lang='lat' dir='ltr'> </span> 
     </span>
    </p>
   </div>
   <div class='ocr_carea' id='block_1_3' title="bbox 18 1446 42 1803">
    <p class='ocr_par' dir='ltr' id='par_1_3' title="bbox 17 1446 42 1803">
     <span class='ocr_line' id='line_1_3' title="bbox 18 1446 42 1803; textangle 90"><span class='ocrx_word' id='word_1_3' title='bbox 19 1591 42 1803; x_wconf 25' lang='lat' dir='ltr'>“fist-2:</span> <span class='ocrx_word' id='word_1_4' title='bbox 18 1446 34 1478; x_wconf 49' lang='lat' dir='ltr'>‘a</span> 
     </span>
    </p>
   </div>
   <div class='ocr_carea' id='block_1_4' title="bbox 16 1986 50 2471">
    <p class='ocr_par' dir='ltr' id='par_1_4' title="bbox 16 1986 50 2471">
     <span class='ocr_line' id='line_1_4' title="bbox 16 1986 50 2471; textangle 90"><span class='ocrx_word' id='word_1_5' title='bbox 16 1986 50 2471; x_wconf 46' lang='grc' dir='ltr'>ατε-Ὓψ</span> 
     </span>
    </p>
   </div>
   <div class='ocr_carea' id='block_1_5' title="bbox 21 3079 61 3259">
    <p class='ocr_par' dir='ltr' id='par_1_5' title="bbox 21 3079 61 3259">
     <span class='ocr_line' id='line_1_5' title="bbox 21 3164 57 3259; textangle 90"><span class='ocrx_word' id='word_1_6' title='bbox 21 3164 57 3259; x_wconf 52' lang='lat'><strong>-.31³</strong></span> 
     </span>
     <span class='ocr_line' id='line_1_6' title="bbox 47 3079 61 3243; textangle 90"><span class='ocrx_word' id='word_1_7' title='bbox 54 3226 61 3243; x_wconf 43' lang='lat' dir='ltr'>r,</span> <span class='ocrx_word' id='word_1_8' title='bbox 47 3079 61 3181; x_wconf 47' lang='lat'>&#39;3⁵&#39;-</span> 
     </span>
    </p>
   </div>
   <div class='ocr_carea' id='block_1_6' title="bbox 34 3248 66 3413">
    <p class='ocr_par' dir='ltr' id='par_1_6' title="bbox 34 3248 66 3413">
     <span class='ocr_line' id='line_1_7' title="bbox 34 3248 66 3413; textangle 90"><span class='ocrx_word' id='word_1_9' title='bbox 34 3361 66 3413; x_wconf 51' lang='lat'>*⁴⁴*-</span> <span class='ocrx_word' id='word_1_10' title='bbox 44 3248 64 3318; x_wconf 53' lang='lat' dir='ltr'>‘Qu-&#39;-</span> 
     </span>
    </p>
   </div>
   <div class='ocr_carea' id='block_1_7' title="bbox 0 3306 3 4016">
    <p class='ocr_par' dir='ltr' id='par_1_7' title="bbox 0 3306 3 4016">
     <span class='ocr_line' id='line_1_8' title="bbox 0 3306 3 4016; baseline 0 0"><span class='ocrx_word' id='word_1_11' title='bbox 0 3306 3 4016; x_wconf 95' lang='lat' dir='ltr'> </span> 
     </span>
    </p>
   </div>
   <div class='ocr_carea' id='block_1_8' title="bbox 152 1140 2427 2236">
    <p class='ocr_par' dir='ltr' id='par_1_8' title="bbox 153 1140 2427 1646">
     <span class='ocr_line' id='line_1_9' title="bbox 302 1140 2427 1208; baseline 0.004 -19"><span class='ocrx_word' id='word_1_12' title='bbox 302 1141 551 1205; x_wconf 88' lang='lat' dir='ltr'>Keplerus</span> <span class='ocrx_word' id='word_1_13' title='bbox 589 1143 639 1188; x_wconf 92' lang='lat' dir='ltr'>in</span> <span class='ocrx_word' id='word_1_14' title='bbox 678 1140 1038 1191; x_wconf 85' lang='lat' dir='ltr'>introductione</span> <span class='ocrx_word' id='word_1_15' title='bbox 1076 1141 1140 1190; x_wconf 89' lang='lat' dir='ltr'>ad</span> <span class='ocrx_word' id='word_1_16' title='bbox 1177 1142 1356 1191; x_wconf 88' lang='lat' dir='ltr'>librum</span> <span class='ocrx_word' id='word_1_17' title='bbox 1405 1144 1612 1206; x_wconf 85' lang='lat' dir='ltr'>primum</span> <span class='ocrx_word' id='word_1_18' title='bbox 1651 1143 1903 1208; x_wconf 88' lang='lat' dir='ltr'>Epitomes</span> <span class='ocrx_word' id='word_1_19' title='bbox 1940 1143 2287 1196; x_wconf 89' lang='lat' dir='ltr'>Astronomiae</span> <span class='ocrx_word' id='word_1_20' title='bbox 2327 1147 2427 1196; x_wconf 87' lang='lat' dir='ltr'>Co-</span> 
     </span>
     <span class='ocr_line' id='line_1_10' title="bbox 154 1214 2424 1281; baseline 0.003 -17"><span class='ocrx_word' id='word_1_21' title='bbox 154 1216 445 1279; x_wconf 87' lang='lat' dir='ltr'>pernicanae</span> <span class='ocrx_word' id='word_1_22' title='bbox 484 1215 609 1263; x_wconf 87' lang='lat' dir='ltr'>haee</span> <span class='ocrx_word' id='word_1_23' title='bbox 649 1214 709 1263; x_wconf 92' lang='lat' dir='ltr'>de</span> <span class='ocrx_word' id='word_1_24' title='bbox 748 1214 956 1263; x_wconf 84' lang='lat' dir='ltr'><strong>Tabulis</strong></span> <span class='ocrx_word' id='word_1_25' title='bbox 996 1218 1335 1265; x_wconf 80' lang='lat' dir='ltr'><strong>astronomicis</strong></span> <span class='ocrx_word' id='word_1_26' title='bbox 1376 1217 1518 1266; x_wconf 88' lang='lat' dir='ltr'>dicit:</span> <span class='ocrx_word' id='word_1_27' title='bbox 1548 1255 1560 1267; x_wconf 89' lang='lat'><strong>.</strong></span> <span class='ocrx_word' id='word_1_28' title='bbox 1589 1253 1600 1266; x_wconf 93' lang='lat'>.</span> <span class='ocrx_word' id='word_1_29' title='bbox 1629 1253 1641 1265; x_wconf 85' lang='lat'><strong>.</strong></span> <span class='ocrx_word' id='word_1_30' title='bbox 1670 1221 1716 1267; x_wconf 70' lang='lat'>.‘⁴</span> <span class='ocrx_word' id='word_1_31' title='bbox 1757 1218 2029 1281; x_wconf 87' lang='lat' dir='ltr'>cujusmodi</span> <span class='ocrx_word' id='word_1_32' title='bbox 2065 1225 2180 1268; x_wconf 90' lang='lat' dir='ltr'>sunt</span> <span class='ocrx_word' id='word_1_33' title='bbox 2203 1219 2424 1270; x_wconf 85' lang='lat' dir='ltr'>Tabulae</span> 
     </span>
     <span class='ocr_line' id='line_1_11' title="bbox 153 1287 2425 1354; baseline 0.002 -17"><span class='ocrx_word' id='word_1_34' title='bbox 153 1288 441 1349; x_wconf 84' lang='lat' dir='ltr'><strong>Ptolemaei,</strong></span> <span class='ocrx_word' id='word_1_35' title='bbox 483 1302 608 1351; x_wconf 90' lang='lat' dir='ltr'>quas</span> <span class='ocrx_word' id='word_1_36' title='bbox 647 1287 966 1337; x_wconf 85' lang='lat' dir='ltr'>emendarunt</span> <span class='ocrx_word' id='word_1_37' title='bbox 1005 1295 1117 1338; x_wconf 88' lang='lat' dir='ltr'>ante</span> <span class='ocrx_word' id='word_1_38' title='bbox 1147 1291 1253 1338; x_wconf 87' lang='lat'>400</span> <span class='ocrx_word' id='word_1_39' title='bbox 1278 1303 1432 1338; x_wconf 89' lang='lat' dir='ltr'>annos</span> <span class='ocrx_word' id='word_1_40' title='bbox 1460 1289 1681 1340; x_wconf 82' lang='lat' dir='ltr'>Tabulae</span> <span class='ocrx_word' id='word_1_41' title='bbox 1719 1291 1959 1354; x_wconf 89' lang='lat' dir='ltr'>Alphonsi</span> <span class='ocrx_word' id='word_1_42' title='bbox 2001 1298 2048 1341; x_wconf 88' lang='lat' dir='ltr'>et</span> <span class='ocrx_word' id='word_1_43' title='bbox 2087 1299 2199 1341; x_wconf 88' lang='lat' dir='ltr'>ante</span> <span class='ocrx_word' id='word_1_44' title='bbox 2229 1293 2295 1340; x_wconf 87' lang='grc'>80</span> <span class='ocrx_word' id='word_1_45' title='bbox 2322 1293 2425 1342; x_wconf 89' lang='lat' dir='ltr'>Ta-</span> 
     </span>
     <span class='ocr_line' id='line_1_12' title="bbox 154 1361 2425 1428; baseline 0.002 -17"><span class='ocrx_word' id='word_1_46' title='bbox 154 1362 300 1411; x_wconf 86' lang='lat' dir='ltr'>bulae</span> <span class='ocrx_word' id='word_1_47' title='bbox 340 1361 623 1424; x_wconf 88' lang='lat' dir='ltr'>Copernici,</span> <span class='ocrx_word' id='word_1_48' title='bbox 678 1375 801 1423; x_wconf 88' lang='lat' dir='ltr'>quas</span> <span class='ocrx_word' id='word_1_49' title='bbox 839 1361 1143 1410; x_wconf 89' lang='lat' dir='ltr'>Reinholdus</span> <span class='ocrx_word' id='word_1_50' title='bbox 1192 1364 1461 1412; x_wconf 86' lang='lat' dir='ltr'>exactiores</span> <span class='ocrx_word' id='word_1_51' title='bbox 1513 1365 1907 1428; x_wconf 88' lang='lat' dir='ltr'>copiosioresque</span> <span class='ocrx_word' id='word_1_52' title='bbox 1954 1366 2108 1414; x_wconf 86' lang='lat' dir='ltr'>factas</span> <span class='ocrx_word' id='word_1_53' title='bbox 2155 1365 2425 1428; x_wconf 86' lang='lat' dir='ltr'>appellavit</span> 
     </span>
     <span class='ocr_line' id='line_1_13' title="bbox 154 1432 2424 1501; baseline 0.002 -18"><span class='ocrx_word' id='word_1_54' title='bbox 154 1435 455 1483; x_wconf 88' lang='lat' dir='ltr'>Prutenicas.</span> <span class='ocrx_word' id='word_1_55' title='bbox 535 1432 774 1482; x_wconf 85' lang='lat' dir='ltr'>Omnibus</span> <span class='ocrx_word' id='word_1_56' title='bbox 813 1449 931 1484; x_wconf 84' lang='lat' dir='ltr'>vero</span> <span class='ocrx_word' id='word_1_57' title='bbox 972 1442 1337 1485; x_wconf 84' lang='lat' dir='ltr'>antecessorum</span> <span class='ocrx_word' id='word_1_58' title='bbox 1378 1437 1574 1497; x_wconf 80' lang='lat' dir='ltr'>tabuliS‚</span> <span class='ocrx_word' id='word_1_59' title='bbox 1616 1451 1725 1485; x_wconf 89' lang='lat' dir='ltr'>cum</span> <span class='ocrx_word' id='word_1_60' title='bbox 1765 1434 1994 1487; x_wconf 85' lang='lat' dir='ltr'>erroneae</span> <span class='ocrx_word' id='word_1_61' title='bbox 2034 1441 2145 1500; x_wconf 88' lang='lat' dir='ltr'>sint,</span> <span class='ocrx_word' id='word_1_62' title='bbox 2186 1438 2424 1501; x_wconf 88' lang='lat' dir='ltr'>colopho-</span> 
     </span>
     <span class='ocr_line' id='line_1_14' title="bbox 156 1506 2422 1578; baseline 0.002 -23"><span class='ocrx_word' id='word_1_63' title='bbox 156 1521 265 1556; x_wconf 90' lang='lat' dir='ltr'>nem</span> <span class='ocrx_word' id='word_1_64' title='bbox 315 1509 563 1571; x_wconf 88' lang='lat' dir='ltr'>imponere</span> <span class='ocrx_word' id='word_1_65' title='bbox 601 1506 897 1570; x_wconf 86' lang='lat' dir='ltr'>pollicentur</span> <span class='ocrx_word' id='word_1_66' title='bbox 946 1508 1228 1558; x_wconf 85' lang='lat' dir='ltr'>Tabulae</span> <span class='ocrx_word' id='word_1_67' title='bbox 1269 1509 1742 1573; x_wconf 84' lang='lat' dir='ltr'>Rudolphinae,</span> <span class='ocrx_word' id='word_1_68' title='bbox 1795 1513 1865 1560; x_wconf 88' lang='lat' dir='ltr'>sic</span> <span class='ocrx_word' id='word_1_69' title='bbox 1901 1511 2200 1575; x_wconf 86' lang='lat' dir='ltr'>indigetatae</span> <span class='ocrx_word' id='word_1_70' title='bbox 2239 1528 2270 1561; x_wconf 89' lang='lat' dir='ltr'>a</span> <span class='ocrx_word' id='word_1_71' title='bbox 2307 1512 2422 1578; x_wconf 84' lang='lat' dir='ltr'>Ty-</span> 
     </span>
     <span class='ocr_line' id='line_1_15' title="bbox 157 1580 1896 1646; baseline 0.002 -15"><span class='ocrx_word' id='word_1_72' title='bbox 157 1581 355 1631; x_wconf 84' lang='lat' dir='ltr'>chone</span> <span class='ocrx_word' id='word_1_73' title='bbox 394 1580 649 1629; x_wconf 90' lang='lat' dir='ltr'>Braheo</span> <span class='ocrx_word' id='word_1_74' title='bbox 690 1581 1012 1644; x_wconf 88' lang='lat' dir='ltr'>affectaeque‚</span> <span class='ocrx_word' id='word_1_75' title='bbox 1055 1596 1181 1644; x_wconf 87' lang='lat' dir='ltr'>quae</span> <span class='ocrx_word' id='word_1_76' title='bbox 1219 1596 1348 1632; x_wconf 89' lang='lat' dir='ltr'>nunc</span> <span class='ocrx_word' id='word_1_77' title='bbox 1374 1583 1532 1632; x_wconf 89' lang='lat' dir='ltr'>lucem</span> <span class='ocrx_word' id='word_1_78' title='bbox 1561 1586 1896 1646; x_wconf 86' lang='lat' dir='ltr'>exspectant.“</span> 
     </span>
    </p>

    <p class='ocr_par' dir='ltr' id='par_1_9' title="bbox 152 1653 2422 2236">
     <span class='ocr_line' id='line_1_16' title="bbox 296 1653 2420 1722; baseline 0.002 -20"><span class='ocrx_word' id='word_1_79' title='bbox 296 1654 439 1703; x_wconf 88' lang='lat' dir='ltr'>Hanc</span> <span class='ocrx_word' id='word_1_80' title='bbox 476 1653 752 1703; x_wconf 89' lang='lat' dir='ltr'>tabularum</span> <span class='ocrx_word' id='word_1_81' title='bbox 790 1658 1119 1716; x_wconf 84' lang='lat' dir='ltr'>praestantiae</span> <span class='ocrx_word' id='word_1_82' title='bbox 1158 1655 1368 1718; x_wconf 91' lang='lat' dir='ltr'>laudem,</span> <span class='ocrx_word' id='word_1_83' title='bbox 1410 1671 1533 1719; x_wconf 89' lang='lat' dir='ltr'>quas</span> <span class='ocrx_word' id='word_1_84' title='bbox 1571 1659 1675 1721; x_wconf 88' lang='lat' dir='ltr'>ipse</span> <span class='ocrx_word' id='word_1_85' title='bbox 1714 1657 1777 1706; x_wconf 88' lang='lat' dir='ltr'>ad</span> <span class='ocrx_word' id='word_1_86' title='bbox 1815 1657 1960 1707; x_wconf 92' lang='lat' dir='ltr'>finem</span> <span class='ocrx_word' id='word_1_87' title='bbox 1997 1657 2240 1722; x_wconf 82' lang='lat' dir='ltr'>perduxit,</span> <span class='ocrx_word' id='word_1_88' title='bbox 2279 1657 2420 1721; x_wconf 87' lang='lat' dir='ltr'>Kep-</span> 
     </span>
     <span class='ocr_line' id='line_1_17' title="bbox 154 1724 2419 1796; baseline 0.001 -20"><span class='ocrx_word' id='word_1_89' title='bbox 154 1724 281 1778; x_wconf 88' lang='lat' dir='ltr'>lerus</span> <span class='ocrx_word' id='word_1_90' title='bbox 318 1729 424 1776; x_wconf 86' lang='lat' dir='ltr'>sine</span> <span class='ocrx_word' id='word_1_91' title='bbox 463 1728 771 1789; x_wconf 88' lang='lat' dir='ltr'>arrogantiae</span> <span class='ocrx_word' id='word_1_92' title='bbox 812 1730 1008 1777; x_wconf 88' lang='lat' dir='ltr'>crimine</span> <span class='ocrx_word' id='word_1_93' title='bbox 1046 1731 1368 1791; x_wconf 87' lang='lat' dir='ltr'>pronunciare</span> <span class='ocrx_word' id='word_1_94' title='bbox 1405 1732 1593 1792; x_wconf 89' lang='lat' dir='ltr'>potuit,</span> <span class='ocrx_word' id='word_1_95' title='bbox 1647 1733 1764 1793; x_wconf 86' lang='lat' dir='ltr'>quia</span> <span class='ocrx_word' id='word_1_96' title='bbox 1801 1744 2014 1796; x_wconf 84' lang='lat' dir='ltr'>semper,</span> <span class='ocrx_word' id='word_1_97' title='bbox 2073 1745 2181 1779; x_wconf 90' lang='lat' dir='ltr'>cum</span> <span class='ocrx_word' id='word_1_98' title='bbox 2227 1729 2419 1779; x_wconf 89' lang='lat' dir='ltr'>illarum</span> 
     </span>
     <span class='ocr_line' id='line_1_18' title="bbox 157 1800 2422 1867; baseline 0.001 -18"><span class='ocrx_word' id='word_1_99' title='bbox 157 1803 452 1850; x_wconf 90' lang='lat' dir='ltr'>mentionem</span> <span class='ocrx_word' id='word_1_100' title='bbox 490 1801 687 1860; x_wconf 83' lang='lat' dir='ltr'>faceret,</span> <span class='ocrx_word' id='word_1_101' title='bbox 727 1800 1013 1864; x_wconf 89' lang='lat' dir='ltr'>Tychonem</span> <span class='ocrx_word' id='word_1_102' title='bbox 1053 1802 1246 1861; x_wconf 79' lang='lat' dir='ltr'>dicebat</span> <span class='ocrx_word' id='word_1_103' title='bbox 1270 1808 1533 1852; x_wconf 82' lang='lat' dir='ltr'>auctorem.</span> <span class='ocrx_word' id='word_1_104' title='bbox 1611 1803 1734 1852; x_wconf 84' lang='lat' dir='ltr'>Cum</span> <span class='ocrx_word' id='word_1_105' title='bbox 1775 1817 1890 1853; x_wconf 89' lang='lat' dir='ltr'>vero</span> <span class='ocrx_word' id='word_1_106' title='bbox 1929 1805 2114 1867; x_wconf 89' lang='lat' dir='ltr'>passim</span> <span class='ocrx_word' id='word_1_107' title='bbox 2153 1806 2202 1851; x_wconf 91' lang='lat' dir='ltr'>in</span> <span class='ocrx_word' id='word_1_108' title='bbox 2230 1804 2422 1867; x_wconf 89' lang='lat' dir='ltr'>scriptis</span> 
     </span>
     <span class='ocr_line' id='line_1_19' title="bbox 156 1870 2422 1940; baseline 0 -16"><span class='ocrx_word' id='word_1_109' title='bbox 156 1877 256 1924; x_wconf 91' lang='lat' dir='ltr'>suis</span> <span class='ocrx_word' id='word_1_110' title='bbox 306 1874 427 1923; x_wconf 88' lang='lat' dir='ltr'>haec</span> <span class='ocrx_word' id='word_1_111' title='bbox 476 1870 653 1936; x_wconf 84' lang='lat' dir='ltr'>repetit</span> <span class='ocrx_word' id='word_1_112' title='bbox 690 1872 955 1936; x_wconf 88' lang='lat' dir='ltr'>Keplerus,</span> <span class='ocrx_word' id='word_1_113' title='bbox 1006 1889 1104 1922; x_wconf 89' lang='lat' dir='ltr'>non</span> <span class='ocrx_word' id='word_1_114' title='bbox 1154 1874 1435 1938; x_wconf 86' lang='lat' dir='ltr'>planissime</span> <span class='ocrx_word' id='word_1_115' title='bbox 1488 1890 1605 1925; x_wconf 88' lang='lat' dir='ltr'>vera</span> <span class='ocrx_word' id='word_1_116' title='bbox 1653 1876 1783 1925; x_wconf 89' lang='lat' dir='ltr'>dicit.</span> <span class='ocrx_word' id='word_1_117' title='bbox 1865 1875 2186 1925; x_wconf 86' lang='lat' dir='ltr'>Observando</span> <span class='ocrx_word' id='word_1_118' title='bbox 2226 1876 2422 1940; x_wconf 85' lang='lat' dir='ltr'>quidem</span> 
     </span>
     <span class='ocr_line' id='line_1_20' title="bbox 155 1943 2421 2012; baseline 0 -16"><span class='ocrx_word' id='word_1_119' title='bbox 155 1947 374 1996; x_wconf 88' lang='lat' dir='ltr'>Braheus</span> <span class='ocrx_word' id='word_1_120' title='bbox 421 1946 533 2010; x_wconf 90' lang='lat' dir='ltr'>plus</span> <span class='ocrx_word' id='word_1_121' title='bbox 569 1947 796 2009; x_wconf 84' lang='lat' dir='ltr'>profecit,</span> <span class='ocrx_word' id='word_1_122' title='bbox 845 1961 993 2010; x_wconf 87' lang='lat' dir='ltr'>quam</span> <span class='ocrx_word' id='word_1_123' title='bbox 1030 1948 1161 1996; x_wconf 90' lang='lat' dir='ltr'>ullus</span> <span class='ocrx_word' id='word_1_124' title='bbox 1203 1963 1415 2012; x_wconf 89' lang='lat' dir='ltr'>unquam</span> <span class='ocrx_word' id='word_1_125' title='bbox 1455 1955 1842 1998; x_wconf 88' lang='lat' dir='ltr'>astronomorum</span> <span class='ocrx_word' id='word_1_126' title='bbox 1893 1951 2135 2012; x_wconf 87' lang='lat' dir='ltr'>priorum3</span> <span class='ocrx_word' id='word_1_127' title='bbox 2189 1950 2252 1999; x_wconf 89' lang='lat' dir='ltr'>ab</span> <span class='ocrx_word' id='word_1_128' title='bbox 2282 1943 2421 1999; x_wconf 85' lang='lat' dir='ltr'>&#39;anno</span> 
     </span>
     <span class='ocr_line' id='line_1_21' title="bbox 159 2019 2422 2082; baseline 0.001 -14"><span class='ocrx_word' id='word_1_129' title='bbox 159 2022 294 2069; x_wconf 83' lang='lat'>1576</span> <span class='ocrx_word' id='word_1_130' title='bbox 334 2019 398 2069; x_wconf 89' lang='lat' dir='ltr'>ad</span> <span class='ocrx_word' id='word_1_131' title='bbox 435 2034 616 2068; x_wconf 90' lang='lat' dir='ltr'>annum</span> <span class='ocrx_word' id='word_1_132' title='bbox 661 2020 814 2078; x_wconf 86' lang='grc'><strong>1592,</strong></span> <span class='ocrx_word' id='word_1_133' title='bbox 861 2022 993 2070; x_wconf 82' lang='grc'><strong>1594</strong></span> <span class='ocrx_word' id='word_1_134' title='bbox 1038 2021 1100 2069; x_wconf 86' lang='lat' dir='ltr'>ad</span> <span class='ocrx_word' id='word_1_135' title='bbox 1129 2022 1279 2070; x_wconf 58' lang='lat'>*1596</span> <span class='ocrx_word' id='word_1_136' title='bbox 1320 2024 1369 2070; x_wconf 90' lang='lat' dir='ltr'>in</span> <span class='ocrx_word' id='word_1_137' title='bbox 1410 2022 1570 2070; x_wconf 88' lang='lat' dir='ltr'>insula</span> <span class='ocrx_word' id='word_1_138' title='bbox 1607 2022 1834 2082; x_wconf 90' lang='lat' dir='ltr'>Huenna,</span> <span class='ocrx_word' id='word_1_139' title='bbox 1882 2023 2035 2082; x_wconf 87' lang='grc'>1597,</span> <span class='ocrx_word' id='word_1_140' title='bbox 2082 2023 2220 2072; x_wconf 84' lang='grc'><strong>1598</strong></span> <span class='ocrx_word' id='word_1_141' title='bbox 2262 2023 2422 2072; x_wconf 89' lang='lat' dir='ltr'>Wan-</span> 
     </span>
     <span class='ocr_line' id='line_1_22' title="bbox 154 2091 2419 2160; baseline 0.002 -18"><span class='ocrx_word' id='word_1_142' title='bbox 154 2093 397 2156; x_wconf 84' lang='lat' dir='ltr'>desburgi,</span> <span class='ocrx_word' id='word_1_143' title='bbox 444 2094 580 2141; x_wconf 82' lang='lat'>1599</span> <span class='ocrx_word' id='word_1_144' title='bbox 620 2091 684 2141; x_wconf 85' lang='lat' dir='ltr'>ad</span> <span class='ocrx_word' id='word_1_145' title='bbox 728 2094 860 2141; x_wconf 89' lang='lat'>1601</span> <span class='ocrx_word' id='word_1_146' title='bbox 892 2093 1082 2157; x_wconf 87' lang='lat' dir='ltr'>Pragae</span> <span class='ocrx_word' id='word_1_147' title='bbox 1121 2093 1312 2143; x_wconf 90' lang='lat' dir='ltr'>coelum</span> <span class='ocrx_word' id='word_1_148' title='bbox 1353 2097 1580 2144; x_wconf 85' lang='lat' dir='ltr'>continue</span> <span class='ocrx_word' id='word_1_149' title='bbox 1619 2096 1949 2144; x_wconf 88' lang='lat' dir='ltr'>instrumentis</span> <span class='ocrx_word' id='word_1_150' title='bbox 1988 2094 2184 2144; x_wconf 76' lang='lat' dir='ltr'>illorum</span> <span class='ocrx_word' id='word_1_151' title='bbox 2224 2102 2419 2160; x_wconf 88' lang='lat' dir='ltr'>tempo-</span> 
     </span>
     <span class='ocr_line' id='line_1_23' title="bbox 152 2165 2420 2236; baseline 0.002 -22"><span class='ocrx_word' id='word_1_152' title='bbox 152 2182 259 2215; x_wconf 88' lang='lat' dir='ltr'>rum</span> <span class='ocrx_word' id='word_1_153' title='bbox 307 2166 640 2215; x_wconf 82' lang='lat' dir='ltr'>subtilissimis</span> <span class='ocrx_word' id='word_1_154' title='bbox 690 2165 1004 2228; x_wconf 88' lang='lat' dir='ltr'>perlustravit</span> <span class='ocrx_word' id='word_1_155' title='bbox 1066 2173 1114 2216; x_wconf 91' lang='lat' dir='ltr'>et</span> <span class='ocrx_word' id='word_1_156' title='bbox 1168 2168 1430 2218; x_wconf 87' lang='lat' dir='ltr'>observata</span> <span class='ocrx_word' id='word_1_157' title='bbox 1488 2167 1744 2230; x_wconf 85' lang='lat' dir='ltr'>diligenter</span> <span class='ocrx_word' id='word_1_158' title='bbox 1794 2169 1947 2217; x_wconf 87' lang='lat' dir='ltr'>literis</span> <span class='ocrx_word' id='word_1_159' title='bbox 2013 2168 2268 2218; x_wconf 82' lang='lat' dir='ltr'>mandavit</span> <span class='ocrx_word' id='word_1_160' title='bbox 2318 2169 2420 2236; x_wconf 84' lang='lat' dir='ltr'>(cfr.</span> 
     </span>
    </p>
   </div>
   <div class='ocr_carea' id='block_1_9' title="bbox 62 2235 2417 2306">
    <p class='ocr_par' dir='ltr' id='par_1_10' title="bbox 62 2235 2417 2306">
     <span class='ocr_line' id='line_1_24' title="bbox 62 2235 2417 2306; baseline 0.002 -19"><span class='ocrx_word' id='word_1_161' title='bbox 62 2264 70 2269; x_wconf 32' lang='grc' dir='ltr'><em>ι</em></span> <span class='ocrx_word' id='word_1_162' title='bbox 155 2240 251 2288; x_wconf 90' lang='lat' dir='ltr'>vol.</span> <span class='ocrx_word' id='word_1_163' title='bbox 303 2239 342 2288; x_wconf 92' lang='grc' dir='ltr'>Ι.</span> <span class='ocrx_word' id='word_1_164' title='bbox 395 2255 443 2302; x_wconf 92' lang='lat' dir='ltr'>p.</span> <span class='ocrx_word' id='word_1_165' title='bbox 502 2235 647 2306; x_wconf 85' lang='lat'>190).</span> <span class='ocrx_word' id='word_1_166' title='bbox 724 2239 960 2288; x_wconf 89' lang='lat' dir='ltr'>Peractae</span> <span class='ocrx_word' id='word_1_167' title='bbox 1009 2247 1172 2290; x_wconf 90' lang='lat' dir='ltr'>autem</span> <span class='ocrx_word' id='word_1_168' title='bbox 1220 2247 1361 2302; x_wconf 88' lang='lat' dir='ltr'>sunt,</span> <span class='ocrx_word' id='word_1_169' title='bbox 1421 2241 1536 2290; x_wconf 91' lang='lat' dir='ltr'>dicit</span> <span class='ocrx_word' id='word_1_170' title='bbox 1587 2241 1637 2288; x_wconf 81' lang='lat' dir='ltr'>in</span> <span class='ocrx_word' id='word_1_171' title='bbox 1675 2240 2061 2302; x_wconf 78' lang='lat' dir='ltr'>„Astronomiae</span> <span class='ocrx_word' id='word_1_172' title='bbox 2111 2247 2417 2292; x_wconf 89' lang='lat' dir='ltr'>restauratae</span> 
     </span>
    </p>
   </div>
   <div class='ocr_carea' id='block_1_10' title="bbox 153 2311 2422 2596">
    <p class='ocr_par' dir='ltr' id='par_1_11' title="bbox 153 2311 2422 2596">
     <span class='ocr_line' id='line_1_25' title="bbox 153 2311 2421 2379; baseline 0.001 -18"><span class='ocrx_word' id='word_1_173' title='bbox 153 2312 489 2374; x_wconf 84' lang='lat' dir='ltr'>Mechanica,“</span> <span class='ocrx_word' id='word_1_174' title='bbox 516 2313 609 2361; x_wconf 88' lang='lat' dir='ltr'>hac</span> <span class='ocrx_word' id='word_1_175' title='bbox 634 2313 821 2362; x_wconf 88' lang='lat' dir='ltr'>ratione</span> <span class='ocrx_word' id='word_1_176' title='bbox 847 2313 914 2361; x_wconf 90' lang='lat' dir='ltr'>ibi</span> <span class='ocrx_word' id='word_1_177' title='bbox 947 2311 1014 2379; x_wconf 89' lang='lat' dir='ltr'>(in</span> <span class='ocrx_word' id='word_1_178' title='bbox 1043 2312 1424 2377; x_wconf 81' lang='lat' dir='ltr'>Uraniburgensi</span> <span class='ocrx_word' id='word_1_179' title='bbox 1456 2328 1565 2363; x_wconf 90' lang='lat' dir='ltr'>arce</span> <span class='ocrx_word' id='word_1_180' title='bbox 1590 2316 1638 2361; x_wconf 94' lang='lat' dir='ltr'>in</span> <span class='ocrx_word' id='word_1_181' title='bbox 1665 2315 1825 2364; x_wconf 86' lang='lat' dir='ltr'>insula</span> <span class='ocrx_word' id='word_1_182' title='bbox 1849 2314 2076 2376; x_wconf 89' lang='lat' dir='ltr'>Huenna,</span> <span class='ocrx_word' id='word_1_183' title='bbox 2118 2326 2247 2364; x_wconf 91' lang='lat' dir='ltr'>anno</span> <span class='ocrx_word' id='word_1_184' title='bbox 2282 2318 2421 2364; x_wconf 78' lang='lat'>1576</span> 
     </span>
     <span class='ocr_line' id='line_1_26' title="bbox 155 2384 2422 2453; baseline 0.001 -17"><span class='ocrx_word' id='word_1_185' title='bbox 155 2392 398 2436; x_wconf 86' lang='lat' dir='ltr'>exstructa</span> <span class='ocrx_word' id='word_1_186' title='bbox 447 2391 496 2435; x_wconf 91' lang='lat' dir='ltr'>et</span> <span class='ocrx_word' id='word_1_187' title='bbox 539 2384 775 2449; x_wconf 88' lang='lat' dir='ltr'>paulatim</span> <span class='ocrx_word' id='word_1_188' title='bbox 818 2386 1050 2435; x_wconf 86' lang='lat' dir='ltr'>aedificiis</span> <span class='ocrx_word' id='word_1_189' title='bbox 1090 2393 1139 2436; x_wconf 92' lang='lat' dir='ltr'>et</span> <span class='ocrx_word' id='word_1_190' title='bbox 1184 2388 1515 2436; x_wconf 85' lang='lat' dir='ltr'>instrumentis</span> <span class='ocrx_word' id='word_1_191' title='bbox 1567 2386 1754 2437; x_wconf 88' lang='lat' dir='ltr'>idoneis</span> <span class='ocrx_word' id='word_1_192' title='bbox 1802 2389 2091 2453; x_wconf 85' lang='lat' dir='ltr'>instructa),</span> <span class='ocrx_word' id='word_1_193' title='bbox 2144 2391 2208 2437; x_wconf 83' lang='lat'>21</span> <span class='ocrx_word' id='word_1_194' title='bbox 2263 2403 2422 2438; x_wconf 91' lang='lat' dir='ltr'>anno-</span> 
     </span>
     <span class='ocr_line' id='line_1_27' title="bbox 154 2457 2419 2529; baseline 0.002 -22"><span class='ocrx_word' id='word_1_195' title='bbox 154 2475 260 2508; x_wconf 89' lang='lat' dir='ltr'>rnm</span> <span class='ocrx_word' id='word_1_196' title='bbox 298 2457 499 2508; x_wconf 90' lang='lat' dir='ltr'>sedulae</span> <span class='ocrx_word' id='word_1_197' title='bbox 539 2459 961 2529; x_wconf 48' lang='lat' dir='ltr'>observationesb</span> <span class='ocrx_word' id='word_1_198' title='bbox 978 2474 1126 2522; x_wconf 91' lang='lat' dir='ltr'>quas,</span> <span class='ocrx_word' id='word_1_199' title='bbox 1166 2461 1373 2522; x_wconf 90' lang='lat' dir='ltr'>primum</span> <span class='ocrx_word' id='word_1_200' title='bbox 1413 2463 1459 2507; x_wconf 91' lang='lat' dir='ltr'>in</span> <span class='ocrx_word' id='word_1_201' title='bbox 1500 2463 1690 2523; x_wconf 83' lang='lat' dir='ltr'>magnis</span> <span class='ocrx_word' id='word_1_202' title='bbox 1731 2460 2063 2510; x_wconf 88' lang='lat' dir='ltr'>voluminibus</span> <span class='ocrx_word' id='word_1_203' title='bbox 2104 2465 2419 2526; x_wconf 76' lang='lat' dir='ltr'>conscriptae,</span> 
     </span>
     <span class='ocr_line' id='line_1_28' title="bbox 154 2531 2422 2596; baseline 0.001 -15"><span class='ocrx_word' id='word_1_204' title='bbox 154 2539 328 2596; x_wconf 87' lang='lat' dir='ltr'>postea</span> <span class='ocrx_word' id='word_1_205' title='bbox 364 2533 566 2581; x_wconf 89' lang='lat' dir='ltr'>seorsim</span> <span class='ocrx_word' id='word_1_206' title='bbox 606 2533 655 2578; x_wconf 93' lang='lat' dir='ltr'>in</span> <span class='ocrx_word' id='word_1_207' title='bbox 693 2531 912 2593; x_wconf 88' lang='lat' dir='ltr'>singulos</span> <span class='ocrx_word' id='word_1_208' title='bbox 950 2532 1117 2592; x_wconf 87' lang='lat' dir='ltr'>libros,</span> <span class='ocrx_word' id='word_1_209' title='bbox 1155 2547 1242 2595; x_wconf 87' lang='lat' dir='ltr'>pro</span> <span class='ocrx_word' id='word_1_210' title='bbox 1284 2533 1506 2595; x_wconf 90' lang='lat' dir='ltr'>quolibet</span> <span class='ocrx_word' id='word_1_211' title='bbox 1543 2535 1768 2582; x_wconf 90' lang='lat' dir='ltr'>nimirum</span> <span class='ocrx_word' id='word_1_212' title='bbox 1807 2549 1963 2596; x_wconf 87' lang='lat' dir='ltr'>anno,</span> <span class='ocrx_word' id='word_1_213' title='bbox 2006 2534 2233 2584; x_wconf 87' lang='lat' dir='ltr'>distribui</span> <span class='ocrx_word' id='word_1_214' title='bbox 2273 2541 2321 2584; x_wconf 89' lang='lat' dir='ltr'>et</span> <span class='ocrx_word' id='word_1_215' title='bbox 2360 2536 2422 2584; x_wconf 89' lang='lat' dir='ltr'>ad</span> 
     </span>
    </p>
   </div>
   <div class='ocr_carea' id='block_1_11' title="bbox 68 2604 2423 2671">
    <p class='ocr_par' dir='ltr' id='par_1_12' title="bbox 68 2604 2423 2671">
     <span class='ocr_line' id='line_1_29' title="bbox 68 2604 2423 2671; baseline 0.001 -17"><span class='ocrx_word' id='word_1_216' title='bbox 68 2640 70 2642; x_wconf 28' lang='grc' dir='ltr'>ψ</span> <span class='ocrx_word' id='word_1_217' title='bbox 156 2604 388 2654; x_wconf 88' lang='lat' dir='ltr'>mundum</span> <span class='ocrx_word' id='word_1_218' title='bbox 444 2604 650 2653; x_wconf 89' lang='lat' dir='ltr'>describi</span> <span class='ocrx_word' id='word_1_219' title='bbox 706 2606 887 2653; x_wconf 88' lang='lat' dir='ltr'>curavi.</span> <span class='ocrx_word' id='word_1_220' title='bbox 965 2605 1243 2654; x_wconf 82' lang='lat' dir='ltr'>Desiderari</span> <span class='ocrx_word' id='word_1_221' title='bbox 1290 2606 1359 2654; x_wconf 89' lang='lat' dir='ltr'>ait</span> <span class='ocrx_word' id='word_1_222' title='bbox 1416 2606 1535 2653; x_wconf 87' lang='lat' dir='ltr'>nihil</span> <span class='ocrx_word' id='word_1_223' title='bbox 1583 2605 1715 2655; x_wconf 89' lang='lat' dir='ltr'>aliud</span> <span class='ocrx_word' id='word_1_224' title='bbox 1766 2608 1813 2653; x_wconf 89' lang='lat' dir='ltr'>in</span> <span class='ocrx_word' id='word_1_225' title='bbox 1867 2607 2022 2656; x_wconf 85' lang='lat' dir='ltr'>stellis</span> <span class='ocrx_word' id='word_1_226' title='bbox 2074 2607 2211 2669; x_wconf 89' lang='lat' dir='ltr'>fixis,</span> <span class='ocrx_word' id='word_1_227' title='bbox 2275 2622 2423 2671; x_wconf 90' lang='lat' dir='ltr'>quam</span> 
     </span>
    </p>
   </div>
   <div class='ocr_carea' id='block_1_12' title="bbox 154 2676 2422 3400">
    <p class='ocr_par' dir='ltr' id='par_1_13' title="bbox 156 2676 2422 2960">
     <span class='ocr_line' id='line_1_30' title="bbox 157 2676 2422 2743; baseline 0 -16"><span class='ocrx_word' id='word_1_228' title='bbox 157 2685 210 2727; x_wconf 93' lang='lat' dir='ltr'>ut</span> <span class='ocrx_word' id='word_1_229' title='bbox 246 2693 411 2727; x_wconf 87' lang='lat' dir='ltr'>earum</span> <span class='ocrx_word' id='word_1_230' title='bbox 450 2683 634 2738; x_wconf 91' lang='lat' dir='ltr'>motus,</span> <span class='ocrx_word' id='word_1_231' title='bbox 683 2676 974 2726; x_wconf 85' lang='lat' dir='ltr'>universalis</span> <span class='ocrx_word' id='word_1_232' title='bbox 1013 2677 1261 2743; x_wconf 88' lang='lat' dir='ltr'>redditus,</span> <span class='ocrx_word' id='word_1_233' title='bbox 1300 2679 1523 2727; x_wconf 90' lang='lat' dir='ltr'>omnibus</span> <span class='ocrx_word' id='word_1_234' title='bbox 1562 2679 1739 2727; x_wconf 87' lang='lat' dir='ltr'>seculis</span> <span class='ocrx_word' id='word_1_235' title='bbox 1780 2679 2064 2743; x_wconf 84' lang='lat' dir='ltr'>adaptetur,</span> <span class='ocrx_word' id='word_1_236' title='bbox 2120 2681 2170 2727; x_wconf 88' lang='lat' dir='ltr'>in</span> <span class='ocrx_word' id='word_1_237' title='bbox 2207 2680 2422 2743; x_wconf 87' lang='lat' dir='ltr'>planetis</span> 
     </span>
     <span class='ocr_line' id='line_1_31' title="bbox 156 2750 2420 2819; baseline 0.002 -21"><span class='ocrx_word' id='word_1_238' title='bbox 156 2751 277 2800; x_wconf 87' lang='lat' dir='ltr'>nihil</span> <span class='ocrx_word' id='word_1_239' title='bbox 328 2750 463 2799; x_wconf 90' lang='lat' dir='ltr'>aliud</span> <span class='ocrx_word' id='word_1_240' title='bbox 513 2757 718 2810; x_wconf 88' lang='lat' dir='ltr'>restare,</span> <span class='ocrx_word' id='word_1_241' title='bbox 771 2765 917 2813; x_wconf 89' lang='lat' dir='ltr'>quam</span> <span class='ocrx_word' id='word_1_242' title='bbox 962 2757 1017 2799; x_wconf 91' lang='lat' dir='ltr'>ut</span> <span class='ocrx_word' id='word_1_243' title='bbox 1065 2758 1320 2800; x_wconf 88' lang='lat' dir='ltr'>accuratae</span> <span class='ocrx_word' id='word_1_244' title='bbox 1371 2765 1539 2800; x_wconf 90' lang='lat' dir='ltr'>eorum</span> <span class='ocrx_word' id='word_1_245' title='bbox 1587 2753 1958 2802; x_wconf 81' lang='lat' dir='ltr'>observationes</span> <span class='ocrx_word' id='word_1_246' title='bbox 2012 2754 2274 2815; x_wconf 86' lang='lat' dir='ltr'>(annorum</span> <span class='ocrx_word' id='word_1_247' title='bbox 2325 2755 2420 2819; x_wconf 84' lang='lat'>25)</span> 
     </span>
     <span class='ocr_line' id='line_1_32' title="bbox 157 2823 2422 2892; baseline 0.001 -19"><span class='ocrx_word' id='word_1_248' title='bbox 157 2827 207 2873; x_wconf 91' lang='lat' dir='ltr'>in</span> <span class='ocrx_word' id='word_1_249' title='bbox 243 2838 399 2874; x_wconf 81' lang='lat' dir='ltr'>novos</span> <span class='ocrx_word' id='word_1_250' title='bbox 438 2829 487 2872; x_wconf 93' lang='lat' dir='ltr'>et</span> <span class='ocrx_word' id='word_1_251' title='bbox 523 2829 852 2886; x_wconf 87' lang='lat' dir='ltr'>competentes</span> <span class='ocrx_word' id='word_1_252' title='bbox 892 2837 1102 2874; x_wconf 86' lang='lat' dir='ltr'>canones</span> <span class='ocrx_word' id='word_1_253' title='bbox 1140 2823 1366 2873; x_wconf 83' lang='lat' dir='ltr'>redactae</span> <span class='ocrx_word' id='word_1_254' title='bbox 1404 2827 1616 2877; x_wconf 86' lang='lat' dir='ltr'>numeris</span> <span class='ocrx_word' id='word_1_255' title='bbox 1655 2831 1976 2892; x_wconf 78' lang='lat' dir='ltr'>exponantur,</span> <span class='ocrx_word' id='word_1_256' title='bbox 2019 2823 2224 2888; x_wconf 84' lang='lat' dir='ltr'>quorum</span> <span class='ocrx_word' id='word_1_257' title='bbox 2265 2840 2422 2889; x_wconf 89' lang='lat' dir='ltr'>quae-</span> 
     </span>
     <span class='ocr_line' id='line_1_33' title="bbox 158 2890 1202 2960; baseline 0 -12"><span class='ocrx_word' id='word_1_258' title='bbox 158 2897 270 2947; x_wconf 91' lang='lat' dir='ltr'>dam</span> <span class='ocrx_word' id='word_1_259' title='bbox 307 2898 446 2945; x_wconf 90' lang='lat' dir='ltr'>initia</span> <span class='ocrx_word' id='word_1_260' title='bbox 483 2902 533 2945; x_wconf 90' lang='lat' dir='ltr'>et</span> <span class='ocrx_word' id='word_1_261' title='bbox 568 2890 883 2945; x_wconf 85' lang='lat' dir='ltr'>fundamenta</span> <span class='ocrx_word' id='word_1_262' title='bbox 915 2897 1054 2960; x_wconf 82' lang='lat' dir='ltr'>jacta</span> <span class='ocrx_word' id='word_1_263' title='bbox 1091 2899 1202 2948; x_wconf 84' lang='lat' dir='ltr'>sint.</span> 
     </span>
    </p>

    <p class='ocr_par' dir='ltr' id='par_1_14' title="bbox 154 2963 2420 3400">
     <span class='ocr_line' id='line_1_34' title="bbox 300 2963 2418 3035; baseline 0.001 -17"><span class='ocrx_word' id='word_1_264' title='bbox 300 2970 491 3019; x_wconf 88' lang='lat' dir='ltr'>Braheo</span> <span class='ocrx_word' id='word_1_265' title='bbox 542 2975 779 3032; x_wconf 84' lang='lat' dir='ltr'>occupato</span> <span class='ocrx_word' id='word_1_266' title='bbox 835 2963 1260 3019; x_wconf 82' lang='lat' dir='ltr'>observationibus</span> <span class='ocrx_word' id='word_1_267' title='bbox 1312 2970 1605 3019; x_wconf 87' lang='lat' dir='ltr'>coelestibus</span> <span class='ocrx_word' id='word_1_268' title='bbox 1654 2976 1722 3031; x_wconf 90' lang='lat' dir='ltr'>et,</span> <span class='ocrx_word' id='word_1_269' title='bbox 1769 2976 2033 3034; x_wconf 89' lang='lat' dir='ltr'>postquam</span> <span class='ocrx_word' id='word_1_270' title='bbox 2086 2970 2296 3035; x_wconf 83' lang='lat' dir='ltr'>Pragam</span> <span class='ocrx_word' id='word_1_271' title='bbox 2355 2972 2418 3021; x_wconf 89' lang='lat' dir='ltr'>ad</span> 
     </span>
     <span class='ocr_line' id='line_1_35' title="bbox 159 3036 2418 3109; baseline 0 -17"><span class='ocrx_word' id='word_1_272' title='bbox 159 3044 517 3107; x_wconf 87' lang='lat' dir='ltr'>imperatoriam</span> <span class='ocrx_word' id='word_1_273' title='bbox 557 3041 719 3091; x_wconf 84' lang='lat' dir='ltr'>aulam</span> <span class='ocrx_word' id='word_1_274' title='bbox 765 3045 1036 3109; x_wconf 84' lang='lat' dir='ltr'>transierat,</span> <span class='ocrx_word' id='word_1_275' title='bbox 1077 3043 1306 3093; x_wconf 88' lang='lat' dir='ltr'>distracto</span> <span class='ocrx_word' id='word_1_276' title='bbox 1333 3044 1504 3092; x_wconf 86' lang='lat' dir='ltr'>aulicis</span> <span class='ocrx_word' id='word_1_277' title='bbox 1527 3036 1929 3107; x_wconf 82' lang='lat' dir='ltr'>occupationibus</span> <span class='ocrx_word' id='word_1_278' title='bbox 1958 3050 2006 3092; x_wconf 90' lang='lat' dir='ltr'>et</span> <span class='ocrx_word' id='word_1_279' title='bbox 2034 3044 2418 3108; x_wconf 87' lang='lat' dir='ltr'>oblectamentis,</span> 
     </span>
     <span class='ocr_line' id='line_1_36' title="bbox 157 3115 2420 3182; baseline 0 -16"><span class='ocrx_word' id='word_1_280' title='bbox 157 3132 327 3181; x_wconf 86' lang='lat' dir='ltr'>parum</span> <span class='ocrx_word' id='word_1_281' title='bbox 367 3117 455 3165; x_wconf 89' lang='lat' dir='ltr'>otii</span> <span class='ocrx_word' id='word_1_282' title='bbox 494 3123 623 3174; x_wconf 89' lang='lat' dir='ltr'>erat,</span> <span class='ocrx_word' id='word_1_283' title='bbox 673 3121 727 3163; x_wconf 90' lang='lat' dir='ltr'>ut</span> <span class='ocrx_word' id='word_1_284' title='bbox 762 3130 843 3177; x_wconf 87' lang='lat' dir='ltr'>ea,</span> <span class='ocrx_word' id='word_1_285' title='bbox 896 3130 1023 3178; x_wconf 89' lang='lat' dir='ltr'>quae</span> <span class='ocrx_word' id='word_1_286' title='bbox 1062 3115 1182 3164; x_wconf 90' lang='lat' dir='ltr'>dixit</span> <span class='ocrx_word' id='word_1_287' title='bbox 1219 3116 1577 3178; x_wconf 87' lang='lat' dir='ltr'>„desiderari,“</span> <span class='ocrx_word' id='word_1_288' title='bbox 1633 3117 1908 3180; x_wconf 80' lang='lat' dir='ltr'>perficeret,</span> <span class='ocrx_word' id='word_1_289' title='bbox 1961 3117 2082 3167; x_wconf 86' lang='lat' dir='ltr'>forte</span> <span class='ocrx_word' id='word_1_290' title='bbox 2124 3119 2267 3167; x_wconf 90' lang='lat' dir='ltr'>etiam</span> <span class='ocrx_word' id='word_1_291' title='bbox 2307 3133 2420 3182; x_wconf 88' lang='lat' dir='ltr'>per-</span> 
     </span>
     <span class='ocr_line' id='line_1_37' title="bbox 158 3187 2418 3254; baseline 0 -15"><span class='ocrx_word' id='word_1_292' title='bbox 158 3190 468 3239; x_wconf 83' lang='lat' dir='ltr'>horrescebat</span> <span class='ocrx_word' id='word_1_293' title='bbox 516 3187 755 3238; x_wconf 88' lang='lat' dir='ltr'>calculum</span> <span class='ocrx_word' id='word_1_294' title='bbox 801 3189 944 3237; x_wconf 87' lang='lat' dir='ltr'>nimis</span> <span class='ocrx_word' id='word_1_295' title='bbox 990 3189 1279 3252; x_wconf 89' lang='lat' dir='ltr'>implicitum</span> <span class='ocrx_word' id='word_1_296' title='bbox 1318 3196 1367 3239; x_wconf 91' lang='lat' dir='ltr'>et</span> <span class='ocrx_word' id='word_1_297' title='bbox 1405 3200 1686 3253; x_wconf 87' lang='lat' dir='ltr'>operosum,</span> <span class='ocrx_word' id='word_1_298' title='bbox 1745 3195 1792 3238; x_wconf 92' lang='lat' dir='ltr'>et</span> <span class='ocrx_word' id='word_1_299' title='bbox 1832 3191 1954 3238; x_wconf 86' lang='lat' dir='ltr'>inter</span> <span class='ocrx_word' id='word_1_300' title='bbox 2001 3204 2110 3251; x_wconf 90' lang='lat' dir='ltr'>eos,</span> <span class='ocrx_word' id='word_1_301' title='bbox 2162 3205 2284 3254; x_wconf 85' lang='lat' dir='ltr'>quos</span> <span class='ocrx_word' id='word_1_302' title='bbox 2327 3191 2418 3240; x_wconf 89' lang='lat' dir='ltr'>ad-</span> 
     </span>
     <span class='ocr_line' id='line_1_38' title="bbox 154 3261 2418 3327; baseline 0 -16"><span class='ocrx_word' id='word_1_303' title='bbox 154 3264 341 3326; x_wconf 85' lang='lat' dir='ltr'>jutores</span> <span class='ocrx_word' id='word_1_304' title='bbox 381 3263 778 3311; x_wconf 88' lang='lat' dir='ltr'>observationum</span> <span class='ocrx_word' id='word_1_305' title='bbox 817 3261 1122 3323; x_wconf 84' lang='lat' dir='ltr'>adsciverat„</span> <span class='ocrx_word' id='word_1_306' title='bbox 1146 3263 1386 3311; x_wconf 85' lang='lat' dir='ltr'>neminem</span> <span class='ocrx_word' id='word_1_307' title='bbox 1426 3262 1486 3310; x_wconf 88' lang='lat' dir='ltr'>ad</span> <span class='ocrx_word' id='word_1_308' title='bbox 1527 3261 1619 3309; x_wconf 88' lang='lat' dir='ltr'>hoc</span> <span class='ocrx_word' id='word_1_309' title='bbox 1658 3264 1908 3325; x_wconf 84' lang='lat' dir='ltr'>negotium</span> <span class='ocrx_word' id='word_1_310' title='bbox 1949 3268 2116 3326; x_wconf 89' lang='lat' dir='ltr'>aptum</span> <span class='ocrx_word' id='word_1_311' title='bbox 2143 3263 2418 3327; x_wconf 88' lang='lat' dir='ltr'>deprehen-</span> 
     </span>
     <span class='ocr_line' id='line_1_39' title="bbox 159 3333 2416 3400; baseline 0.001 -17"><span class='ocrx_word' id='word_1_312' title='bbox 159 3336 243 3384; x_wconf 84' lang='lat' dir='ltr'>dit‘.</span> <span class='ocrx_word' id='word_1_313' title='bbox 321 3334 483 3397; x_wconf 83' lang='lat' dir='ltr'>Quare</span> <span class='ocrx_word' id='word_1_314' title='bbox 522 3334 810 3397; x_wconf 87' lang='lat' dir='ltr'>Keplerum,</span> <span class='ocrx_word' id='word_1_315' title='bbox 860 3333 998 3395; x_wconf 89' lang='lat' dir='ltr'>cujus</span> <span class='ocrx_word' id='word_1_316' title='bbox 1038 3335 1284 3396; x_wconf 82' lang='lat' dir='ltr'>ingenium</span> <span class='ocrx_word' id='word_1_317' title='bbox 1325 3350 1384 3382; x_wconf 88' lang='lat' dir='ltr'>ex</span> <span class='ocrx_word' id='word_1_318' title='bbox 1434 3333 1772 3395; x_wconf 81' lang='lat' dir='ltr'>,‚Prodrom&#39;o“</span> <span class='ocrx_word' id='word_1_319' title='bbox 1830 3342 2149 3398; x_wconf 86' lang='lat' dir='ltr'>cognoverat,</span> <span class='ocrx_word' id='word_1_320' title='bbox 2204 3337 2416 3400; x_wconf 88' lang='lat' dir='ltr'>Pragam</span> 
     </span>
    </p>
   </div>
   <div class='ocr_carea' id='block_1_13' title="bbox 54 3405 2417 3473">
    <p class='ocr_par' dir='ltr' id='par_1_15' title="bbox 54 3405 2417 3473">
     <span class='ocr_line' id='line_1_40' title="bbox 54 3405 2417 3473; baseline 0 -14"><span class='ocrx_word' id='word_1_321' title='bbox 54 3436 108 3466; x_wconf 52' lang='grc' dir='ltr'>υ,</span> <span class='ocrx_word' id='word_1_322' title='bbox 162 3409 372 3467; x_wconf 86' lang='lat' dir='ltr'>vocavit,</span> <span class='ocrx_word' id='word_1_323' title='bbox 413 3410 495 3470; x_wconf 89' lang='lat' dir='ltr'>qui</span> <span class='ocrx_word' id='word_1_324' title='bbox 534 3422 584 3456; x_wconf 91' lang='lat' dir='ltr'>se</span> <span class='ocrx_word' id='word_1_325' title='bbox 625 3421 766 3455; x_wconf 88' lang='lat' dir='ltr'>oncrc</span> <span class='ocrx_word' id='word_1_326' title='bbox 806 3405 888 3454; x_wconf 90' lang='lat' dir='ltr'>illo</span> <span class='ocrx_word' id='word_1_327' title='bbox 929 3406 1181 3467; x_wconf 85' lang='lat' dir='ltr'>liberaret,</span> <span class='ocrx_word' id='word_1_328' title='bbox 1223 3406 1318 3468; x_wconf 90' lang='lat' dir='ltr'>„ad</span> <span class='ocrx_word' id='word_1_329' title='bbox 1359 3421 1480 3470; x_wconf 88' lang='lat' dir='ltr'>opus</span> <span class='ocrx_word' id='word_1_330' title='bbox 1520 3406 1819 3455; x_wconf 82' lang='lat' dir='ltr'>Tabularum</span> <span class='ocrx_word' id='word_1_331' title='bbox 1847 3407 2270 3473; x_wconf 89' lang='lat' dir='ltr'>Rudolphinarum</span> <span class='ocrx_word' id='word_1_332' title='bbox 2310 3425 2417 3459; x_wconf 86' lang='lat' dir='ltr'>ma-</span> 
     </span>
    </p>
   </div>
   <div class='ocr_carea' id='block_1_14' title="bbox 160 3478 2415 3911">
    <p class='ocr_par' dir='ltr' id='par_1_16' title="bbox 160 3478 2415 3911">
     <span class='ocr_line' id='line_1_41' title="bbox 161 3478 2415 3545; baseline 0 -15"><span class='ocrx_word' id='word_1_333' title='bbox 161 3480 467 3542; x_wconf 87' lang='lat' dir='ltr'>turandum“,</span> <span class='ocrx_word' id='word_1_334' title='bbox 515 3486 570 3528; x_wconf 92' lang='lat' dir='ltr'>ut</span> <span class='ocrx_word' id='word_1_335' title='bbox 607 3481 710 3544; x_wconf 87' lang='lat' dir='ltr'>ipse</span> <span class='ocrx_word' id='word_1_336' title='bbox 761 3478 877 3528; x_wconf 88' lang='lat' dir='ltr'>dicit</span> <span class='ocrx_word' id='word_1_337' title='bbox 915 3478 1172 3543; x_wconf 85' lang='lat' dir='ltr'>Keplerus.</span> <span class='ocrx_word' id='word_1_338' title='bbox 1249 3479 1458 3540; x_wconf 87' lang='lat' dir='ltr'>Pragam</span> <span class='ocrx_word' id='word_1_339' title='bbox 1498 3480 1633 3528; x_wconf 87' lang='lat' dir='ltr'>venit</span> <span class='ocrx_word' id='word_1_340' title='bbox 1666 3479 1907 3545; x_wconf 88' lang='lat' dir='ltr'>Keplcrus</span> <span class='ocrx_word' id='word_1_341' title='bbox 1946 3495 2110 3532; x_wconf 90' lang='lat' dir='ltr'>mense</span> <span class='ocrx_word' id='word_1_342' title='bbox 2148 3483 2415 3532; x_wconf 85' lang='lat' dir='ltr'>Februario</span> 
     </span>
     <span class='ocr_line' id='line_1_42' title="bbox 165 3547 2410 3617; baseline 0.001 -15"><span class='ocrx_word' id='word_1_343' title='bbox 165 3555 315 3613; x_wconf 85' lang='lat'>1600,</span> <span class='ocrx_word' id='word_1_344' title='bbox 357 3554 521 3616; x_wconf 89' lang='lat' dir='ltr'>ibique</span> <span class='ocrx_word' id='word_1_345' title='bbox 558 3551 688 3616; x_wconf 86' lang='lat' dir='ltr'>apud</span> <span class='ocrx_word' id='word_1_346' title='bbox 713 3552 955 3602; x_wconf 86' lang='lat' dir='ltr'>Braheum</span> <span class='ocrx_word' id='word_1_347' title='bbox 995 3552 1280 3601; x_wconf 83' lang='lat' dir='ltr'>versabatur</span> <span class='ocrx_word' id='word_1_348' title='bbox 1316 3566 1469 3615; x_wconf 85' lang='lat' dir='ltr'>usque</span> <span class='ocrx_word' id='word_1_349' title='bbox 1509 3550 1570 3600; x_wconf 91' lang='lat' dir='ltr'>ad</span> <span class='ocrx_word' id='word_1_350' title='bbox 1609 3567 1823 3602; x_wconf 88' lang='lat' dir='ltr'>mensem</span> <span class='ocrx_word' id='word_1_351' title='bbox 1851 3547 2069 3617; x_wconf 74' lang='lat' dir='ltr'>Juniuin,</span> <span class='ocrx_word' id='word_1_352' title='bbox 2112 3561 2158 3603; x_wconf 93' lang='lat' dir='ltr'>et</span> <span class='ocrx_word' id='word_1_353' title='bbox 2185 3572 2213 3604; x_wconf 87' lang='lat' dir='ltr'>a</span> <span class='ocrx_word' id='word_1_354' title='bbox 2250 3555 2410 3604; x_wconf 86' lang='lat' dir='ltr'>medio</span> 
     </span>
     <span class='ocr_line' id='line_1_43' title="bbox 164 3623 2413 3678; baseline 0.001 -4"><span class='ocrx_word' id='word_1_355' title='bbox 164 3624 390 3674; x_wconf 85' lang='lat' dir='ltr'>Octobris</span> <span class='ocrx_word' id='word_1_356' title='bbox 437 3626 499 3674; x_wconf 89' lang='lat' dir='ltr'>ad</span> <span class='ocrx_word' id='word_1_357' title='bbox 541 3624 648 3677; x_wconf 87' lang='lat' dir='ltr'>Oct.</span> <span class='ocrx_word' id='word_1_358' title='bbox 708 3627 822 3674; x_wconf 87' lang='lat' dir='ltr'>anni</span> <span class='ocrx_word' id='word_1_359' title='bbox 880 3624 1008 3673; x_wconf 87' lang='lat'>1601</span> <span class='ocrx_word' id='word_1_360' title='bbox 1060 3623 1237 3673; x_wconf 84' lang='lat' dir='ltr'>Brahei</span> <span class='ocrx_word' id='word_1_361' title='bbox 1288 3625 1516 3673; x_wconf 86' lang='lat' dir='ltr'>utebatur</span> <span class='ocrx_word' id='word_1_362' title='bbox 1565 3624 1908 3676; x_wconf 78' lang='lat' dir='ltr'>familiaritate.</span> <span class='ocrx_word' id='word_1_363' title='bbox 1987 3628 2183 3678; x_wconf 84' lang='lat' dir='ltr'>Mortuo</span> <span class='ocrx_word' id='word_1_364' title='bbox 2222 3628 2413 3677; x_wconf 88' lang='lat' dir='ltr'>Braheo</span> 
     </span>
     <span class='ocr_line' id='line_1_44' title="bbox 164 3695 2414 3764; baseline 0.002 -19"><span class='ocrx_word' id='word_1_365' title='bbox 164 3696 266 3763; x_wconf 80' lang='lat'><strong>(24.</strong></span> <span class='ocrx_word' id='word_1_366' title='bbox 314 3695 439 3763; x_wconf 90' lang='lat' dir='ltr'>Oct.)</span> <span class='ocrx_word' id='word_1_367' title='bbox 491 3699 921 3764; x_wconf 82' lang='lat' dir='ltr'>„observationum</span> <span class='ocrx_word' id='word_1_368' title='bbox 979 3697 1253 3746; x_wconf 88' lang='lat' dir='ltr'>relictarum</span> <span class='ocrx_word' id='word_1_369' title='bbox 1312 3697 1513 3746; x_wconf 85' lang='lat' dir='ltr'>tutelam</span> <span class='ocrx_word' id='word_1_370' title='bbox 1566 3698 1659 3747; x_wconf 91' lang='lat' dir='ltr'>sibi</span> <span class='ocrx_word' id='word_1_371' title='bbox 1711 3702 1992 3764; x_wconf 86' lang='lat' dir='ltr'>usurpavit,</span> <span class='ocrx_word' id='word_1_372' title='bbox 2060 3715 2156 3750; x_wconf 89' lang='lat' dir='ltr'>non</span> <span class='ocrx_word' id='word_1_373' title='bbox 2210 3701 2414 3750; x_wconf 83' lang='lat' dir='ltr'>obscura</span> 
     </span>
     <span class='ocr_line' id='line_1_45' title="bbox 160 3769 2413 3839; baseline 0.003 -20"><span class='ocrx_word' id='word_1_374' title='bbox 160 3770 377 3832; x_wconf 86' lang='lat' dir='ltr'>jussione</span> <span class='ocrx_word' id='word_1_375' title='bbox 416 3773 768 3837; x_wconf 84' lang='lat' dir='ltr'>imperatoris,“</span> <span class='ocrx_word' id='word_1_376' title='bbox 817 3770 1130 3838; x_wconf 86' lang='lat' dir='ltr'>ejusdemque</span> <span class='ocrx_word' id='word_1_377' title='bbox 1184 3769 1477 3838; x_wconf 84' lang='lat' dir='ltr'>(Rudolphi)</span> <span class='ocrx_word' id='word_1_378' title='bbox 1524 3769 1666 3839; x_wconf 81' lang='lat' dir='ltr'>jussu</span> <span class='ocrx_word' id='word_1_379' title='bbox 1719 3772 1984 3826; x_wconf 79' lang='lat' dir='ltr'>editionem</span> <span class='ocrx_word' id='word_1_380' title='bbox 2023 3772 2322 3835; x_wconf 86' lang='lat' dir='ltr'>Tabularum</span> <span class='ocrx_word' id='word_1_381' title='bbox 2366 3774 2413 3825; x_wconf 84' lang='lat' dir='ltr'>in</span> 
     </span>
     <span class='ocr_line' id='line_1_46' title="bbox 164 3844 1977 3911; baseline 0.001 -17"><span class='ocrx_word' id='word_1_382' title='bbox 164 3857 220 3894; x_wconf 76' lang='lat' dir='ltr'>se</span> <span class='ocrx_word' id='word_1_383' title='bbox 255 3844 485 3911; x_wconf 82' lang='lat' dir='ltr'>suscepit.</span> <span class='ocrx_word' id='word_1_384' title='bbox 1975 3874 1977 3876; x_wconf 96' lang='lat'>·</span> 
     </span>
    </p>
   </div>
  </div>
 </body>
</html>
