2554 4140
254 131 354 215 130
1082 157 1316 215 Epitomes
1345 156 1661 202 Astronomiae

252 325 398 372 quam
438 323 496 357 ex
533 306 704 370 regula
741 308 1006 356 universali
1044 321 1129 370 per
1168 307 1331 356 omnia
1367 305 1480 354 loca
1515 306 1663 354 maris
1704 304 1912 365 valente,
1952 306 2201 368 proportio
2237 303 2496 355 distantiae

248 385 316 431 rei
353 385 645 447 eonspectae
683 379 746 429 ad
785 380 890 442 ejus
916 379 1240 429 altitudinem.

397 453 543 503 Verbi
581 466 729 503 causa
766 454 813 500 in
850 455 970 502 mari
1007 451 1270 515 tranquillo
1308 451 1498 513 signum

860 538 907 577 in
937 537 1159 577 altitudine
1537 533 1702 574 videtur
1744 547 1772 573 a
1799 534 1970 575 milliari

761 594 914 646 pedum
1054 595 1118 633 vel
1148 604 1342 644 passuum
1491 589 1638 631 Italico
1793 593 2048 635 Germanico.

834 657 881 750 ὲ
1560 710 1586 747 2

835 771 860 809 6
1228 769 1250 805 1
1560 767 1586 806 3

807 829 856 867 11
1225 825 1252 864 2
1558 826 1585 863 4
1925 829 1944 866 1

808 887 860 925 18
1225 885 1252 921 4
1561 885 1585 921 5

805 944 860 983 26
1225 953 1250 980 o
1561 942 1586 980 6

805 1003 861 1040 36
1226 999 1250 1039 7
1560 999 1582 1038 ἰ’

803 1061 857 1100 47
1225 1058 1252 1096 9
1560 1058 1586 1096 8
1924 1059 1950 1084 ‘²

805 1119 859 1158 59
1196 1117 1250 1154 12
1560 1117 1586 1154 9

804 1177 858 1216 73
1196 1175 1251 1213 15
1533 1175 1587 1213 10

1194 1233 1246 1271 21
1534 1235 1586 1272 12
1925 1232 1950 1271 3

1195 1291 1248 1330 37
1533 1292 1586 1329 16
1922 1291 1947 1329 4

1194 1350 1250 1388 59
1529 1349 1586 1387 20
1925 1348 1950 1387 5

1193 1407 1250 1446 84
1531 1408 1587 1446 24
1924 1407 1951 1445 6

1167 1466 1252 1505 114
1530 1466 1587 1505 28
1926 1465 1948 1505 7

1169 1524 1249 1563 131
1530 1524 1586 1564 30

1168 1583 1251 1621 149
1530 1583 1586 1621 32
1924 1580 1952 1620 8

1169 1641 1250 1679 189
1530 1642 1586 1680 36
1925 1640 1950 1678 9
1990 1654 2002 1668 ·

1166 1698 1250 1737 233
1529 1700 1586 1739 40
1739 1681 1744 1740 Ι
1899 1698 1952 1736 10

1166 1757 1251 1796 364
1531 1758 1587 1797 50

1166 1815 1252 1855 524
1531 1817 1588 1856 60
1897 1814 1950 1853 15

1165 1874 1249 1913 932
1531 1875 1588 1914 80
1894 1873 1950 1912 20

1135 1931 1248 1972 2097
1503 1933 1587 1972 120
1895 1931 1951 1970 30

1135 1989 1250 2030 3729
1502 1991 1585 2031 160
1892 1989 1950 2029 40

647 2065 651 2097 l
1133 2049 1247 2089 4721
1503 2050 1587 2090 180
1893 2049 1949 2088 45

394 2129 457 2177 Et
495 2127 736 2187 vicissim,
786 2127 829 2174 si
867 2127 1001 2174 visus
1046 2125 1172 2174 hanc
1211 2127 1432 2176 obtineat
1483 2125 1818 2186 altitudinem,
1876 2125 2043 2176 videre
2094 2127 2272 2190 poterit
2309 2129 2500 2191 signum

245 2206 419 2250 natans
466 2201 514 2247 in
553 2199 806 2262 superficie
855 2200 1030 2260 maris,
1077 2199 1579 2262 tantae'distantiae,
1628 2201 1669 2249 si
1706 2198 1853 2248 modo
1902 2198 1951 2247 id
1989 2201 2135 2249 etiam
2185 2201 2306 2262 satis
2356 2201 2500 2251 fuerit

245 2288 490 2337 magnum.
2244 2284 2259 2299 ·

395 2339 735 2408 Quodsi‘tam
775 2349 968 2392 nostrae
1017 2345 1160 2392 navis
1215 2344 1519 2408 speculator,
1576 2359 1721 2408 quam
1778 2346 1972 2408 signum
2020 2346 2067 2392 in
2116 2346 2234 2394 navi
2290 2344 2498 2396 adversa

246 2417 421 2469 iisdem
461 2416 800 2467 altitudinibus
837 2416 1015 2465 fuerint
1054 2416 1257 2479 elevati„
1310 2424 1431 2480 puta
1477 2425 1679 2481 uterque
1717 2418 1945 2481 passibus
1985 2419 2066 2476 15,
2120 2417 2276 2467 videri
2314 2420 2493 2483 poterit

248 2505 324 2541 res
361 2506 394 2541 a
432 2489 580 2554 duplo
619 2487 893 2549 interva110,
933 2503 999 2537 sc.
1040 2504 1070 2537 a
1110 2491 1178 2539 20
1216 2489 1399 2538 Italicis
1439 2504 1525 2539 seu
1566 2492 1595 2540 5
1636 2490 1939 2540 Germanicis
1977 2490 2282 2542 milliaribus,
2357 2492 2418 2540 Et
2456 2493 2496 2540 si

244 2578 384 2613 mons
437 2563 646 2625 alicujus
694 2561 883 2610 insulae
930 2563 1190 2612 surrexerit
1246 2564 1294 2610 in
1346 2562 1497 2612 altum
1550 2565 1919 2626 nongentesima
1961 2571 2102 2627 parte
2153 2563 2496 2613 semidiametri

245 2636 444 2686 Terrae:
501 2631 801 2700 quoeunque
830 2636 880 2682 in
921 2648 1104 2684 oceano
1141 2636 1299 2696 fuerit,
1340 2637 1549 2699 spectari
1587 2638 1789 2700 incipiet
1825 2652 1855 2685 a
1893 2636 2266 2700 quadragesimo
2305 2636 2496 2685 milliari

247 2709 538 2759 Germanico
565 2723 625 2757 ex
651 2709 798 2757 maris
823 2707 1092 2772 superficie,
1132 2708 1195 2757 ab
1225 2710 1522 2772 octogesimo
1564 2723 1622 2758 ex
1648 2709 1745 2758 alio
1771 2716 1933 2758 monte
1966 2708 2186 2772 ejusdem
2212 2710 2495 2759 altitudinis.

388 2783 528 2832 Haec
564 2782 711 2846 igitur
747 2794 892 2830 sensu
932 2779 1232 2844 deprehensa
1257 2796 1343 2846 per
1370 2796 1560 2831 omnem
1595 2783 1743 2831 maris
1770 2782 2004 2831 ambitum
2025 2781 2298 2846 *aequalitas
2325 2784 2496 2832 oceani

248 2856 592 2903 rotunditatem
633 2852 959 2919 omnimodam
997 2868 1094 2902 non
1134 2853 1278 2910 valde
1316 2854 1593 2918 imperfecte
1631 2856 1803 2926 arguit.

395 2928 538 2991 Quae
574 2928 722 2977 habes
759 2942 792 2974 a
829 2940 976 2974 sensu
1013 2934 1320 2989 aryumenta
1364 2941 1464 2990 pro
1499 2927 1810 2976 rotunditate
1855 2927 2039 2976 Terrae
2090 2930 2338 2991 totiusque
2373 2928 2496 2978 adeo

244 3000 378 3063 ylobi
415 3015 475 3050 ex
513 3002 660 3048 terris
711 3007 761 3049 et
796 3014 936 3062 aqua
984 3000 1296 3048 constantis?
1368 2998 1582 3049 Primum
1634 3003 1676 3049 si
1711 3006 1861 3064 ponat
1909 3006 2240 3061 astronomus,
2297 3000 2494 3049 Terram

246 3086 352 3120 esse
390 3072 662 3134 rotundam,
702 3087 790 3121 nec
830 3070 1049 3134 diversis,
1090 3086 1173 3136 pro
1203 3071 1482 3122 diversitate
1508 3074 1745 3122 montium
1784 3078 1832 3122 et
1858 3072 2171 3131 convallium,
2210 3072 2296 3122 sed
2324 3073 2492 3122 eadem

246 3145 426 3207 ubique
468 3145 701 3194 diametro
741 3145 920 3194 Terrae
960 3150 1123 3194 utatur
1159 3146 1208 3193 in
1249 3147 1691 3209 computationibus
1719 3146 2060 3209 geometricis:
2104 3148 2232 3195 exire
2259 3146 2386 3196 solet
2421 3145 2493 3194 illi

246 3219 464 3280 operatio
502 3219 551 3265 in
587 3217 714 3267 tales
752 3233 976 3279 summas,
1037 3232 1162 3280 quae
1200 3224 1314 3267 sunt
1351 3225 1708 3275 consentaneae
1759 3218 2084 3282 experientiae
2123 3220 2526 3279 astronomicae‚.

244 3289 340 3338 hoc
378 3297 465 3352 est,
506 3298 776 3353 sequuntur
811 3290 1150 3353 phaenomena
1187 3290 1434 3341 coelestia.
1508 3290 1619 3341 Non
1657 3295 1972 3355 sequerentur
1996 3297 2173 3351 autem,
2213 3293 2252 3339 si
2281 3291 2374 3340 hoe
2411 3291 2492 3340 ille

245 3361 440 3424 quidem
490 3363 696 3422 faceret,
750 3362 901 3412 Terra
949 3377 1065 3412 vero
1117 3363 1334 3414 diversas
1387 3370 1434 3414 et
1486 3363 1549 3413 ad
1587 3379 1784 3414 sensum
1834 3363 2108 3412 differentes
2145 3363 2348 3413 haberet
2384 3363 2493 3413 dia-

161 3455 166 3461 ,
245 3441 450 3495 menne,
490 3434 585 3484 hoc
623 3441 698 3484 est
735 3436 776 3483 si
812 3435 1020 3484 rotunda
1058 3451 1153 3485 non
1193 3442 1336 3486 esset.
1410 3451 1414 3455 ’

388 3506 579 3556 Deinde
619 3508 811 3570 quoties
848 3508 1180 3570 progredimur
1219 3523 1306 3558 seu
1343 3504 1472 3558 terra
1510 3524 1595 3558 sen
1634 3510 1768 3570 mari,
1809 3509 2098 3571 aequalibus
2136 3511 2307 3573 spatiis
2346 3510 2491 3558 itine-

244 3581 409 3641 rariis,
460 3584 593 3629 recta
644 3578 706 3627 ad
758 3581 1107 3641 septentriones
1121 3619 1136 3646 ,
1188 3584 1330 3631 toties
1378 3583 1606 3644 aequalia
1655 3583 1704 3629 in
1742 3583 2038 3630 astronomia
2090 3581 2490 3644 deprehendimus

244 3654 539 3702 incrementa
576 3651 656 3700 vel
696 3651 1001 3701 decrementa
1040 3652 1349 3702 altitudinum
1387 3653 1516 3703 Solis
1555 3661 1603 3703 et
1639 3653 1888 3703 stellarum
1940 3657 1987 3701 in
2025 3653 2252 3716 meridie3
2301 3657 2490 3717 quoties

244 3727 416 3774 iterum
455 3725 547 3774 sub
584 3737 682 3773 uno
722 3730 770 3773 et
810 3724 980 3773 eodem
1019 3725 1253 3789 parallelo
1293 3726 1373 3790 (de
1413 3728 1590 3790 quibus
1628 3726 1751 3775 libro
1790 3724 1901 3793 ΙΙΙ.)
1939 3726 2248 3794 provehimur
2303 3741 2488 3789 aequa-

243 3797 374 3847 libus
412 3797 681 3847 intervallis
719 3797 976 3846 itinerariis
1014 3798 1062 3845 in
1102 3804 1258 3847 ortum
1296 3799 1374 3849 vel
1415 3814 1656 3861 occasum,
1698 3800 1843 3848 toties
1875 3814 2184 3849 numeramus
2223 3799 2492 3862 aequaliter

244 3870 407 3934 plures
447 3871 526 3921 vel
565 3871 820 3935 pauciores
873 3870 1015 3919 horas
1058 3878 1105 3919 et
1141 3873 1326 3919 minuta
1376 3875 1424 3920 in
1464 3874 1711 3937 principiis
1766 3872 1841 3921 vel
1879 3873 2055 3921 finibus
2094 3872 2346 3935 eclipsium
2387 3871 2489 3920 Lu-
