2554 4140
223 133 330 182 434
1071 123 1308 181 Epitomes
1337 123 1654 170 Astronomiae

224 277 373 338 igitur
417 278 471 322 ut
512 269 672 340 30¹s'2‘
710 271 773 321 ad
814 273 902 320 31‘
938 271 1019 322 vel
1058 280 1111 321 ut
1153 274 1214 321 61
1259 272 1321 322 ad
1350 274 1432 332 62,
1473 275 1544 321 sic
1574 271 1941 321 semidiameter
1971 273 2181 321 100000
2207 271 2270 320 ad
2303 270 2491 320 distan-

225 350 346 396 tiam
391 360 664 409 apogaeam
713 346 944 393 101640:
986 351 1040 393 ut
1077 347 1140 393 sit
1179 347 1511 393 eccentricitas
1556 346 1710 406 1640,
1750 344 1827 408 his
1867 345 2062 407 quidem
2102 344 2244 393 datis.

375 421 422 468 3.
468 419 542 466 Ex
582 419 732 466 ternis
773 418 1200 468 observationibus
1238 415 1467 479 planetae
1493 417 1668 466 Martis
1707 417 1809 481 (vel
1849 417 2214 466 etiamVeneris
2254 416 2334 466 vel
2359 415 2494 464 Mer-

226 489 379 556 curii),
425 491 624 554 planeta
664 491 887 539 omnibus
925 491 1080 539 tribus
1109 490 1300 538 vicibus
1338 492 1388 538 in
1427 489 1599 539 eodem
1627 490 2011 545 eccentriciloco
2039 491 2318 550 constituto,
2359 502 2493 536 com-

223 570 466 626 putantur·
509 564 686 629 primo!
713 569 810 612 tres
859 563 1119 612 distantiae
1166 562 1345 610 Terrae
1396 579 1427 611 a
1465 561 1579 611 Sole
1623 565 1673 610 in
1721 563 1875 611 tribus
1930 562 2170 611 distinctis
2217 560 2380 610 circuli
2417 562 2492 609 sui

224 637 376 684 locis:
424 651 484 685 ex
523 637 582 684 iis
631 651 773 695 vero,
824 637 962 684 verbi
1000 650 1149 684 causa
1187 633 1300 695 FO,
1350 633 1462 695 EO,
1499 634 1602 684 -ΡΟ
1642 642 1690 685 et
1729 651 1788 684 ex
1825 634 1981 695 FOE,
2031 633 2163 684 EOP
2202 633 2391 697 angulis
2430 633 2491 681 ad

225 708 392 757 Solem
434 711 711 771 interceptis
750 707 894 775 (quos
933 710 1112 756 scimus
1153 723 1212 756 ex
1254 714 1470 770 tempore
1495 708 1748 771 interjecto
1789 714 1836 757 et
1864 709 2159 770 computatis
2196 707 2316 756 locis
2343 706 2491 766 Solis)

227 781 418 830 elicitur
456 784 804 831 eccentricitas.
882 781 1010 829 Vide
1047 780 1234 829 Comm.
1281 779 1466 829 Martis
1493 788 1632 844 parte
1670 781 1764 829 III.
1807 795 1912 843 cap.
1956 781 2040 829 25.
2082 787 2131 829 et
2169 795 2306 843 seqq.
2367 779 2492 827 Nam

225 855 381 902 tribus
421 855 613 917 punctis
641 855 696 916 F,
736 854 792 914 Ε,
833 853 874 900 Ρ
913 867 1010 902 non
1048 854 1096 899 in
1138 853 1309 902 eadem
1345 859 1478 902 recta
1514 855 1680 913 sactiS‚
1731 858 2010 916 geometrae
2047 852 2226 921 docent
2265 852 2492 901 circulum

225 927 459 986 formare,
518 929 600 990 qui
654 941 740 990 per
791 927 952 974 omnia
1006 927 1099 974 tria
1135 932 1318 989 puncta
1355 932 1584 976 transeat.
1663 926 1725 973 Et
1763 925 1942 974 Terrae
1981 926 2141 976 orbita
2192 927 2255 974 ob
2292 938 2492 988 parvam

223 1001 636 1049 eccentricitatem
677 997 761 1047 OG
803 1004 878 1047 est
914 1000 1133 1061 proxime
1173 998 1398 1048 circulus.

379 1072 651 1133 Semperne
688 1077 923 1120 constans
961 1077 1031 1120 est
1067 1077 1216 1119 tanta
1254 1070 1630 1120 eccentricitas?
1681 1070 1996 1120 Constantem
2049 1084 2156 1120 esse
2196 1068 2340 1118 valde
2377 1083 2495 1132 pro-

226 1144 393 1193 babile
434 1151 534 1194 est:
582 1148 624 1195 1.
666 1145 782 1207 quia
822 1158 1001 1194 causae
1041 1145 1413 1193 eccentricitatis
1468 1150 1582 1192 sunt
1620 1145 1863 1205 internae,
1912 1146 1960 1191 in
2001 1157 2200 1208 corpore
2237 1142 2494 1206 planetarii

224 1217 359 1280 globi
398 1207 547 1275 sitae',
602 1222 656 1264 ut
710 1217 837 1265 libro
876 1217 963 1266 IV.
1005 1217 1322 1280 disputatum.
1402 1219 1448 1265 2.
1505 1215 1633 1278 Quia
1673 1215 1814 1265 Luna
1864 1219 2040 1265 retinet
2077 1215 2282 1266 eandem
2321 1217 2495 1264 eccen-
2551 1261 2554 1267 ⁴

224 1291 484 1338 tricitatem
535 1289 708 1347 hodie,
764 1304 891 1351 quae
942 1291 1035 1339 suit
1087 1290 1218 1339 olim.
1293 1290 1432 1339 Idem
1481 1289 1538 1337 de
1586 1289 1697 1337 aliis
1747 1291 1893 1338 etiam
1932 1289 2143 1353 planetis
2189 1288 2283 1338 dici
2318 1293 2493 1352 potest.

228 1361 325 1410 Cur
365 1377 480 1424 ergo
521 1360 627 1410 sola
667 1362 819 1411 Terra
855 1377 994 1410 suam
1048 1362 1294 1412 mutaret?
1362 1364 1408 1410 3.
1463 1360 1592 1423 Quia
1640 1363 1731 1410 etsi
1770 1361 2083 1425 Hipparchus
2135 1375 2344 1424 eumque
2382 1361 2495 1408 imi-

226 1440 358 1482 tatus
386 1434 700 1489 Ptolemaeus
739 1435 950 1497 produnt
976 1451 1066 1484 sua
1103 1441 1264 1484 aetate
1292 1435 1541 1498 majorem,
1582 1434 1769 1484 scilicet
1794 1437 1951 1496 4200,
1993 1435 2124 1499 quod
2165 1440 2291 1484 esset
2317 1447 2495 1483 secun·

227 1506 342 1554 dum
380 1507 611 1571 physicas
661 1507 961 1571 hypotheses
1002 1509 1169 1569 2100,
1222 1523 1319 1557 non
1365 1509 1530 1569 1800,
1572 1513 1771 1557 monent
1809 1512 1971 1558 tamen
2010 1509 2128 1572 ipsi,
2169 1521 2284 1556 suas
2321 1507 2494 1570 aequi·
2532 1512 2535 1516 “

224 1581 908 1630 noctiorum'observationes
947 1582 1075 1630 intra
1117 1582 1146 1629 6
1187 1580 1332 1631 horas
1383 1595 1478 1630 non
1527 1595 1642 1640 esse,
1687 1586 1860 1631 certas.
1935 1581 2001 1629 At
2047 1583 2091 1630 si
2130 1581 2494 1630 observationes

226 1648 353 1701 intra
395 1654 423 1701 6
463 1653 618 1701 horas.
651 1660 765 1702 sunt
803 1654 1044 1716 incertae,
1102 1655 1251 1702 etiam
1292 1654 1625 1704 eccentricitas
1673 1655 1796 1703 inter
1839 1655 1977 1703 1800
2018 1661 2066 1704 et
2105 1655 2246 1702 2100
2284 1651 2497 1716 prodibit
2540 1666 2550 1726 ⁵.

226 1727 425 1774 incerta.
501 1726 636 1774 Nihil
674 1727 823 1789 igitur
862 1727 1234 1777 observationes
1276 1733 1494 1777 veterum
1531 1726 1741 1789 habent,
1794 1727 1927 1790 quod
1977 1732 2251 1791 opponatur
2298 1726 2496 1790 quanti-

228 1800 344 1847 tatis
386 1801 761 1848 ecceutricitatis
800 1802 1121 1850 constantiae.

378 1871 641 1935 Quomodo
680 1879 905 1922 movetur
943 1874 1202 1935 aphelium
1249 1873 1464 1922 Telluris
1505 1870 1564 1933 G,
1604 1873 1683 1921 vel
1721 1887 2005 1934 apoyaeum
2034 1870 2165 1920 Solis
2191 1874 2252 1933 A,
2293 1876 2339 1920 et
2374 1884 2488 1919 cum

228 1961 283 1994 eo
325 1950 555 1992 centrum
595 1948 856 1994 eccentrici
894 1945 1064 1996 Solis?
1102 1945 1294 1995 Causae
1335 1945 1669 1995 translationis
1708 1945 1867 1994 dictae
1892 1951 2005 1994 sunt
2043 1944 2166 1994 libro
2192 1944 2282 1993 IV.
2337 1941 2494 2006 Plaga

225 2017 563 2067 translationis
604 2025 678 2067 est
716 2019 807 2067 sub
847 2018 954 2067 fixis
993 2021 1040 2066 in
1082 2020 1432 2081 consequentia
1468 2021 1744 2082 signorum3
1792 2018 2030 2080 qualitate
2067 2016 2497 2081 aequabilissimus

227 2092 460 2139 statuitur
497 2105 666 2159 eorum
705 2098 880 2152 motus,
920 2093 1194 2155 quantitate
1233 2090 1535 2140 tardissimus
1574 2097 1675 2150 est,
1731 2097 1785 2139 ut
1822 2090 1934 2139 inde
1974 2091 2036 2138 ab
2074 2089 2357 2154 Hipparcho
2394 2099 2493 2136 non

229 2163 359 2211 ultra
398 2177 547 2211 unum
586 2165 780 2226 signum
818 2166 1141 2227 promoverit,
1181 2165 1348 2227 itaque
1384 2169 1546 2213 motus
1586 2177 1776 2211 annuus
1815 2164 2023 2226 apogaei
2049 2161 2179 2212 Solis
2217 2163 2281 2212 ab
2320 2162 2498 2223 aequi-'
2527 2199 2541 2219 ;,

226 2239 388 2284 noetio
429 2242 503 2284 est
541 2237 729 2285 circiter
775 2239 821 2284 1‘
861 2239 931 2285 3¹¹
970 2244 1018 2287 et
1055 2237 1330 2286 absolvitur
1367 2237 1457 2285 sub
1498 2236 1722 2299 ecliptica
1741 2239 1881 2284 annis
1921 2237 2108 2285 circiter
2133 2235 2307 2298 viginti
2342 2233 2494 2281 milli-¹

226 2310 320 2358 bus
359 2315 408 2358 et
451 2311 552 2356 572
593 2309 830 2374 amplius:
872 2311 1052 2374 quippe
1091 2311 1134 2359 ei
1174 2311 1463 2374 principium
1491 2309 1743 2373 eclipticas
1783 2309 1967 2358 obviat.
2043 2308 2110 2356 At
2147 2309 2238 2357 sub
2265 2301 2372 2356 fixis
2413 2307 2492 2355 vix
2520 2319 2545 2341 -‘

227 2381 353 2431 redit
392 2395 667 2444 apogaeum
700 2381 829 2431 Solis
868 2390 981 2444 post
1025 2383 1123 2431 108
1164 2382 1319 2431 millia
1356 2397 1609 2442 annorum,
1650 2387 1885 2445 quantum
1925 2395 1984 2431 ex
2023 2380 2160 2431 brevi
2187 2380 2495 2430 observatio-¹

202 2449 343 2523 ,num
383 2469 508 2508 aevo
550 2453 609 2503 de
648 2460 754 2503 tota
792 2455 994 2518 periodo
1033 2456 1310 2504 ratiocinari
1352 2454 1508 2505 datur.
1586 2454 1696 2504 Hoc
1732 2455 1881 2518 igitur
1917 2455 2148 2517 temporis
2186 2455 2344 2519 spatio
2383 2450 2492 2500 lon-

227 2529 454 2591 gisssimo
490 2532 708 2576 centrum
748 2529 936 2578 orbitae
964 2528 1175 2577 Telluris
1216 2527 1447 2578 describit
1471 2527 1716 2577 circellum
1754 2542 1958 2591 parvum
1986 2529 2113 2582 circa
2151 2541 2326 2591 corpus
2349 2521 2498 2617 Solis,

228 2600 589 2650 semidiametro
629 2600 692 2649 ad
742 2601 919 2649 solaris
957 2603 1172 2666 corporis
1210 2601 1622 2650 semidiametrum
1663 2600 1936 2664 quadrupla
1983 2599 2132 2665 paulo
2183 2599 2322 2666 plus3
2373 2606 2496 2661 qua·-

226 2674 325 2722 lem
376 2673 622 2722 circellum
675 2675 822 2722 etiam
873 2689 903 2723 a
940 2674 1082 2724 Luna
1134 2676 1262 2723 circa
1301 2674 1500 2723 Terram
1555 2674 1760 2724 describi
1810 2674 1857 2721 in
1912 2675 2052 2722 annis
2103 2669 2207 2742 8¹J2
2247 2686 2337 2722 suo
2387 2670 2495 2719 loco

234 2746 467 2796 dicemus,
498 2812 502 2816 Ι
547 2746 613 2794 At
651 2748 745 2795 nisi
771 2749 1147 2797 correxissemus
1175 2746 1470 2811 hypothesin
1501 2747 1771 2811 Copernici,
1813 2748 1897 2809 qui
1925 2752 2140 2796 centrum
2181 2746 2310 2795 orbis
2334 2734 2498 2818 magui

227 2821 366 2882 ponit
411 2821 460 2866 in
519 2824 681 2868 centro
719 2819 914 2881 mundi,
966 2826 1212 2883 oporteret
1250 2819 1416 2870 Solem
1455 2820 1617 2883 ipsum
1670 2821 1719 2868 in
1758 2818 1845 2868 tali
1885 2818 2080 2868 circello
2119 2820 2247 2868 circa
2284 2822 2499 2867 centrum

226 2891 393 2940 mundi
433 2893 647 2954 torqueri
700 2898 800 2941 tam
830 2892 1042 2957 ‘prolixo
1095 2892 1270 2942 reditu.
1347 2893 1410 2941 Et
1447 2892 1542 2942 hoc
1578 2892 1699 2942 illud
1739 2898 1827 2954 est,
1868 2891 1997 2942 unde
2036 2893 2084 2940 in
2122 2890 2247 2940 libro
2285 2890 2375 2939 IV.
2415 2879 2497 2964 solt⁴
2519 2947 2526 2951 .

235 2966 341 3013 355
383 2971 724 3027 argumentum
761 2979 850 3029 pro
888 2972 1026 3015 motu
1065 2965 1275 3014 Telluris
1315 2979 1464 3014 unum
1505 2965 1842 3015 desumsimus.

376 3037 494 3086 Non
533 3039 818 3100 inaequalis
855 3046 924 3087 est
961 3046 1126 3088 motus
1163 3042 1378 3102 apoyaei
1417 3039 1568 3100 Solis,
1609 3046 1669 3088 ut
1712 3038 2018 3102 Copernicus
2053 3034 2264 3086 statuit?
2318 3035 2371 3085 Si
2409 3021 2497 3084 ob&

238 3112 542 3164 sei-vationes
584 3111 824 3171 Arabum,
867 3113 951 3174 qui
994 3114 1216 3161 vixerunt
1256 3113 1381 3160 inter
1417 3118 1586 3161 nostra
1626 3118 1675 3161 et
1710 3109 1982 3174 Hipparchi
2021 3115 2265 3174 tempora,
2307 3107 2496 3157 omnino

231 3176 395 3243 justae
435 3189 611 3244 essent,
654 3190 898 3246 oporteret
924 3185 1052 3234 hunc
1091 3191 1277 3233 motum
1306 3185 1615 3248 inaequalem
1655 3185 1853 3234 statui.‘
1897 3184 1966 3232 At
2003 3180 2082 3231 vel
2120 3184 2350 3232 minimus
2387 3178 2498 3229 illa-²

234 3266 341 3301 rum
381 3255 664 3321 errorculuS,
704 3257 971 3319 qui‚facile
1009 3257 1200 3307 admitti
1241 3260 1415 3321 potuit,
1458 3271 1648 3307 omnem
1684 3257 1811 3306 hanc
1849 3255 2248 3319 inaequalitatem
2271 3235 2497 3318 praestat.
2550 3265 2554 3327 f

2476 3327 2490 3354 Τ
2549 3336 2554 3366 ι

237 3324 298 3373 Et
334 3334 519 3389 pugnat
558 3331 767 3391 apogaei
806 3329 975 3380 Lunae
1017 3330 1287 3379 similitudo
1325 3346 1413 3394 pro
1454 3336 1616 3380 motus
1655 3331 1942 3379 constantia.

395 3416 604 3479 Quanta
656 3425 724 3466 est
761 3421 999 3481 aequatio
1041 3419 1171 3468 Solis
1209 3422 1440 3468 maxima
1445 3457 1463 3481 ,
1519 3425 1716 3482 quanta
1754 3415 1967 3466 diurni?
2044 3419 2374 3465 Eccentricitas
2424 3401 2493 3462 00
2547 3409 2554 3436 ¹

239 3490 351 3552 1800
385 3491 462 3535 dat
494 3493 809 3546 aequationem
840 3494 1081 3538 maximam
1125 3494 1444 3550 (compositam
1485 3506 1542 3538 ex
1575 3494 1687 3538 OPC·
1728 3481 1893 3548 angulo
1932 3496 1978 3537 et
2015 3491 2168 3537 valore
2212 3503 2345 3536 areae
2375 3479 2495 3555 OCP,
2544 3484 2554 3556 j

233 3555 323 3599 hoc
358 3560 427 3598 est
457 3556 623 3612 angulo
653 3556 774 3601 POH
805 3560 876 3603 vel
906 3559 1023 3614 OPQ,
1054 3560 1150 3605 fere
1181 3561 1232 3604 2⁰
1262 3562 1301 3604 3¹
1334 3561 1443 3616 45⁰,
1476 3560 1685 3605 diurnum
1715 3559 1762 3603 in
1779 3571 1978 3614 apogaeo
2013 3559 2082 3605 57¹
2112 3559 2184 3614 3⁴¹,
2215 3558 2264 3602 in
2294 3554 2498 3622 perigaet)

234 3623 286 3666 1⁰
315 3620 358 3664 1⁴
389 3621 489 3677 20¹¹,
538 3635 639 3666 cum
669 3623 738 3667 57‘
769 3624 855 3668 14¹¹
893 3625 950 3669 ad
986 3627 1032 3669 1⁰
1053 3626 1103 3668 .1‘
1134 3625 1192 3668 3¹¹
1223 3625 1453 3670 contineat
1477 3624 1763 3670 intervallum
1795 3623 2040 3681 semitonii,
2087 3624 2213 3669 scilic
2225 3629 2271 3668 et
2310 3630 2492 3678 propor·
2518 3651 2524 3657 -

237 3685 408 3730 tionem
440 3685 494 3748 15
534 3684 591 3728 ad
623 3686 694 3730 16.

336 3812 341 3818 ,
392 3761 601 3825 Quanta
639 3762 755 3810 hinc
788 3763 844 3824 fit
882 3770 1056 3823 aestaS,
1098 3773 1299 3828 quanta
1335 3766 1533 3815 hiem?
1567 3764 1708 3833 ,Cum
1746 3763 2079 3813 semicirculus
2130 3764 2350 3827 superior
2385 3772 2511 3812 conr
2536 3765 2554 3795 Ἀ

243 3834 434 3883 ficiatur
484 3833 657 3884 diebus
712 3836 813 3884 187
862 3837 1022 3884 minus
1071 3837 1119 3885 h.
1173 3841 1221 3886 4.
1264 3840 1348 3900 38,
1393 3839 1681 3901 longissima
1734 3835 2157 3887 omnium'aestas
2204 3840 2368 3899 potest
2401 3831 2502 3882 fieri
2551 3876 2554 3877 γ
