2554 4140
623 143 762 188 Liber
793 143 1036 190 Secundus.
1099 143 1169 188 De
1201 122 1403 199 sphaera
1435 145 1481 188 et
1511 139 1690 188 circulis
1721 125 1835 198 ejus.
2248 143 2351 192 203

101 287 399 353 intelligatur
426 289 585 340 divisa
616 293 664 339 in
690 299 787 342 tres
825 298 987 357 partes
1015 292 1260 356 aequales,
1299 290 1604 355 principium,
1644 288 1857 340 medium
1885 295 1932 339 et
1956 289 2116 350 finem,
2154 286 2353 352 perinde

102 377 162 411 ac
197 363 237 410 si
277 377 415 411 arcus
455 364 637 425 circuli,
679 381 767 414 seu
804 381 916 429 pars
957 367 1063 429 ejus
1100 371 1292 415 eentum
1330 369 1379 412 et
1417 364 1653 412 vicesima
1691 370 1821 412 esset
1859 365 1908 411 in
1946 367 2127 413 rectam
2163 361 2354 426 perfec-

99 441 200 483 tam
237 442 451 485 extensa.
528 436 605 485 Ita
645 445 836 486 centum
876 446 924 488 et
963 441 1137 503 viginti
1175 445 1247 487 ter
1283 441 1444 486 sumta
1483 435 1666 483 faciunt
1703 438 1850 485 etiam
1887 442 2052 499 partes
2092 436 2212 485 360.

2 555 3 578 ἦ
249 507 521 571 Quodnam
558 524 745 559 nomen
782 512 927 561 habet
963 528 1074 561 una
1110 513 1293 560 talium
1328 511 1560 573 partium
1597 510 1653 556 in
1692 509 1908 570 quolibet
1946 508 2168 558 circulo?
2205 507 2353 557 Com-

39 608 42 610 *
100 594 459 629 munenomeu
497 595 583 645 per
622 598 789 632 omnes
828 585 1034 634 circulos
1075 591 1146 633 est
1177 586 1373 646 parti35
1411 581 1725 645 peculiariter
1761 595 1879 630 vero
1913 583 1960 628 in
1989 581 2192 630 zodiaco
2229 595 2354 644 yra-

100 652 193 700 dus
230 651 480 716 dicuntur,
534 657 666 718 quod
704 657 790 706 Sol
828 660 953 707 intra
991 673 1138 706 unam
1180 657 1305 705 diem
1342 669 1468 719 pene
1506 660 1697 702 tantum
1736 668 1901 702 arcum
1942 656 2142 703 transire
2181 654 2355 703 videa-

100 731 204 786 tur3
258 727 307 772 in
356 734 624 790 aequatore
674 745 788 779 vero
829 731 1051 780 dicuntur
1087 738 1328 793 tempora,
1370 727 1500 792 quod
1538 729 1580 775 is
1617 729 1683 775 sit
1717 741 1945 776 mensura
1996 728 2252 790 temporis3
2306 728 2355 782 in

2 848 4 850 ,
99 798 352 848 horizonte
391 799 617 850 dicuntur
653 804 852 852 arabica
899 819 1019 854 voce
1067 802 1357 862 azimutha,
1403 799 1559 850 latine
1612 799 1787 864 plagae
1827 799 1923 848 dici
1961 805 2176 863 possent.
2256 797 2354 848 Sed

97 869 334 934 graduum
372 887 550 923 nomen
586 876 649 924 ab
689 891 781 925 usu
819 877 1002 925 factum
1039 882 1113 926 est
1151 890 1404 924 commune
1442 888 1528 939 per
1566 887 1732 922 omnes
1773 871 1994 922 circulos.

4 947 5 950 ’
51 954 59 957 “
249 944 366 1008 Qua
405 961 523 997 vero
558 951 682 997 serie
729 964 1064 999 numerorum
1105 949 1397 997 scribuntur
1447 947 1541 995 hae
1578 952 1750 1009 partes
1797 948 1854 994 in
1891 945 2220 1008 unoquolibet
2256 946 2356 993 cir·-

97 1017 250 1067 culo?
293 1018 352 1066 In
389 1027 655 1083 aequatore
695 1028 743 1071 et
779 1021 983 1071 zodiaco
1020 1022 1076 1070 fit
1112 1023 1302 1069 initium
1341 1036 1371 1069 a
1410 1021 1653 1069 communi
1691 1032 1858 1068 eorum
1896 1020 2114 1068 sectione
2155 1016 2355 1077 vernali,

99 1095 148 1138 et
192 1092 380 1153 priores
431 1100 769 1156 numerantur,
822 1109 948 1157 quae
995 1097 1128 1158 prius
1177 1095 1393 1142 oriuntur
1450 1094 1497 1140 in
1550 1094 1688 1141 zonis
1735 1093 2016 1156 temperatis
2065 1098 2113 1139 et
2158 1089 2355 1151 torrida,

99 1165 392 1225 posteriores
435 1167 482 1214 in
521 1167 724 1216 zodiaco
764 1167 905 1230 illae,
958 1169 1007 1215 in
1047 1181 1170 1231 quas
1208 1165 1294 1214 Sol
1332 1167 1579 1229 posterius
1607 1167 1764 1215 veuit.
1838 1165 1894 1213 In
1935 1169 2202 1228 aequatore
2242 1164 2356 1227 qui-

97 1235 205 1284 dem
243 1238 306 1286 ab
344 1253 443 1287 una
479 1239 543 1287 ad
584 1242 688 1289 360
725 1240 780 1289 fit
829 1243 1101 1290 numeratio
1150 1241 1380 1288 continua
1432 1253 1520 1302 per
1558 1245 1713 1288 totum
1753 1237 2010 1299 circulum,
2062 1239 2113 1284 in
2152 1236 2356 1286 zodiaco

98 1324 212 1358 vero
238 1311 301 1359 ab
341 1326 438 1360 una
475 1313 536 1360 ad
577 1314 788 1376 triginta,
829 1316 913 1377 qui
950 1313 1176 1362 modulus
1203 1327 1352 1360 unum
1381 1311 1823 1362 dodecatemorium
1862 1312 2005 1374 facit3
2045 1310 2158 1360 iude
2182 1323 2357 1359 nume-

4 1379 34 1442 s
95 1385 220 1431 ratio
258 1383 383 1433 redit
427 1384 490 1434 ad
529 1388 719 1435 initium
757 1401 842 1435 seu
886 1390 1136 1448 unitatem,
1178 1385 1332 1435 donec
1368 1385 1572 1434 alterum
1614 1384 2058 1434 dodecatemorium
2096 1389 2169 1433 est
2207 1384 2358 1434 abso-

96 1455 266 1516 lutum,
307 1462 356 1506 et
388 1460 459 1507 sic
495 1458 773 1511 duodecies.
849 1461 1046 1510 Etcum
1083 1460 1354 1509 numeratio
1374 1458 1462 1507 'vel
1502 1463 1661 1507 motus
1696 1458 1791 1507 hoc
1831 1458 1998 1508 ordine
2024 1457 2258 1522 procedit,
2299 1470 2358 1506 ea

94 1528 268 1578 dicitur
312 1532 561 1616 signorum
612 1537 989 1596 consequentia3
1047 1533 1288 1583 contrario
1338 1531 1484 1580 modo
1537 1532 1711 1580 dicitur
1764 1534 2038 1582 numeratio
2078 1531 2158 1580 vel
2195 1536 2357 1580 motus

94 1602 356 1665 procedere
396 1605 443 1652 in
483 1606 835 1658 antecedentia.

245 1676 302 1724 In
344 1678 403 1726 iis
442 1693 560 1727 vero
599 1680 804 1742 circuliS,
845 1681 930 1743 qui
968 1685 1220 1728 transeunt
1256 1692 1343 1742 per
1380 1676 1522 1742 polos
1560 1677 1755 1739 mundi,
1797 1679 1988 1727 initium
2027 1650 2089 1727 ab
2131 1690 2359 1740 unoquo-

94 1749 216 1798 libet
250 1749 474 1813 polorum
511 1751 565 1800 fit
603 1750 798 1816 duplex,
838 1753 1044 1803 alterum
1084 1754 1146 1801 ab
1187 1766 1284 1800 uno
1323 1751 1657 1812 semicircuIO,
1711 1751 1953 1814 reliquum
1993 1753 2040 1798 in
2080 1750 2260 1815 altero,
2310 1755 2358 1798 et

7 1829 10 1848 '
46 1869 53 1875 .
94 1822 375 1885 perducitur
412 1826 452 1871 is
490 1839 717 1874 numerus
757 1841 911 1911 usque
950 1825 1014 1874 ad
1054 1827 1138 1887 90,
1179 1825 1364 1874 scilicet
1402 1824 1467 1873 ad
1505 1825 1717 1873 medium
1757 1825 1991 1873 circulum
2027 1825 2152 1872 inter
2189 1823 2356 1886 po‘los3

94 1897 166 1944 ita
213 1903 425 1958 quatuor
470 1905 586 1946 sunt
638 1901 774 1948 initia
821 1901 869 1947 in
920 1904 1130 1962 quatuor
1182 1899 1418 1961 cujusque
1472 1896 1845 1961 quadrantibus.
1948 1896 2047 1946 Alii
2095 1899 2287 1944 initium
2329 1912 2360 1944 a

95 1967 257 2019 medio
297 1968 479 2019 circulo
518 1963 703 2020 faciunt
741 1978 789 2021 et
826 1974 875 2020 iu
913 1971 1040 2035 polis
1079 1972 1270 2021 finiunt.
1345 1970 1471 2020 Sunt
1510 1973 1595 2034 qui
1634 1977 1890 2035 utramque
1938 1972 2111 2021 seriem
2153 1970 2358 2032 conjun-

8 2025 36 2062 ”
94 2049 212 2105 gant
248 2049 336 2091 aut
378 2045 632 2093 misceant.

238 2115 294 2163 In
334 2117 582 2179 parallelis
605 2131 763 2180 ver0,
818 2132 884 2167 sc.
925 2119 976 2165 in
1015 2119 1214 2181 tropicis
1255 2122 1302 2166 et
1341 2118 1620 2183 polaribuS,
1672 2131 1770 2166 non
1822 2122 2046 2166 censetur
2083 2120 2359 2167 necessaria

95 2188 287 2249 divisio,
327 2191 445 2253 quia
483 2196 595 2240 sunt
633 2188 871 2240 minorum
916 2205 942 2241 e
980 2205 1198 2253 uumer⁰‚
1239 2197 1288 2240 et
1324 2190 1515 2240 medius
1557 2205 1743 2257 eorum,
1783 2197 2047 2254 aequator‚
2103 2192 2209 2240 vice
2250 2204 2357 2239 om-

93 2264 226 2311 nium
264 2263 513 2326 fungitur.-

239 2335 296 2383 In
348 2336 600 2385 horizonte
651 2351 848 2400 quoque
901 2336 1167 2387 dividendo
1221 2336 1429 2387 artifices
1467 2351 1563 2387 non
1605 2352 1754 2386 unam
1792 2343 2063 2401 sequuntur
2099 2338 2354 2386 rationem.

93 2408 217 2457 Cum
257 2411 384 2457 enim
424 2409 720 2459 meridianus
759 2411 949 2460 dividat
967 2410 1270 2460 horizontem
1308 2413 1357 2459 in
1398 2410 1522 2459 duos
1546 2410 1892 2471 semicirculos,
1935 2414 2146 2460 ortivum
2179 2417 2228 2459 et
2266 2423 2353 2458 oc-

91 2481 300 2542 ciduum,
342 2483 715 2545 aequinoctialis
754 2486 801 2531 in
840 2485 1271 2547 septentrionalem
1313 2490 1361 2534 et
1387 2484 1735 2545 meridianum,
1778 2484 1978 2547 quidam
2004 2501 2034 2533 a
2058 2483 2356 2533 sectionibus

11 2577 13 2583 v
93 2555 198 2618 ejus
238 2570 348 2603 cum
389 2556 681 2617 meridiam,
734 2557 934 2620 quidam
973 2572 1003 2605 a
1042 2559 1342 2607 sectionibus
1393 2557 1660 2624 ejus-cum
1710 2564 2000 2620 aequatore,
2055 2556 2254 2620 quidam
2294 2556 2357 2604 ah

93 2630 313 2691 utrisque
344 2630 596 2692 incipiunt,
637 2636 684 2678 et
711 2630 790 2678 vel
830 2631 892 2679 ab
930 2635 950 2679 1
983 2630 1044 2679 ad
1077 2631 1178 2679 180
1216 2631 1594 2694 progrediuntur
1620 2634 1860 2693 utrinque,
1903 2631 1982 2680 vel
2022 2631 2084 2678 ab
2127 2633 2148 2678 l
2180 2629 2242 2677 ad
2273 2630 2355 2677 90.

242 2701 413 2765 Quare
450 2706 506 2750 in
543 2709 815 2764 aequatore
853 2710 898 2752 et
934 2703 1139 2753 zodiaco
1174 2704 1231 2767 fit
1266 2706 1640 2754 numerationis
1677 2706 1885 2752 initium
1923 2720 1956 2752 a
1993 2705 2203 2753 sectione
2234 2716 2357 2751 :ver-

91 2774 242 2823 nali?
292 2775 347 2823 In
398 2775 578 2824 circulo
627 2775 822 2837 quidem
871 2792 961 2825 sua
997 2781 1171 2825 natura
1209 2792 1298 2826 nec
1335 2778 1527 2825 initium
1568 2783 1641 2826 est
1679 2792 1769 2826 nec
1817 2776 1942 2826 finis.
2020 2775 2147 2838 Quia
2194 2781 2357 2825 tamen

92 2849 281 2896 initium
337 2850 535 2898 omnino
574 2848 848 2897 faciendum
889 2857 962 2899 est
1001 2849 1233 2912 aliquod,
1285 2856 1460 2899 natura
1499 2850 1620 2900 duce
1660 2849 1723 2898 ad
1761 2864 1910 2898 unum
1950 2864 1975 2899 e
2015 2850 2208 2912 punctis
2248 2862 2357 2897 car-

80 2920 339 2970 dinalibus
392 2921 703 2981 devenimuS‚
757 2924 937 2986 quippe
976 2937 1103 2986 quae
1142 2924 1222 2971 vel
1261 2924 1560 2972 sectionibus
1600 2922 1679 2972 vel
1719 2923 2025 2972 contactibus
2067 2922 2356 2983 colurorum,

91 2996 467 3057 aequinoctialis
507 3000 555 3044 et
594 2996 887 3058 tropicorum
925 3003 1255 3045 monstrantur
1281 2999 1429 3059 inque
1468 2995 1684 3045 evidenti
1720 3002 1768 3044 et
1808 2997 2070 3060 conspicuo
2101 2995 2210 3045 loco
2252 2994 2356 3045 col-

91 3066 327 3117 locantur.
376 3067 521 3118 .Jam
559 3074 742 3130 puncta
779 3069 966 3131 tropica
1005 3069 1259 3119 obscurius
1287 3071 1481 3131 signata
1506 3074 1621 3117 sunt
1657 3068 1911 3131 latentque
1952 3070 2000 3117 in
2027 3068 2194 3132 aliqua
2217 3074 2356 3132 parte

93 3141 274 3202 circuli,
313 3156 398 3206 per
436 3156 584 3204 quam
623 3141 920 3190 insensibilis
948 3149 1022 3191 est
1060 3141 1641 3194 mutatiodeclinationis
1681 3140 1827 3192 Solis,
1905 3143 1974 3192 Ex
2015 3143 2357 3206 aequinoctia-

91 3213 219 3263 libus
259 3229 373 3264 vero
413 3214 460 3262 id
501 3213 684 3277 placuit
722 3215 889 3277 primis
929 3216 1254 3263 astronomiae
1294 3214 1645 3274 inventoribus,
1687 3214 1817 3277 quod
1857 3216 1977 3279 ipsis
2013 3215 2062 3263 in
2102 3230 2193 3264 sua
2230 3230 2357 3265 zona

91 3286 246 3336 lucem
287 3294 335 3337 et
372 3287 581 3336 calorem
614 3286 878 3336 reducebat
918 3293 964 3335 et
989 3288 1276 3350 principium
1304 3288 1430 3335 veris
1459 3286 1725 3350 aperiebat,
1767 3288 1963 3351 quando
1990 3288 2168 3339 Terrae
2206 3303 2355 3338 reno-

92 3366 236 3409 vatur
280 3360 428 3410 facies
477 3362 823 3422 reviviscitque
873 3366 1061 3409 natura.
1143 3360 1398 3408 Contraria
1450 3362 1577 3408 enim
1618 3362 1783 3410 omnia
1820 3367 2038 3425 tempore
2082 3361 2356 3411 autumnali

93 3448 199 3482 cnm
250 3434 505 3494 eveniant,
564 3434 828 3483 sectionem
882 3432 1038 3493 illam,
1089 3445 1237 3495 quam
1275 3432 1360 3482 Sol
1401 3434 1619 3482 autumni
1657 3440 1873 3498 tempore
1913 3435 2038 3498 adit,
2091 3436 2268 3485 minori
2305 3437 2355 3483 iu

95 3508 251 3569 pretio
292 3505 547 3556 collocant.

239 3579 498 3643 Quomodo
534 3594 660 3642 pars
701 3580 775 3627 vel
810 3576 1001 3640 qradus
1038 3592 1175 3625 unus
1211 3577 1591 3628 subdividitur?
1626 3579 1682 3628 In
1723 3585 1886 3645 partes
1928 3582 2011 3643 60,
2052 3595 2176 3644 quas
2213 3595 2353 3631 scru-

93 3650 208 3715 pula
254 3653 334 3701 vel
383 3654 597 3711 minuta,
649 3667 821 3716 graece
875 3653 1025 3699 λεπτυ.
1075 3650 1305 3713 dicimus3
1358 3658 1406 3701 et
1450 3653 1691 3703 minutum
1736 3669 1885 3703 unum
1940 3656 1986 3701 in
2043 3656 2110 3703 60
2164 3656 2352 3702 minuta

93 3724 330 3785 secunda,
383 3725 651 3775 secundum
693 3740 838 3774 unum
879 3725 925 3771 in
971 3724 1036 3771 60
1076 3724 1245 3785 tertia,
1301 3729 1349 3774 et
1387 3726 1457 3775 sic
1498 3726 1751 3790 deinceps,
1807 3741 2063 3791 quousque
2103 3727 2195 3775 hac
2232 3726 2353 3775 sub·-
2419 3774 2427 3778 .

93 3796 268 3847 tilitate
308 3812 336 3847 o
373 3813 430 3847 us
471 3804 557 3847 est.

242 3813 383 3936 ῼυιῗε
431 3877 498 3921 εει
550 3873 827 3921 notationis
873 3884 1051 3918 earum
1107 3869 1276 3919 ratio?
1329 3870 1553 3921 Numeris
1609 3873 1821 3937 integras
1860 3878 2026 3936 partes
2065 3872 2351 3921 notantibus
