2554 4140
217 159 322 213 338,
751 152 756 157 '
1048 148 1284 204 Epitomes
1314 146 1632 195 Astronomiae

167 286 171 291 ’
217 297 465 344 cedendum
509 302 554 341 et
591 294 650 340 ad
692 294 842 339 locum
880 293 1191 351 praebendum
1232 290 1513 336 naturalibus
1555 290 1778 345 cujusque
1808 289 1931 346 globi
1962 289 2260 342 motionibus,
2302 289 2479 334 etiamsi

217 361 463 407 contrarias
503 358 606 403 illas
645 357 730 403 sibi
771 360 929 403 mu‘tuo
969 358 1202 413 contingat
1244 369 1366 400 esse:
1412 352 1527 400 adeo
1575 362 1626 398 ut
1670 355 1819 413 omni-a
1864 354 2130 412 simpliciter
2171 354 2228 398 ab
2270 341 2477 399 omnibus
2525 374 2528 377 ·

215 426 442 484 penetrari
471 439 562 469 non
593 422 823 469 difficilius
855 437 989 480 quam
1021 422 1218 479 perspici
1248 420 1440 477 possint.
1500 419 1662 480 Neque
1693 425 1867 465 tautum
1899 421 2019 464 circa
2054 418 2256 474 singulos
2287 417 2480 464 circulos

216 491 303 535 ista
331 488 548 535 facilitate
579 487 814 545 utendum,
846 488 928 532 sed
960 492 1005 534 et
1037 488 1156 531 circa
1184 486 1384 541 integras
1417 484 1635 542 sphaeras
1667 490 1714 529 et
1743 485 1862 530 circa
1901 497 2010 529 axes
2042 497 2278 530 curvarum
2310 489 2355 528 et
2375 498 2479 529 con·

217 554 445 599 clusarum
476 553 833 612 superficierum.
894 553 996 596 Etsi
1016 551 1131 595 enim
1164 551 1301 595 etiam
1330 551 1505 605 horum,
1537 553 1725 607 propter
1743 550 2012 594 'differentes
2033 555 2198 608 motus,
2229 549 2381 594 variae
2402 550 2480 594 im-

214 618 479 676 plicationes
511 624 556 664 et
585 618 774 665 aliorum
802 618 849 662 iu
881 617 980 662 aliis
1011 617 1294 672 insertiones,
1327 615 1372 658 in
1404 615 1623 671 exemplis
1666 614 1955 672 theoriarum‚
1989 627 2105 671 quae
2130 614 2326 661 bumana
2347 629 2481 660 manu

216 684 363 729 solent
394 685 616 742 apparari,
647 683 941 741 perdifficiles
974 688 1098 736 sunt,
1140 675 1234 727 nec'
1255 681 1390 726 facile
1423 680 1676 726 succedunt
1705 683 1791 740 ita,
1824 689 1874 728 ut
1903 686 2053 726 motus
2083 681 2171 736 ipsi
2202 680 2315 725 nihil
2343 681 2482 738 impe-

217 749 421 795 diantur:
461 750 508 794 in
547 749 676 795 coelo
717 756 869 795 tamen
913 748 1116 793 videmus
1146 760 1434 804 nequaquam
1476 746 1659 791 obstare
1688 753 1779 792 tam
1823 746 2116 803 multiplicem
2146 752 2348 792 motuum
2381 761 2482 794 con-

217 829 411 871 cursum,
444 828 533 871 quo
560 816 707 867 minus
740 815 949 859 eveniant
970 811 1149 868 singuli.
1214 812 1334 867 Quin
1364 811 1453 856 imo
1485 824 1542 854 ne
1557 812 1651 857 hoc
1681 812 1829 869 ipsum
1851 812 2047 869 quidem,
2081 812 2189 867 quid
2209 813 2256 856 in
2282 813 2485 858 coelesti·

217 882 302 927 bus
334 879 525 936 simplex
555 882 626 936 sit,
652 879 847 942 judicari
880 884 1060 935 oportet
1093 878 1313 934 exemplis
1345 889 1498 921 earum
1517 890 1682 935 rerum,
1715 891 1832 934 quae
1862 890 2003 935 penes
2027 891 2111 924 nos
2142 879 2368 936 simplices
2386 890 2487 924 esse

219 946 454 991 videntur:
487 948 642 1003 utique
674 959 775 990 cum
806 957 954 999 neque
985 942 1059 986 bic
1090 943 1135 987 in
1166 942 1320 986 Terris
1353 942 1564 1004 omuibus
1590 943 1709 988 idem
1733 958 1790 989 ex
1821 957 1968 1000 aequo
1992 945 2185 1002 simplex
2216 957 2317 991 esse
2338 943 2486 988 videa·

217 1019 305 1058 tur.
365 1011 518 1058 Facile
548 1021 742 1068 namque
771 1010 865 1062 fiet,
897 1017 948 1055 ut
979 1010 1056 1067 qui
1087 1010 1153 1055 sic
1183 1008 1422 1054 aestimare
1453 1010 1647 1057 voluerit
1678 1011 1917 1068 coelestia,
1948 1012 1988 1056 is
2019 1010 2133 1055 nihil
2164 1024 2341 1063 eorum,
2371 1021 2488 1066 quae

221 1076 337 1121 fiunt
367 1077 412 1121 in
445 1076 584 1131 coelo,
617 1075 808 1132 simplex
839 1081 1084 1131 agnoscat,
1126 1074 1358 1132 ue'ipsam
1389 1074 1568 1132 quidem
1598 1076 1732 1133 primi
1760 1081 1909 1120 motus
1938 1075 2248 1121 invariabilem
2281 1082 2488 1121 constan-

217 1143 345 1188 tiam:
388 1143 595 1186 nimirum
637 1143 744 1199 quia
782 1142 870 1186 hoc
911 1141 1061 1197 ipsum
1104 1138 1179 1202 (ut
1216 1140 1280 1186 sit
1318 1152 1384 1187 sc.
1425 1138 1629 1202 aliquid,
1670 1138 1801 1202 quod
1831 1138 2004 1188 eodem
2041 1154 2094 1189 se
2126 1137 2271 1187 modo
2311 1153 2487 1202 perpe-

216 1221 301 1262 tuo
355 1211 554 1280 habeat)
605 1216 725 1261 inter
753 1215 960 1260 homines
991 1214 1178 1258 inventu
1208 1227 1300 1259 non
1329 1220 1506 1260 tantum
1538 1214 1724 1260 difficile
1755 1222 1839 1274 est,
1872 1216 1954 1262 sed
1986 1215 2166 1274 penitus
2197 1211 2488 1274 impossibile.

219 1282 322 1328 Non
352 1281 490 1338 igitur
520 1296 576 1328 ex
606 1282 744 1327 rebus
776 1280 1070 1339 nostratibus,
1103 1280 1184 1326 sed
1215 1295 1272 1326 ex
1293 1281 1406 1339 ipsis
1438 1282 1612 1327 naturis
1635 1295 1803 1338 eorum,
1835 1296 1952 1340 quae
1981 1284 2027 1327 in
2048 1281 2175 1329 coelo
2209 1286 2326 1330 sunt,
2358 1284 2404 1324 et
2435 1291 2490 1324 ex

217 1354 419 1392 motuum
447 1346 650 1402 ipsorum
681 1346 951 1392 immutabili
980 1353 1139 1392 tenore
1165 1346 1387 1403 ⁴iudicium
1417 1353 1488 1391 est
1519 1348 1866 1395 insormandum.
1926 1349 1998 1394 Ita
2027 1347 2119 1407 fiet,
2159 1353 2209 1393 ut
2238 1347 2325 1391 boc
2355 1350 2489 1402 pacto
2549 1383 2551 1386 Α

216 1418 364 1458 motus
396 1424 552 1457 omnes
580 1414 821 1459 videantur
850 1413 1076 1470 simplices
1092 1413 1328 1470 multoque
1359 1413 1673 1471 simplicior-ee,
1705 1428 1839 1472 quam
1871 1428 1938 1468 ea,
1971 1426 2088 1471 quae
2103 1425 2246 1471 penes
2275 1423 2358 1457 nos
2382 1409 2492 1456 talia

217 1475 430 1523 vide'ntur
465 1490 590 1524 esse:
631 1481 801 1538 quippe
837 1479 1012 1524 nullum
1051 1479 1274 1535 laborem,
1314 1478 1486 1525 nullam
1528 1479 1840 1527 difficultatem
1882 1480 1929 1525 in
1961 1477 2300 1526 circuitionibus
2337 1488 2491 1522 eorum

220 1543 444 1601 suspicari
472 1557 728 1601 possumus.
770 1543 1057 1600 ,Hactenus
1094 1542 1427 1593 Ptolemaeus.

374 1640 511 1704 Quid
559 1641 812 1690 desideras
867 1644 925 1690 in
973 1628 1069 1690 hae
1107 1643 1388 1693 Ptolemaei
1437 1620 1726 1695 sententia?
1762 1642 1867 1692 Etsi
1908 1657 2075 1693 verum
2115 1648 2202 1705 est,
2244 1656 2340 1691 non
2381 1654 2490 1691 esse
2530 1625 2539 1677 -'

226 1712 520 1763 censendam
573 1714 862 1765 facilitatem
914 1722 1137 1765 motuum
1185 1716 1470 1766 coelestium
1524 1731 1583 1767 ex
1634 1711 1920 1769 difficultate
1958 1723 2178 1764 motuum
2221 1715 2521 1774 elementa-‚

226 1788 366 1848 rium,
404 1794 603 1851 propter
642 1802 816 1838 causas
845 1789 970 1839 bene
996 1789 1207 1860 multas,
1245 1788 1462 1839 noudum
1489 1797 1652 1840 tamen
1682 1790 1920 1855 sequitur,
1959 1795 2180 1838 motuum
2206 1787 2492 1838 coelestium

224 1858 361 1908 nulla
409 1861 457 1906 in
497 1859 660 1910 Terris
713 1862 936 1927 exempla
974 1864 1251 1927 propinqua
1305 1877 1438 1926 esse3
1493 1870 1540 1913 et
1580 1862 1774 1913 videtur
1812 1861 2128 1912 Ptolemaeus
2166 1862 2309 1910 nimis
2346 1860 2491 1924 longe

224 1930 482 1983 extendere
520 1933 648 1983 hanc
687 1935 1068 1997 excusationem,
1107 1934 1233 1986 adeo
1272 1941 1328 1984 ut
1365 1938 1645 1986 universam
1682 1938 1920 1986 rationem
1958 1935 2334 1985 astronomicam
2373 1947 2492 1982 cou-

225 2004 394 2068 fodiat,
433 2007 600 2070 itaque
640 2022 798 2071 neque
837 2010 1130 2058 astronomis
1173 2009 1461 2073 satisfaciat,
1502 2024 1660 2074 neque
1699 2007 2024 2074 philosophis,
2064 2022 2225 2073 neque
2252 2008 2300 2056 in
2328 2005 2495 2056 Chris·
2545 2023 2550 2029 ¹

225 2081 359 2128 tiana
399 2079 547 2128 etiam
586 2079 845 2145 disciplina
881 2081 1079 2132 tolerari
1119 2083 1288 2147 possit.

373 2156 500 2215 Nam
539 2167 671 2230 quod
711 2171 1059 2218 astronomiam
1097 2171 1286 2229 attinet,
1328 2183 1495 2219 omues
1535 2170 1732 2220 omnino
1757 2167 2060 2234 hypotheses
2087 2169 2136 2216 iu
2163 2167 2491 2231 suspicionem

227 2237 462 2288 salsitatis
503 2239 718 2302 adducit,
758 2239 874 2290 dum
911 2247 1165 2306 tantopere
1202 2248 1344 2306 urget
1383 2241 1639 2291 discrimen
1679 2242 1964 2293 coelestium
2005 2247 2053 2290 et
2090 2242 2386 2290 terrestrium
2415 2254 2494 2289 re-

231 2325 351 2373 rum,
392 2310 516 2360 adeo
557 2319 610 2361 ut
648 2315 796 2363 etiam
833 2318 959 2364 ratio
998 2317 1107 2379 ipsa
1144 2329 1302 2365 errare
1338 2321 1551 2379 ponatur
1590 2317 1639 2365 in
1676 2314 2027 2378 dijudicatione
2053 2314 2175 2377 ejus,
2215 2310 2347 2377 quod
2370 2326 2533 2381 geo-,¹

231 2385 428 2434 metrice
467 2386 674 2449 simplex
714 2388 802 2436 est.
878 2388 1005 2437 Nam
1046 2389 1115 2449 si,
1160 2387 1293 2451 quod
1330 2389 1508 2437 rationi
1546 2394 1744 2438 nostrae
1784 2387 1843 2437 de
1882 2386 2020 2437 coelo
2059 2385 2252 2437 videtur
2292 2399 2492 2449 compo-

229 2459 392 2518 situm,
435 2461 743 2522 componenti
782 2461 1006 2522 circuloS‚
1047 2460 1096 2509 id
1136 2463 1183 2508 in
1222 2462 1330 2525 ipso
1370 2460 1510 2511 coelo
1549 2459 1757 2525 simplex
1796 2468 1898 2523 est;
1947 2461 1994 2508 iu
2033 2459 2172 2510 coelo
2211 2459 2359 2524 igitur
2395 2472 2490 2507 nou

228 2537 344 2597 suut
395 2533 652 2595 compositi
703 2534 914 2583 invicem
966 2534 1133 2583 circuli
1182 2533 1245 2582 ad
1297 2548 1447 2582 unum
1496 2539 1683 2583 motum
1730 2532 2071 2597 effigiandum:
2121 2531 2301 2581 salsum
2347 2531 2494 2595 igitur

229 2605 462 2666 supponit
500 2611 824 2668 astronomus,
866 2614 915 2656 et
954 2607 1087 2669 quod
1125 2621 1431 2671 summopere
1471 2609 1661 2668 mirum,
1702 2622 1761 2656 ex
1799 2621 1929 2656 mere
1967 2606 2103 2655 falsis
2136 2619 2306 2654 verum
2346 2603 2490 2653 elicit.

226 2675 285 2723 Id
325 2689 439 2725 vero
480 2684 553 2725 est
591 2677 826 2728 honorem
864 2681 1192 2730 astronomiae
1233 2679 1504 2741 destruere,
1553 2694 1698 2743 quem
1735 2679 2027 2729 Aristoteles
2067 2674 2127 2726 in'
2153 2678 2288 2727 libris
2327 2677 2491 2726 Meta-

229 2748 544 2814 physicorum
579 2753 810 2814 asseruit,
850 2752 1131 2803 audiendos
1170 2755 1453 2802 existimaus
1491 2759 1807 2805 astronomos
1842 2767 1997 2817 super
2031 2752 2206 2816 forma
2244 2757 2291 2799 et
2325 2750 2494 2814 dispo-

230 2823 411 2870 sitione
448 2823 763 2888 motibusque
801 2841 1072 2889 corporum
1112 2826 1407 2876 coelestium.
1475 2824 1604 2889 Quin
1644 2828 1740 2876 imo
1767 2825 2080 2876 Ptolemaeus
2107 2838 2161 2876 se
2189 2825 2348 2888 ipsum
2377 2836 2493 2888 pro-

231 2892 316 2956 dit,
357 2894 474 2958 quid
513 2903 670 2960 optet:
706 2898 849 2966 jubet
887 2901 1017 2948 enim
1056 2897 1331 2963 confingere
1369 2898 1670 2963 hypotheses
1706 2913 1854 2961 quam
1879 2897 2282 2962 simplicissimas,
2323 2897 2366 2945 si
2389 2893 2496 2945 fieri

230 2973 406 3030 potest.
481 2969 658 3033 Itaque
708 2971 749 3019 si
798 2972 908 3035 quis
954 2971 1277 3035 simpliciores
1315 2973 1423 3038 ipso
1463 2970 1775 3033 confinxerit,
1826 2971 2119 3035 geometrice
2158 2967 2493 3033 intelligendo⁸

203 3053 348 3104 ‚suas
400 3042 482 3092 ille
531 3045 828 3107 compositas
880 3043 973 3094 hac
1023 3046 1341 3094 excusatione
1395 3051 1564 3095 contra
1610 3058 1707 3093 uon
1743 3046 1957 3104 muniet,
2010 3042 2097 3093 sed
2133 3042 2346 3110 proferre
2384 3041 2493 3091 illas

228 3111 438 3176 jubebit,
477 3129 604 3184 quae
642 3117 799 3179 nobis,
839 3116 1120 3167 homiuibus
1159 3117 1219 3168 de
1243 3118 1408 3181 Terra,
1450 3115 1746 3167 videbuntur
1784 3116 2136 3181 simpliciores,
2177 3116 2369 3165 etiamsi
2406 3128 2493 3164 ex-

235 3185 405 3249 emplis
443 3193 637 3237 utamur
674 3191 995 3242 terrestribus.

376 3273 624 3337 Quantum
663 3277 726 3331 ad
763 3278 1155 3343 philosophiam,
1193 3279 1450 3342 negabunt
1485 3277 1767 3343 philosophi
1804 3277 1898 3328 boc
1935 3277 2171 3339 sufficere,
2211 3281 2265 3326 ut
2289 3240 2495 3326 materia

238 3348 454 3410 corporis
505 3350 728 3400 coelestis
780 3353 845 3400 sit
890 3351 1079 3415 liquida
1117 3359 1167 3402 et
1200 3351 1514 3415 permeabilis
1551 3366 1583 3400 a
1619 3351 1782 3415 globis
1821 3364 1979 3414 eoque
2016 3364 2117 3399 non
2152 3351 2348 3399 resistat
2383 3361 2493 3398 mo·-
2551 3369 2554 3389 .

233 3420 447 3470 tionibus
496 3420 753 3482 globorum
799 3439 884 3488 per
933 3424 1097 3488 illam3
1149 3431 1385 3488 quaerent
1435 3426 1586 3486 enim,
1642 3423 1759 3487 quid
1805 3425 1870 3472 sit
1918 3422 2066 3484 illud,
2121 3421 2254 3485 quod
2292 3421 2491 3485 globum

232 3492 393 3554 ipsum
434 3493 744 3556 circumagat,
782 3499 1068 3558 praesertim
1105 3496 1147 3546 si
1186 3503 1391 3558 constet,
1431 3498 1682 3546 materiam
1718 3495 1978 3559 globorum
2015 3496 2158 3545 reniti
2194 3494 2492 3553 motor-ibus?

234 3571 495 3628 quaerent,
546 3579 645 3627 qua
690 3569 742 3615 vi
791 3575 951 3618 motor
1001 3584 1176 3635 corpus
1224 3570 1285 3619 de
1335 3570 1445 3619 loco
1497 3571 1546 3618 in
1583 3569 1744 3618 locum
1784 3574 2010 3629 moveat,
2062 3567 2199 3617 nullo
2237 3567 2504 3616 substante

235 3651 408 3701 campo
457 3637 723 3699 immobili,
780 3654 888 3687 cum
938 3657 1098 3706 neque
1143 3642 1305 3691 adsint
1350 3639 1560 3691 rotundo
1608 3642 1798 3706 corpori
1850 3639 2147 3690 adminicula
2191 3639 2370 3705 pedum
2408 3641 2491 3688 aut

238 3710 454 3770 alarum,
508 3724 712 3772 quorum
760 3715 1028 3763 motatione
1077 3715 1307 3765 animalia
1346 3730 1523 3779 corpus
1559 3714 1653 3764 hoc
1689 3728 1831 3762 suum
1870 3729 1956 3778 per
1993 3728 2161 3764 auram
2199 3712 2488 3771 aetheream,

235 3796 324 3830 ceu
363 3795 481 3834 aves
520 3797 604 3847 per
642 3786 803 3831 aerem
838 3786 948 3834 nisu
989 3787 1199 3848 quodam
1239 3794 1289 3837 et
1325 3790 1489 3836 renisu
1526 3787 1660 3835 illius
1696 3800 1876 3847 aurae,
1928 3790 2286 3851 transportent;
2335 3786 2497 3847 quae-³

234 3860 367 3916 rent,
408 3868 506 3919 quo
543 3858 719 3906 mentis
756 3854 963 3919 lumine,
1003 3859 1181 3921 quibus
1219 3859 1392 3911 mediis
1431 3866 1596 3913 centra
1634 3858 1924 3910 circulorum
1962 3860 2246 3921 orbitasque
2285 3858 2493 3908 circum·¹
