2554 4140
174 129 276 176 634
975 129 1044 172 De
1075 127 1259 173 Tabulis
1289 130 1592 186 Rudolphinis

169 274 239 322 ita
274 273 429 322 facilis
457 273 683 335 Tubinga
721 274 768 320 in
807 274 1159 336 proscindendo
1199 277 1330 324 illius
1369 276 1592 325 honore?
1666 278 1920 327 Proximas
1959 277 2215 326 habitabat
2252 276 2420 338 aedes,

169 346 482 430 quotidianae
520 345 618 393 fere
658 347 968 395 intercessere
994 350 1316 409 visitationeS,
1358 349 1470 397 dum
1499 349 1599 397 filia
1622 364 1732 398 mea
1769 354 2018 412 virginem,
2061 365 2151 414 ego
2190 356 2416 412 patruum

167 419 272 481 ejus
312 419 581 479 invisimuS,
622 424 675 466 ut
714 418 772 467 de
812 419 994 513 templo
1033 422 1152 513 nihil
1193 423 1365 470 dicam.
1442 421 1539 470 Sed
1580 423 1691 470 vale
1738 428 1787 471 et
1825 424 1985 472 saluta
2024 430 2156 472 tuam
2195 437 2411 471 uxorem.
2432 465 2440 469 μ

1715 495 1871 543 Tuus
1888 497 1942 545 J.
1982 495 2248 559 Keplerus.
2311 556 2316 566 .

309 581 621 645 Keplerus
661 583 1067 635 Schickardo.
1144 587 1192 636 S.
1222 588 1277 635 P.
1306 588 1365 635 D.
1431 587 1711 635 Clarissime
1752 589 1841 636 vir.
1905 588 2021 638 Jam
2061 596 2173 638 ante
2203 591 2232 637 3
2268 591 2422 653 septi-

168 669 337 704 manas
375 669 461 718 per
500 657 736 718 virginem
774 657 835 706 D.
863 658 1045 707 Blossii
1082 675 1130 723 p.
1158 675 1220 708 m.
1261 661 1411 708 filiam
1450 660 1511 707 ad
1537 667 1584 708 te
1623 661 1734 708 misi
1773 663 1806 707 4
1831 661 2104 724 imperiales
2144 677 2252 710 cum
2280 662 2424 709 volu-

167 730 293 777 mine
331 743 607 792 papyraceo
647 729 709 778 ad
749 732 996 794 exemplar
1041 732 1315 780 tabularum
1354 733 1416 780 D.
1459 733 1642 781 Abbati
1679 733 1878 782 Hizlero
1931 735 2267 797 integrandum
2310 749 2424 797 per·
2476 746 2477 749 ’

166 803 372 861 tinente,
424 800 585 864 adque
623 817 876 866 mappam,
928 804 985 852 de
1026 819 1123 866 qua
1162 805 1288 854 ultro
1328 807 1587 865 monuisti,
1645 807 1684 853 si
1735 805 1885 863 velles
1935 812 1982 854 et
2039 809 2224 856 otiosus
2272 821 2421 868 esseS,

166 873 573 934 concinnandam,
625 871 830 924 necdum
871 877 947 925 vel
1000 892 1030 924 a
1070 883 1115 925 tc
1171 878 1247 926 vel
1294 894 1325 927 a
1362 878 1462 926 filio
1502 892 1610 925 meo
1660 879 1920 941 quicquam
1973 878 2132 928 habeo
2171 881 2419 944 responsi3

167 961 317 1009 quare
355 961 473 1010 rogo
530 947 622 995 hae
672 950 927 997 occasione
979 950 1096 1011 quid
1135 953 1373 1015 receperis
1426 949 1682 1014 responde.
1759 952 1835 999 De
1879 966 2056 1014 mappa
2106 966 2204 1000 non
2241 957 2425 1017 impor-

166 1025 311 1086 tunus
352 1034 449 1069 ere.
531 1020 733 1075 Chai-tas
777 1021 968 1081 virides,
1009 1024 1049 1069 si
1091 1025 1247 1071 visum
1286 1025 1444 1084 fuerit,
1485 1038 1572 1085 per
1599 1025 1905 1072 occasionem
1943 1025 2126 1086 poteris
2153 1027 2423 1086 remittere3

164 1093 268 1140 scio
306 1095 648 1157 occupationes
688 1099 816 1143 tuas,
892 1094 1183 1143 Praesertim
1236 1096 1294 1144 de
1334 1111 1439 1160 cap.
1482 1097 1639 1145 bonae
1679 1098 1785 1160 spei
1823 1098 2016 1144 remitto
2057 1096 2326 1154 audaciam,
2368 1096 2425 1146 de

164 1164 378 1229 nordcap
435 1165 717 1230 simpliciter
778 1168 1032 1215 renunciet
1094 1183 1202 1216 cum
1252 1171 1541 1230 scriberem,
1607 1183 1702 1217 non
1755 1171 2060 1233 inspexeram
2113 1168 2423 1222 Jansonium.

169 1238 292 1286 Vale
332 1246 379 1287 et
417 1238 517 1286 filio
558 1253 666 1287 meo
707 1239 960 1303 persuade,
1002 1246 1189 1289 tantum
1227 1245 1385 1307 ipsum
1427 1241 1672 1305 proficere,
1715 1248 1898 1305 quanto
1924 1244 2120 1305 saepius
2159 1242 2220 1291 ad
2247 1257 2427 1306 paren-

165 1316 262 1359 tem
313 1312 503 1360 scribet.
582 1310 770 1372 Quodsi
811 1314 938 1361 vires
985 1313 1311 1377 recollegero,
1367 1329 1493 1378 quae
1532 1329 1659 1363 nunc
1710 1316 1772 1364 ob
1815 1315 2041 1363 Austriae
2097 1320 2276 1364 statum
2314 1320 2427 1363 sunt

165 1381 388 1443 afflictae,
429 1384 650 1432 subsidia
687 1385 758 1431 illi
791 1388 1080 1451 'pecuniaria
1119 1387 1181 1435 ad
1208 1389 1537 1452 epistolarum,
1581 1401 1703 1450 quas
1743 1387 1804 1435 ad
1833 1403 1908 1436 me
1942 1388 2134 1447 scribet,
2175 1402 2426 1436 numerum

165 1456 416 1506 admetiar.
463 1456 694 1519 'Semper
733 1459 837 1519 erit,
879 1459 1011 1525 quod
1050 1475 1080 1507 a
1117 1461 1238 1510 meis
1265 1461 1688 1510 emendationibus
1726 1461 1941 1510 remissis
1981 1461 2152 1509 discat.
2217 1460 2428 1510 Materia

164 1530 228 1577 sit
265 1544 326 1578 ex
362 1529 681 1589 lectionibus,
723 1544 845 1591 quas
885 1531 1036 1579 audit.

307 1602 665 1666 Typographus
705 1617 842 1652 meus
882 1611 1077 1653 cantum
1116 1606 1355 1654 famosum
1384 1605 1443 1655 de
1470 1604 1693 1654 incendio
1721 1605 2082 1665 KirehemianO,
2124 1620 2267 1668 quem
2297 1605 2426 1654 exuli

165 1676 350 1740 pastori
388 1676 570 1739 petenti
611 1675 820 1738 excudit,
860 1691 989 1726 nunc
1026 1678 1118 1726 luit
1156 1693 1386 1744 corpore3
1431 1679 1676 1744 pergimus
1714 1684 1876 1727 tamen
1916 1680 1961 1725 in
2003 1685 2135 1742 typo.
2213 1677 2354 1727 Vale.

556 1747 601 1796 5
642 1747 777 1828 ΜΛ
812 1794 967 1844 162

516 1837 600 1885 2.5
642 1837 757 1902 Apr.
1139 1837 1211 1887 CI.
1253 1839 1316 1887 D.
1357 1839 1416 1887 T.

1449 1910 1709 1960 Officiosus
1749 1916 1797 1960 et
1834 1911 2139 1973 gratissimus
2176 1909 2356 1974 hospes

1681 1985 1735 2033 J.
1776 1983 2039 2047 Keplerus,

308 1788 488 1840 Ulmae

307 2075 623 2142 Keplerus
676 2077 1071 2127 Schickardo
1130 2077 1180 2126 S.
1233 2077 1287 2125 P.
1336 2078 1398 2126 D.
1477 2078 1755 2127 Clarissime
1808 2081 1895 2126 vir.
1971 2077 2025 2127 Si
2075 2092 2162 2141 per
2209 2077 2428 2127 diversos

166 2150 489 2213 importunius
538 2158 584 2199 te
625 2150 880 2210 admonui,
938 2150 1073 2198 nulla
1125 2150 1174 2198 id
1213 2151 1312 2199 alia
1359 2165 1509 2199 causa
1546 2152 1755 2212 sactum,
1814 2165 1959 2214 quam
2013 2157 2066 2198 ut
2103 2152 2427 2213 resciscerem,

163 2222 487 2272 reddideritne
541 2225 676 2286 virgo
716 2223 911 2271 Blossia
964 2225 1220 2286 pecuniam
1275 2226 1608 2285 commissam,
1668 2238 1793 2272 aune
1844 2224 2005 2272 forsan
2060 2223 2215 2272 oblita
2269 2224 2427 2275 suerit.

165 2295 306 2343 Nunc
346 2310 437 2358 ego
477 2302 553 2344 sat
590 2296 765 2357 habe0,
808 2297 991 2344 utinam
1032 2302 1080 2343 et
1119 2301 1186 2343 tu.
1253 2295 1401 2358 Spem
1441 2299 1594 2345 mutui
1636 2297 1946 2360 praebuimus
1985 2296 2048 2343 D.
2075 2295 2142 2344 M.
2172 2296 2427 2357 He—mmin-

165 2382 308 2429 gerus
363 2375 411 2417 et
460 2383 579 2431 ego;
629 2368 974 2432 praestolanda
1029 2368 1278 2432 paulisper
1329 2376 1404 2418 est
1442 2369 1526 2417 illa
1581 2370 1777 2418 solutio.
1857 2368 2002 2430 Quod
2053 2383 2170 2417 vero
2223 2369 2427 2418 schedas

164 2441 336 2489 scribis
377 2455 711 2506 expensorum,
754 2441 803 2488 id
845 2441 903 2490 de
931 2441 1173 2504 superfluo
1216 2447 1303 2490 est.
1367 2441 1717 2506 suspendisses
1749 2442 1978 2491 schedam
2007 2456 2116 2490 cera
2143 2441 2202 2490 de
2230 2443 2429 2507 pariete,

166 2516 461 2577 quotiesque
499 2514 629 2563 filius
670 2521 717 2564 te
756 2513 1130 2578 interpellasset,
1173 2515 1474 2576 assignasset
1513 2517 1616 2579 ipse
1655 2522 1925 2579 acceptum,
1966 2521 2012 2563 te
2051 2514 2221 2564 levans
2262 2529 2424 2578 opera.

166 2588 240 2635 De
291 2587 622 2650 geographico
675 2587 924 2636 schemate
975 2585 1156 2635 dudum
1196 2586 1282 2634 tibi
1322 2587 1618 2650 significavi,
1671 2602 1873 2636 vacares
1930 2588 2086 2649 magis
2126 2589 2426 2637 necessariis.

164 2659 302 2708 Idem
355 2666 522 2723 repeto
573 2662 821 2723 totiusque
874 2662 942 2708 rei
996 2674 1143 2723 penes
1182 2664 1230 2708 te
1269 2660 1490 2724 relinquo
1542 2661 1809 2709 arbitrium.
1885 2660 1948 2708 D.
1988 2661 2050 2708 D.
2093 2659 2294 2723 collegis
2333 2662 2428 2708 tuis

166 2733 223 2781 de
262 2733 494 2782 facultate
532 2733 877 2797 philosophica
913 2733 1096 2794 gratias
1135 2747 1228 2795 ago
1268 2748 1471 2796 magnas
1526 2732 1584 2781 de
1624 2733 1781 2782 salute
1820 2733 1936 2780 mihi
1977 2734 2221 2796 impertita
2271 2733 2427 2796 deque

163 2808 239 2866 iis,
281 2817 405 2868 quae
445 2820 522 2854 me
561 2807 682 2855 scire
722 2805 782 2855 de
820 2806 919 2853 filio
961 2819 1069 2854 meo
1110 2805 1383 2854 voluerunt.
1459 2805 1646 2855 Auctor
1685 2820 1775 2867 ego
1813 2804 1913 2852 filio
1953 2820 2048 2854 non
2087 2807 2184 2867 fui,
2226 2813 2280 2854 ut
2315 2805 2435 2863 laur

164 2894 293 2927 ream
347 2883 555 2941 peteret,
613 2881 814 2927 miratus
864 2880 1024 2942 potius
1075 2893 1180 2925 sum
1221 2879 1536 2939 facilitatem3
1593 2877 1764 2926 deinde
1815 2878 2116 2939 existimavi,
2175 2893 2284 2939 eOS,
2345 2880 2424 2940 qui

165 2952 416 3015 stipendiis
474 2953 717 3011 fruuntur,
774 2953 962 3000 incitari
1017 2951 1253 3000 beneficio
1294 2953 1400 3013 ipso
1455 2950 1528 3013 adv
1557 2950 1951 2999 contendendum
1996 2965 2082 3013 per
2119 2951 2324 3012 gradus,
2379 2958 2428 2999 et

166 3024 485 3073 tolerabiliori
532 3025 654 3072 forte
701 3025 811 3073 loco
865 3025 1078 3072 futurum
1125 3023 1277 3070 filiurn
1326 3023 1494 3071 laurea
1526 3015 1760 3072 obtenta.
1850 3023 2072 3071 Ceterum
2136 3030 2188 3070 ut
2239 3029 2428 3072 sumtus

166 3097 214 3142 in
254 3103 612 3160 praeceptorem
651 3099 896 3161 privatum
934 3097 1128 3156 faciam,
1170 3095 1536 3144 deliberationis
1575 3096 1623 3144 id
1651 3102 1776 3158 eget.
1842 3095 1952 3144 Hoc
1976 3096 2135 3144 habeo
2163 3110 2249 3157 pro
2277 3103 2423 3157 certe,

166 3168 319 3215 filium
368 3170 503 3217 nulla
555 3171 781 3218 maehina
811 3165 980 3232 'posse
1019 3169 1151 3232 adigi
1206 3169 1267 3216 ad
1307 3175 1565 3233 praecepta
1603 3170 1863 3218 memoriae
1911 3168 2214 3229 mandanda,
2271 3183 2426 3232 eoque

171 3241 426 3302 desperavi
478 3242 534 3291 de
587 3243 815 3306 stipendii
867 3243 1131 3290 usufructu.
1206 3241 1321 3290 Jam
1360 3244 1542 3303 privati
1593 3242 1641 3289 id
1682 3247 1855 3305 agunt,
1912 3243 2087 3304 utqui
2125 3255 2242 3289 suae
2282 3257 2425 3290 curae

169 3319 282 3361 sunt
320 3312 511 3373 crediti,
565 3322 826 3380 praecepta
876 3315 1088 3376 discant3
1142 3328 1256 3376 ergo
1297 3314 1423 3362 filius
1470 3314 1692 3377 pluribus
1730 3320 1893 3362 utetur
1940 3315 2424 3376 tergiversationibus

171 3385 234 3434 ad
275 3399 326 3433 se
366 3385 733 3436 subducendum
772 3405 830 3438 ex
869 3388 989 3436 liora
1026 3389 1236 3450 privata,
1278 3402 1422 3450 qnam
1463 3402 1522 3436 ex
1559 3387 1766 3436 lectione
1808 3387 2064 3435 ordinaria.
2139 3386 2275 3434 Haec
2312 3401 2426 3450 per-

173 3457 332 3522 pende
373 3471 577 3519 cumque
617 3460 678 3507 D.
718 3461 780 3508 D.
819 3461 1094 3509 fautoribus
1132 3461 1252 3508 meis
1293 3462 1632 3520 communica,
1672 3468 1726 3507 nt
1762 3461 1821 3506 iis
1860 3460 2111 3523 perpensis
2151 3458 2424 3523 dispiciant,

171 3546 232 3579 an
273 3530 362 3579 hos
401 3535 587 3577 sumtus
639 3546 755 3593 ege,
808 3536 892 3595 qui
940 3536 1081 3581 certis
1137 3532 1367 3596 gradibus
1416 3532 1478 3580 ad
1526 3534 1739 3596 inopiam
1792 3531 2097 3593 proficiscor,
2156 3532 2424 3581 consultius

172 3604 312 3666 aliter
349 3603 440 3650 sim
479 3601 816 3652 collocaturus.
892 3605 1023 3654 Petit
1058 3604 1187 3653 filius
1213 3604 1427 3668 Sapulae
1453 3605 1666 3666 lexicon3
1706 3604 1948 3665 haberem,
1989 3607 2030 3652 si
2069 3619 2226 3652 essem
2251 3604 2424 3652 Lincii.

173 3676 373 3724 Interim
413 3676 622 3723 amicum
662 3675 903 3736 desidero,
951 3679 1036 3739 qui
1076 3677 1261 3726 aditum
1301 3677 1370 3724 illi
1410 3678 1642 3726 concedat
1681 3676 1743 3724 ad
1781 3691 1920 3723 suum
1962 3676 2220 3740 exemplar.
2295 3677 2424 3725 Petit

174 3754 222 3797 et
259 3748 434 3810 Magiri
473 3747 748 3812 physicam3
790 3748 934 3796 velim
974 3750 1141 3798 audire
1180 3751 1369 3813 physici
1409 3752 1556 3798 vestri
1591 3749 1843 3811 Judicium.
1919 3747 1990 3813 (Si
2028 3751 2202 3811 probat
2245 3749 2422 3810 Magiri

96 3886 97 3890 Ἰ
171 3822 445 3882 lectionem,
487 3819 711 3869 venditur
735 3820 814 3868 hic
841 3821 907 3867 48
936 3822 1175 3871 cruciferis
1199 3837 1296 3870 non
1322 3823 1528 3887 ligatus;
1574 3823 1746 3885 opinor
1773 3820 2026 3883 Tubingae
2064 3824 2229 3871 tritum
2256 3836 2422 3872 exem-
