2554 4140
221 127 325 176 446
1035 121 1274 178 Epitomes
1304 121 1620 166 Astronomiae

223 271 357 317 entia
398 270 652 329 terrestria,
694 283 839 330 quam
881 268 1127 318 coelestia.
1201 269 1304 317 Nec
1341 269 1466 317 enim
1506 276 1618 316 sunt
1642 274 1866 332 aspectus
1903 271 1951 315 in
1985 269 2103 332 ipsis
2126 268 2350 332 planetis,
2388 260 2497 318 sed¹

221 341 300 389 hic
339 346 531 387 tantum
571 342 618 387 in
658 341 823 389 Terra.
899 341 1001 391 Nec
1039 341 1419 406 perpenderunt,
1459 350 1685 405 aspectus
1711 357 1815 391 esse
1852 344 2054 390 rationis
2094 344 2223 389 entia
2258 342 2474 390 formali—

220 419 318 471 ter,
360 413 536 473 quibus
574 414 669 460 nisi
707 416 755 460 in
794 414 1090 476 facultatem,
1130 415 1332 462 rationis
1361 413 1718 509 quodammodo
1745 416 2043 479 participem,
2083 415 2158 461 vis
2189 421 2237 463 et
2263 413 2478 463 efficacia

219 483 353 532 nulla
389 486 547 532 inesse
585 491 760 549 potest.

371 557 514 620 Quae
551 565 619 605 est
655 560 813 620 iyitur
849 573 1004 607 causa
1042 572 1187 617 vera,
1241 573 1334 606 cur
1373 558 1628 608 Saturnus
1677 561 1808 607 inter
1847 558 2159 622 quadratum
2198 563 2244 605 ct
2279 559 2475 605 trinum

221 628 364 689 Solis,
403 629 611 692 Jupiter
646 633 703 678 in
741 633 875 680 trino
910 631 1029 694 fere,
1070 629 1213 678 Mars
1249 632 1389 679 ultra
1426 633 1623 680 trinum
1662 648 1696 680 a
1722 631 1834 680 Sole
1871 637 1978 679 tam
2005 637 2122 678 ante
2159 645 2316 692 quom
2341 635 2478 679 retro

217 701 347 764 fiant
384 703 711 752 stationarii?
734 696 748 703 ”
788 702 943 765 Quia,
1000 703 1040 750 si
1093 702 1290 765 planeta
1336 703 1456 751 nihil
1495 703 1642 767 plane
1691 704 1944 766 proficeret
1979 709 2114 750 motu
2150 703 2345 766 proprio
2400 703 2478 749 sui

222 775 492 836 eccentrici,
535 775 647 823 loca
672 778 937 824 stationum
955 778 1311 838 apparentium
1350 778 1400 822 in
1426 777 1541 826 orbe
1569 790 1746 838 magno
1787 781 1948 824 essent
1982 773 2153 824 eadem
2193 789 2300 823 cum
2322 788 2476 836 punc-

218 848 281 894 tis
324 852 664 908 contactuum,
720 849 813 896 hoc
851 855 925 896 est
952 847 1150 932 plan-eta
1189 851 1500 897 stationarius
1539 854 1795 913 appareret
1834 851 1882 895 in
1922 849 2028 911 ipso
2069 847 2307 909 quadrato
2346 846 2477 894 Solis

221 920 421 968 circiter
496 921 668 969 Posita
706 923 830 969 enim
871 919 1021 968 Terra
1062 922 1108 966 in
1150 920 1202 982 C,
1244 928 1386 971 eunte
1425 921 1625 986 planeta
1660 923 1711 968 in
1749 919 1806 980 S,
1853 926 2014 969 stante
2052 934 2103 968 re
2126 934 2273 983 vera,
2315 926 2363 967 et
2401 917 2476 967 CS

220 998 447 1055 tangente
486 993 665 1041 Terrae
704 994 937 1050 orbitam,
986 992 1232 1042 videretur
1269 993 1356 1043 Sol
1406 1010 1490 1059 per
1530 994 1636 1054 ΟΕ,
1686 992 1885 1058 planeta
1923 1007 2009 1056 per
2047 991 2147 1051 CS,
2196 1005 2344 1054 quare
2386 987 2478 1039 90⁰
2535 1011 2538 1013 ·

223 1066 412 1114 circiter
450 1081 480 1114 a
519 1066 658 1125 Sole,
707 1067 823 1128 quia
861 1064 981 1113 ECS
1020 1066 1116 1115 fere
1155 1073 1338 1118 rectus
1410 1067 1507 1116 Sed
1546 1069 1664 1129 quia
1711 1066 1910 1130 planeta
1960 1079 2059 1113 non
2097 1066 2303 1126 quiescit
2339 1066 2386 1111 in
2426 1061 2477 1124 S,

220 1152 318 1200 quo
363 1153 478 1201 ergo
515 1138 670 1200 major
710 1145 784 1187 est
833 1137 1069 1200 cujusque
1110 1139 1338 1201 planetae
1376 1155 1520 1189 verus
1561 1154 1701 1188 arcus
1740 1138 1939 1186 diurnus
1977 1139 2026 1184 in
2065 1139 2346 1195 eccenlrico,
2384 1136 2478 1185 hoc

219 1210 416 1273 longius
464 1226 493 1259 a
543 1213 736 1274 punctis
785 1217 1036 1259 contactus
1075 1211 1112 1260 C
1163 1219 1353 1276 oportet
1391 1213 1514 1262 duas
1554 1214 1742 1261 visivas
1781 1210 2056 1275 discedere,
2108 1218 2160 1259 ut
2211 1209 2475 1274 parallelae
2540 1238 2554 1279 3⁴

220 1283 338 1332 fiant
379 1297 560 1346 perque
599 1283 693 1332 hoc
731 1276 858 1332 stare
896 1283 1097 1346 planeta
1134 1286 1373 1334 videatur.
2534 1331 2539 1341 ‚

365 1355 594 1404 Vicissim
642 1358 682 1404 si
729 1355 954 1420 planetae
1002 1371 1142 1405 arcus
1191 1358 1388 1406 diurnus
1439 1371 1596 1420 aeque
1645 1356 1819 1419 longus
1867 1361 1998 1404 esset
2057 1357 2189 1404 arcui
2243 1354 2468 1414 Telluris,
2537 1358 2554 1377 “’

220 1429 367 1477 statio
405 1427 540 1477 nulla
577 1435 744 1493 posset
782 1444 1030 1494 apparere,
1068 1431 1161 1478 nisi
1201 1432 1247 1478 in
1284 1433 1390 1494 ipso
1429 1430 1559 1479 Solis
1598 1430 1841 1493 opposito.
1918 1427 2034 1477 Jam
2072 1442 2188 1477 vero
2227 1428 2476 1476 breviores
2529 1434 2551 1458 ‘¹

219 1508 333 1549 sunt
372 1500 530 1549 diurni
566 1503 891 1566 superiorum,
941 1508 989 1550 et
1028 1496 1341 1552 brevissimus
1380 1504 1606 1568 Saturni,
1644 1502 1789 1551 Jovis
1828 1501 2112 1563 mediocris,
2154 1500 2328 1550 Martis
2364 1501 2476 1549 lon-

220 1575 463 1636 gissimus.
544 1572 705 1636 Quare
757 1574 820 1623 ad
867 1576 1127 1624 stationem
1167 1575 1364 1624 Saturni
1413 1573 1878 1640 repraesentandam
1929 1589 2082 1639 parva
2128 1575 2421 1623 recessione
2447 1587 2477 1622 a
2542 1626 2547 1628 ,

220 1654 398 1711 puncto
439 1654 691 1696 contactus
730 1662 898 1696 versus
934 1650 1295 1711 oppositionem
1333 1663 1456 1713 opus
1495 1655 1569 1698 est
1608 1648 1816 1705 Terrae,
1863 1645 1929 1696 ad
1965 1646 2111 1696 Jovis
2148 1647 2356 1709 majore,
2410 1644 2474 1695 ad

221 1720 393 1768 Martis
429 1723 655 1771 maxima.
733 1718 842 1782 Quo
892 1719 1002 1783 plus
1052 1736 1167 1771 vero
1206 1722 1359 1772 Terra
1396 1721 1546 1771 distat
1595 1721 1659 1770 ab
1696 1720 1792 1769 hoc
1830 1726 2036 1784 punct0,
2090 1719 2183 1769 hoc
2227 1719 2389 1781 'major
2424 1717 2478 1767 fit

222 1789 429 1856 angulus
489 1794 612 1842 inter
650 1795 836 1842 visivas
872 1793 1099 1856 planetae
1138 1802 1187 1843 et
1224 1794 1369 1844 Solis.
1447 1794 1713 1843 Conficitur
1755 1794 1929 1855 igitur,
1986 1793 2183 1842 Saturni
2219 1793 2477 1841 stationem
2547 1851 2549 1853 ι

219 1866 368 1929 paulo
392 1865 526 1928 —plus
567 1867 634 1914 90
673 1865 904 1928 gradibus
942 1881 973 1915 a
1008 1866 1119 1917 loco
1158 1866 1287 1917 Solis
1326 1869 1522 1930 abesse,
1565 1866 1710 1917 Jovis
1747 1866 1901 1915 multo
1950 1865 2082 1930 plus,
2134 1865 2229 1915 hoc
2266 1872 2340 1915 est
2378 1866 2474 1915 cir-

224 1940 341 1988 citer
387 1935 529 1999 120⁰,
567 1937 740 1987 Martis
781 1938 1053 2023 plurimum.
2550 1939 2551 1942 ’

375 2010 543 2074 Quam
583 2026 793 2060 causam
830 2014 1084 2077 assiynas,
1132 2012 1267 2075 quod
1303 2012 1619 2061 tardissimus
1656 2012 1865 2075 planeta
1909 2012 2111 2075 saepius
2149 2011 2479 2060 stationarius
2536 2036 2538 2038 ·

225 2084 653 2147 retroyradusque
687 2085 792 2147 fiat,
833 2084 1167 2134 velocissimus
1203 2088 1379 2133 rarius
1416 2091 1461 2134 et
1498 2084 1735 2134 tardius?
1809 2083 1938 2146 Quia
1975 2083 2332 2143 tardissimum,
2382 2082 2478 2132 Sa·
2529 2102 2534 2122 =

210 2163 432 2217 turnum,
472 2156 623 2206 Terra
661 2158 710 2204 in
749 2157 864 2206 orbe
902 2171 1081 2220 magno
1121 2160 1263 2206 citius
1302 2164 1350 2206 et
1387 2160 1458 2207 sic
1495 2158 1694 2220 saepius
1733 2159 2035 2220 assequitur,
2091 2155 2297 2205 Martem
2320 2119 2476 2204 velo·
2531 2220 2534 2223 ι

224 2231 472 2278 cissimum
509 2229 694 2278 tardius
733 2236 782 2278 et
819 2231 888 2278 sic
924 2232 1101 2291 rarius,
1143 2232 1347 2296 quoties
1374 2236 1539 2279 autem
1577 2244 1819 2293 quemque
1858 2231 2159 2292 assequitur,
2208 2229 2353 2277 toties
2390 2227 2476 2276 ille

223 2301 532 2366 retrogradus
571 2309 787 2365 apparet,
828 2308 942 2352 ante
980 2308 1162 2367 etpost
1199 2304 1527 2353 stationarius.
1604 2302 1700 2350 Hic
1738 2308 1880 2352 vetus
1905 2303 2203 2351 astronomia
2226 2307 2361 2350 muta
2387 2308 2475 2350 est.

374 2373 479 2423 Cur
515 2377 573 2433 in
607 2378 935 2437 universum,
976 2391 1076 2439 quo
1113 2377 1267 2426 altior
1302 2382 1370 2424 est
1405 2377 1615 2440 planeta
1653 2377 1728 2424 vel
1764 2376 1868 2424 alio
1899 2376 2112 2438 planeta
2159 2375 2238 2425 vel
2270 2388 2320 2423 se
2355 2377 2486 2436 ipso,-

224 2448 314 2496 hoc
355 2447 548 2497 diutius
583 2454 756 2496 manet
791 2448 1154 2511 retroyradus?
1227 2449 1368 2498 Duae
1407 2454 1520 2498 sunt
1559 2462 1754 2498 causae.
1838 2451 1880 2497 1.
1922 2447 1974 2496 Si
1999 2447 2212 2512 planeta,
2253 2447 2476 2515 superio-7

224 2535 331 2568 rum
375 2535 515 2581 unuS,
555 2535 651 2569 uno
691 2522 943 2570 eccentrici
982 2521 1106 2583 loco,
1149 2527 1201 2570 ut
1237 2523 1285 2568 in
1320 2521 1370 2582 S,
1411 2527 1561 2571 staret
1601 2522 1843 2582 immotus,
1883 2526 1998 2569 tunc
2036 2535 2133 2583 qno
2172 2522 2212 2568 is
2251 2518 2476 2569 humilior
2524 2545 2554 2586 g

226 2599 380 2656 esset,
431 2593 526 2652 hoc
563 2595 719 2642 minor
755 2608 896 2643 arcus
935 2595 1066 2644 orbis
1117 2595 1268 2643 annui
1307 2594 1504 2644 caderet
1551 2596 1673 2643 inter
1710 2595 1850 2643 binas
1890 2595 2223 2656 contingentes
2271 2608 2330 2642 ex
2367 2591 2475 2655 pla-

224 2673 355 2727 neta,
398 2666 582 2716 scilicet
618 2667 742 2715 inter
780 2666 883 2727 SC,
935 2667 1043 2728 SB3
1097 2673 1146 2716 et
1183 2682 1279 2730 quo
1318 2668 1401 2717 ille
1439 2668 1683 2730 superior,
1731 2666 1825 2715 hoc
1873 2668 1964 2716 iste
2010 2666 2180 2729 major.
2256 2667 2317 2714 Et
2363 2665 2520 2728 quim,

226 2738 449 2800 diximuS,
490 2739 582 2788 hoc
621 2741 783 2802 posito
822 2742 981 2788 visum
1021 2741 1078 2787 iri
1116 2740 1363 2803 planetam
1403 2740 1436 2789 S
1475 2741 1815 2789 stationarium
1853 2755 1912 2789 ex
1952 2740 2009 2800 B,
2051 2739 2088 2788 C
2126 2740 2319 2802 punctis
2356 2751 2483 2805 con-¹

223 2813 516 2874 tingentiae‚
573 2827 723 2875 quare
762 2812 918 2874 major
956 2827 1096 2861 arcus
1134 2813 1218 2862 BC
1256 2814 1492 2878 superiori
1530 2812 1758 2876 planetae
1795 2813 2069 2862 vindicatus
2106 2811 2313 2875 longiori
2352 2817 2476 2860 tem-

225 2899 341 2947 pore
380 2892 707 2948 permearetur
744 2900 775 2933 a
811 2885 1022 2934 Tellure.
2480 2904 2487 2946 j

371 2957 514 3020 Quod
552 2972 694 3017 vere,
747 2959 911 3020 quiete
950 2958 1178 3023 planetae
1215 2959 1496 3022 supposita,
1555 2960 1775 3021 sequitur
1825 2960 1873 3006 in
1926 2971 2089 3006 arcum
2140 2958 2262 3005 inter
2298 2959 2515 3019 puncta·v

227 3029 343 3078 bina
383 3031 769 3094 contingentiae,
816 3031 943 3080 idem
976 3031 1105 3093 jam,
1160 3045 1391 3080 concesso
1430 3031 1658 3095 planetae
1706 3045 1797 3079 suo
1835 3037 1971 3079 motu
2010 3028 2210 3090 diurno,
2259 3029 2477 3090 sequitur

227 3103 277 3148 in
314 3117 477 3151 arcum
517 3105 639 3152 inter
666 3104 781 3152 bina
804 3103 1149 3166 parallelarum
1173 3105 1444 3152 visivarum
1469 3106 1625 3167 paria.
1703 3103 1908 3152 Accedit
1939 3103 2043 3165 jam
2070 3100 2285 3151 secunda
2314 3111 2477 3159 causa,-

227 3174 357 3235 quod
393 3175 604 3237 planeta,
647 3191 744 3239 quo
782 3179 1000 3239 superior
1039 3184 1126 3238 est,
1166 3177 1259 3226 hoc
1297 3183 1345 3226 et
1383 3177 1578 3237 tardior,
1620 3178 1724 3225 sive
1752 3176 1843 3225 hoc
1871 3177 2102 3224 minorem
2138 3175 2288 3223 habet
2312 3185 2487 3222 arcum,

229 3246 453 3295 diurnum
505 3249 690 3298 orbitae
740 3263 875 3298 suae.
952 3248 1060 3311 Quo
1108 3263 1223 3299 vero
1271 3251 1427 3299 minor
1474 3250 1553 3299 hic
1603 3249 1829 3311 planetae
1860 3262 2026 3306 arcus,
2076 3253 2133 3296 ut
2181 3250 2230 3294 in
2269 3246 2338 3307 T,
2383 3245 2475 3293 boc

226 3320 388 3366 minus
428 3322 573 3368 etiam
611 3322 809 3370 diurnos
847 3321 1072 3383 Telluris,
1114 3328 1168 3370 ut
1205 3324 1255 3369 in
1294 3323 1355 3382 D,
1396 3339 1426 3371 a
1462 3325 1658 3386 punctis
1698 3327 1967 3381 contactuS,
2009 3335 2178 3369 versus
2218 3319 2279 3380 G,
2320 3331 2483 3382 oppo-

229 3392 419 3440 sitionis
458 3401 687 3454 punctum
725 3394 948 3444 recedere
986 3409 1186 3445 necesse
1225 3401 1326 3456 est,
1376 3403 1429 3444 ut
1468 3397 1681 3444 visoriae
1722 3400 1952 3456 utrosque
1992 3392 2366 3443 determinantes
2403 3388 2508 3438 ef·.

228 3463 449 3512 ficiantur
492 3466 782 3529 parallelae3
835 3467 966 3529 quod
998 3467 1103 3530 jam
1142 3482 1291 3530 supra
1336 3468 1606 3516 stabilitum
1646 3474 1734 3516 est.
1809 3466 1860 3515 Si
1910 3480 2081 3528 parum
2128 3465 2251 3514 haec
2297 3467 2477 3527 puncta
2552 3501 2554 3519 ,

230 3538 494 3585 stationum
542 3538 771 3586 recedunt
808 3541 1064 3588 introrsum
1103 3556 1133 3588 a
1169 3542 1364 3603 punctis
1402 3541 1791 3603 contingentiae,
1845 3553 2014 3601 parum
2055 3539 2202 3587 etiarn
2249 3536 2475 3585 minuitur-
2551 3525 2554 3561 ³

230 3623 371 3658 arcus
421 3610 777 3670 contingentiae
825 3627 908 3674 pro
959 3614 1222 3675 superioris
1260 3615 1499 3675 statione3
1552 3613 1703 3675 quare
1751 3616 1800 3660 et
1843 3620 2036 3675 tempus
2082 3610 2475 3681 intertstationes
2549 3606 2554 3661 Ξ

231 3686 535 3746 apparentes,
577 3695 699 3742 quas
738 3684 843 3743 ipse
882 3699 991 3732 vere
1031 3687 1259 3734 immotus
1295 3688 1553 3734 sortiturus
1594 3690 1697 3734 erat
1734 3684 1841 3748 (per
1878 3699 1930 3732 se
1969 3684 2178 3747 longius,
2217 3696 2361 3745 quam
2397 3681 2477 3727 in·
2549 3717 2552 3722 ,

233 3752 478 3819 seriores),
514 3759 650 3802 tanto
689 3755 846 3800 minus
886 3754 1191 3807 diminuetur.

378 3829 535 3889 Atqui
568 3827 790 3888 planeta,
827 3829 1002 3886 prima
1038 3833 1250 3879 statione
1284 3833 1393 3890 jam
1425 3835 1662 3893 peracta,
1711 3828 1834 3877 dum
1883 3834 2099 3891 apparet
2133 3824 2477 3889 retroyraduh
2546 3823 2550 3846 ⁵
