<?xml version="1.0" encoding="UTF-8"?>
<!DOCTYPE html PUBLIC "-//W3C//DTD XHTML 1.0 Transitional//EN"
    "http://www.w3.org/TR/xhtml1/DTD/xhtml1-transitional.dtd">
<html xmlns="http://www.w3.org/1999/xhtml" xml:lang="en" lang="en">
 <head>
  <title>
</title>
<meta http-equiv="Content-Type" content="text/html;charset=utf-8" />
  <meta name='ocr-system' content='tesseract 3.04.00' />
  <meta name='ocr-capabilities' content='ocr_page ocr_carea ocr_par ocr_line ocrx_word'/>
</head>
<body>
  <div class='ocr_page' id='page_1' title='image "./operaomniaedidit06kepluoft_0509.png"; bbox 0 0 2554 4140; ppageno 0'>
   <div class='ocr_carea' id='block_1_1' title="bbox 860 137 2345 196">
    <p class='ocr_par' dir='ltr' id='par_1_1' title="bbox 860 137 2345 196">
     <span class='ocr_line' id='line_1_1' title="bbox 860 137 2345 196; baseline 0.008 -14"><span class='ocrx_word' id='word_1_1' title='bbox 860 137 997 184; x_wconf 89' lang='lat' dir='ltr'>Liber</span> <span class='ocrx_word' id='word_1_2' title='bbox 1027 138 1208 184; x_wconf 78' lang='lat' dir='ltr'>Sextus,</span> <span class='ocrx_word' id='word_1_3' title='bbox 1267 137 1380 184; x_wconf 81' lang='lat' dir='ltr'>Pars</span> <span class='ocrx_word' id='word_1_4' title='bbox 1412 137 1591 196; x_wconf 74' lang='lat' dir='ltr'>Quinta.</span> <span class='ocrx_word' id='word_1_5' title='bbox 1860 164 1862 166; x_wconf 91' lang='lat'>·</span> <span class='ocrx_word' id='word_1_6' title='bbox 2241 145 2345 194; x_wconf 85' lang='lat'>495</span> 
     </span>
    </p>
   </div>
   <div class='ocr_carea' id='block_1_2' title="bbox 75 288 2409 644">
    <p class='ocr_par' dir='ltr' id='par_1_2' title="bbox 75 288 2409 644">
     <span class='ocr_line' id='line_1_2' title="bbox 90 288 2350 373; baseline 0.001 -38"><span class='ocrx_word' id='word_1_7' title='bbox 90 289 182 336; x_wconf 89' lang='lat' dir='ltr'>iste</span> <span class='ocrx_word' id='word_1_8' title='bbox 218 303 315 337; x_wconf 91' lang='lat' dir='ltr'>non</span> <span class='ocrx_word' id='word_1_9' title='bbox 354 291 578 352; x_wconf 84' lang='lat' dir='ltr'>congruit</span> <span class='ocrx_word' id='word_1_10' title='bbox 614 289 871 350; x_wconf 85' lang='lat' dir='ltr'>historiae,</span> <span class='ocrx_word' id='word_1_11' title='bbox 924 288 1009 340; x_wconf 89' lang='lat' dir='ltr'>sed</span> <span class='ocrx_word' id='word_1_12' title='bbox 1049 291 1273 351; x_wconf 89' lang='lat' dir='ltr'>congruit</span> <span class='ocrx_word' id='word_1_13' title='bbox 1311 289 1450 373; x_wconf 84' lang='lat' dir='ltr'>cyclo</span> <span class='ocrx_word' id='word_1_14' title='bbox 1490 289 1560 336; x_wconf 91' lang='lat' dir='ltr'>illi</span> <span class='ocrx_word' id='word_1_15' title='bbox 1602 289 1844 338; x_wconf 83' lang='lat' dir='ltr'>artificiali</span> <span class='ocrx_word' id='word_1_16' title='bbox 1883 288 2149 353; x_wconf 87' lang='lat' dir='ltr'>secundum</span> <span class='ocrx_word' id='word_1_17' title='bbox 2187 291 2350 353; x_wconf 87' lang='lat' dir='ltr'>posita</span> 
     </span>
     <span class='ocr_line' id='line_1_3' title="bbox 75 361 2350 428; baseline -0.001 -16"><span class='ocrx_word' id='word_1_18' title='bbox 75 361 213 413; x_wconf 71' lang='lat' dir='ltr'>,haec</span> <span class='ocrx_word' id='word_1_19' title='bbox 251 361 372 409; x_wconf 85' lang='lat' dir='ltr'>duo:</span> <span class='ocrx_word' id='word_1_20' title='bbox 414 364 567 424; x_wconf 89' lang='lat' dir='ltr'>primo</span> <span class='ocrx_word' id='word_1_21' title='bbox 608 364 738 425; x_wconf 90' lang='lat' dir='ltr'>qnod</span> <span class='ocrx_word' id='word_1_22' title='bbox 767 363 986 412; x_wconf 83' lang='lat' dir='ltr'>Christus</span> <span class='ocrx_word' id='word_1_23' title='bbox 1025 364 1088 410; x_wconf 90' lang='lat' dir='ltr'>sit</span> <span class='ocrx_word' id='word_1_24' title='bbox 1125 368 1270 428; x_wconf 82' lang='lat' dir='ltr'>natus</span> <span class='ocrx_word' id='word_1_25' title='bbox 1309 364 1356 408; x_wconf 90' lang='lat' dir='ltr'>in</span> <span class='ocrx_word' id='word_1_26' title='bbox 1397 362 1608 410; x_wconf 87' lang='lat' dir='ltr'>solstitio</span> <span class='ocrx_word' id='word_1_27' title='bbox 1636 363 1856 423; x_wconf 87' lang='lat' dir='ltr'>brumali,</span> <span class='ocrx_word' id='word_1_28' title='bbox 1900 363 1976 411; x_wconf 89' lang='lat' dir='ltr'>die</span> <span class='ocrx_word' id='word_1_29' title='bbox 2018 364 2101 410; x_wconf 82' lang='lat'>25.</span> <span class='ocrx_word' id='word_1_30' title='bbox 2137 363 2350 411; x_wconf 88' lang='lat' dir='ltr'>Decem-</span> 
     </span>
     <span class='ocr_line' id='line_1_4' title="bbox 89 434 2409 499; baseline 0 -18"><span class='ocrx_word' id='word_1_31' title='bbox 89 435 202 491; x_wconf 89' lang='lat' dir='ltr'>bris,</span> <span class='ocrx_word' id='word_1_32' title='bbox 243 449 368 496; x_wconf 88' lang='lat' dir='ltr'>quae</span> <span class='ocrx_word' id='word_1_33' title='bbox 408 435 607 483; x_wconf 89' lang='lat' dir='ltr'>traditio</span> <span class='ocrx_word' id='word_1_34' title='bbox 649 443 722 484; x_wconf 91' lang='lat' dir='ltr'>est</span> <span class='ocrx_word' id='word_1_35' title='bbox 761 439 988 498; x_wconf 88' lang='lat' dir='ltr'>antiqua,</span> <span class='ocrx_word' id='word_1_36' title='bbox 1040 434 1254 483; x_wconf 88' lang='lat' dir='ltr'>secundo</span> <span class='ocrx_word' id='word_1_37' title='bbox 1295 434 1427 497; x_wconf 89' lang='lat' dir='ltr'>quod</span> <span class='ocrx_word' id='word_1_38' title='bbox 1465 435 1748 495; x_wconf 81' lang='lat' dir='ltr'>ZachariaS‚</span> <span class='ocrx_word' id='word_1_39' title='bbox 1789 442 1926 499; x_wconf 88' lang='lat' dir='ltr'>pater</span> <span class='ocrx_word' id='word_1_40' title='bbox 1964 435 2173 484; x_wconf 82' lang='lat' dir='ltr'>Joannis</span> <span class='ocrx_word' id='word_1_41' title='bbox 2212 435 2350 498; x_wconf 90' lang='lat' dir='ltr'>Bap-</span> <span class='ocrx_word' id='word_1_42' title='bbox 2403 479 2409 482; x_wconf 90' lang='lat'>.</span> 
     </span>
     <span class='ocr_line' id='line_1_5' title="bbox 91 496 2352 570; baseline 0 -16"><span class='ocrx_word' id='word_1_43' title='bbox 91 507 251 567; x_wconf 89' lang='lat' dir='ltr'>tistae,</span> <span class='ocrx_word' id='word_1_44' title='bbox 290 507 371 555; x_wconf 85' lang='lat' dir='ltr'>vel</span> <span class='ocrx_word' id='word_1_45' title='bbox 409 509 512 570; x_wconf 90' lang='lat' dir='ltr'>ipse</span> <span class='ocrx_word' id='word_1_46' title='bbox 538 510 756 570; x_wconf 85' lang='lat' dir='ltr'><strong>pontifex</strong></span> <span class='ocrx_word' id='word_1_47' title='bbox 779 511 1019 557; x_wconf 87' lang='lat' dir='ltr'>maximus</span> <span class='ocrx_word' id='word_1_48' title='bbox 1044 507 1346 556; x_wconf 71' lang='lat' dir='ltr'>,Iudaeorum</span> <span class='ocrx_word' id='word_1_49' title='bbox 1387 506 1466 555; x_wconf 92' lang='lat' dir='ltr'>vel</span> <span class='ocrx_word' id='word_1_50' title='bbox 1505 496 1747 569; x_wconf 85' lang='lat' dir='ltr'>pontificis</span> <span class='ocrx_word' id='word_1_51' title='bbox 1787 511 2013 569; x_wconf 82' lang='lat' dir='ltr'>vicariuS,</span> <span class='ocrx_word' id='word_1_52' title='bbox 2055 509 2232 557; x_wconf 89' lang='lat' dir='ltr'>viderit</span> <span class='ocrx_word' id='word_1_53' title='bbox 2259 518 2352 556; x_wconf 89' lang='lat' dir='ltr'>an-</span> 
     </span>
     <span class='ocr_line' id='line_1_6' title="bbox 90 578 2391 644; baseline 0 -17"><span class='ocrx_word' id='word_1_54' title='bbox 90 578 252 641; x_wconf 87' lang='lat' dir='ltr'>gelum</span> <span class='ocrx_word' id='word_1_55' title='bbox 291 581 666 629; x_wconf 82' lang='lat' dir='ltr'>annunciantem</span> <span class='ocrx_word' id='word_1_56' title='bbox 706 584 1075 644; x_wconf 85' lang='lat' dir='ltr'>conceptionem</span> <span class='ocrx_word' id='word_1_57' title='bbox 1100 580 1310 629; x_wconf 89' lang='lat' dir='ltr'>Joannis</span> <span class='ocrx_word' id='word_1_58' title='bbox 1335 581 1604 642; x_wconf 82' lang='lat' dir='ltr'>Baptistae,</span> <span class='ocrx_word' id='word_1_59' title='bbox 1647 595 1754 629; x_wconf 92' lang='lat' dir='ltr'>cum</span> <span class='ocrx_word' id='word_1_60' title='bbox 1795 582 1900 643; x_wconf 90' lang='lat' dir='ltr'>ipse</span> <span class='ocrx_word' id='word_1_61' title='bbox 1939 584 2186 643; x_wconf 88' lang='lat' dir='ltr'>ingressus</span> <span class='ocrx_word' id='word_1_62' title='bbox 2222 586 2352 631; x_wconf 87' lang='lat' dir='ltr'>esset</span> <span class='ocrx_word' id='word_1_63' title='bbox 2389 615 2391 617; x_wconf 78' lang='lat'>·</span> 
     </span>
    </p>
   </div>
   <div class='ocr_carea' id='block_1_3' title="bbox 0 653 2350 721">
    <p class='ocr_par' dir='ltr' id='par_1_3' title="bbox 0 653 2350 721">
     <span class='ocr_line' id='line_1_7' title="bbox 0 653 2350 721; baseline 0.001 -22"><span class='ocrx_word' id='word_1_64' title='bbox 0 678 22 714; x_wconf 15' lang='lat' dir='ltr'>y·</span> <span class='ocrx_word' id='word_1_65' title='bbox 90 658 312 721; x_wconf 81' lang='lat' dir='ltr'>sanctum</span> <span class='ocrx_word' id='word_1_66' title='bbox 350 659 628 702; x_wconf 88' lang='lat' dir='ltr'>sanctorum</span> <span class='ocrx_word' id='word_1_67' title='bbox 669 654 746 703; x_wconf 89' lang='lat' dir='ltr'>die</span> <span class='ocrx_word' id='word_1_68' title='bbox 786 656 1098 717; x_wconf 85' lang='lat' dir='ltr'>expiationis,</span> <span class='ocrx_word' id='word_1_69' title='bbox 1154 668 1279 715; x_wconf 89' lang='lat' dir='ltr'>quae</span> <span class='ocrx_word' id='word_1_70' title='bbox 1317 653 1510 702; x_wconf 86' lang='lat' dir='ltr'>solebat</span> <span class='ocrx_word' id='word_1_71' title='bbox 1549 668 1654 702; x_wconf 90' lang='lat' dir='ltr'>esse</span> <span class='ocrx_word' id='word_1_72' title='bbox 1695 653 1883 702; x_wconf 88' lang='lat' dir='ltr'>decima</span> <span class='ocrx_word' id='word_1_73' title='bbox 1921 657 2100 703; x_wconf 86' lang='lat' dir='ltr'>mensis</span> <span class='ocrx_word' id='word_1_74' title='bbox 2141 656 2350 717; x_wconf 91' lang='lat' dir='ltr'>septimi,</span> 
     </span>
    </p>
   </div>
   <div class='ocr_carea' id='block_1_4' title="bbox 51 723 2360 1375">
    <p class='ocr_par' dir='ltr' id='par_1_4' title="bbox 51 723 2360 1375">
     <span class='ocr_line' id='line_1_8' title="bbox 90 723 2351 791; baseline 0.001 -19"><span class='ocrx_word' id='word_1_75' title='bbox 90 723 218 772; x_wconf 88' lang='lat' dir='ltr'>Tisri</span> <span class='ocrx_word' id='word_1_76' title='bbox 257 724 389 774; x_wconf 90' lang='lat' dir='ltr'>dicti.</span> <span class='ocrx_word' id='word_1_77' title='bbox 464 726 608 775; x_wconf 86' lang='lat' dir='ltr'>Hanc</span> <span class='ocrx_word' id='word_1_78' title='bbox 646 727 940 791; x_wconf 86' lang='lat' dir='ltr'>hypothesin</span> <span class='ocrx_word' id='word_1_79' title='bbox 982 728 1040 776; x_wconf 92' lang='lat' dir='ltr'>de</span> <span class='ocrx_word' id='word_1_80' title='bbox 1078 726 1343 785; x_wconf 79' lang='lat' dir='ltr'>Zacharia,</span> <span class='ocrx_word' id='word_1_81' title='bbox 1395 727 1479 788; x_wconf 90' lang='lat' dir='ltr'>qui</span> <span class='ocrx_word' id='word_1_82' title='bbox 1516 726 1608 773; x_wconf 85' lang='lat' dir='ltr'>fuit</span> <span class='ocrx_word' id='word_1_83' title='bbox 1655 740 1714 774; x_wconf 86' lang='lat' dir='ltr'>ex</span> <span class='ocrx_word' id='word_1_84' title='bbox 1753 733 1881 775; x_wconf 83' lang='lat' dir='ltr'>sorte</span> <span class='ocrx_word' id='word_1_85' title='bbox 1925 728 2076 789; x_wconf 89' lang='lat' dir='ltr'>Abia,</span> <span class='ocrx_word' id='word_1_86' title='bbox 2129 728 2351 790; x_wconf 90' lang='lat' dir='ltr'>relinquo</span> 
     </span>
     <span class='ocr_line' id='line_1_9' title="bbox 90 798 2351 863; baseline 0.001 -18"><span class='ocrx_word' id='word_1_87' title='bbox 90 798 460 846; x_wconf 84' lang='lat' dir='ltr'>examinandam</span> <span class='ocrx_word' id='word_1_88' title='bbox 514 799 787 863; x_wconf 89' lang='lat' dir='ltr'>theologis,</span> <span class='ocrx_word' id='word_1_89' title='bbox 836 798 993 849; x_wconf 84' lang='lat' dir='ltr'>rerum</span> <span class='ocrx_word' id='word_1_90' title='bbox 1044 798 1362 847; x_wconf 83' lang='lat' dir='ltr'>Judaicarum</span> <span class='ocrx_word' id='word_1_91' title='bbox 1413 799 1545 847; x_wconf 91' lang='lat' dir='ltr'>illius</span> <span class='ocrx_word' id='word_1_92' title='bbox 1597 801 1827 861; x_wconf 91' lang='lat' dir='ltr'>temporis</span> <span class='ocrx_word' id='word_1_93' title='bbox 1874 801 2055 861; x_wconf 80' lang='lat' dir='ltr'>peritis,</span> <span class='ocrx_word' id='word_1_94' title='bbox 2142 800 2258 849; x_wconf 82' lang='lat' dir='ltr'>Jam</span> <span class='ocrx_word' id='word_1_95' title='bbox 2310 802 2351 848; x_wconf 90' lang='lat' dir='ltr'>si</span> 
     </span>
     <span class='ocr_line' id='line_1_10' title="bbox 94 869 2354 934; baseline 0.001 -16"><span class='ocrx_word' id='word_1_96' title='bbox 94 869 315 918; x_wconf 89' lang='lat' dir='ltr'>Christus</span> <span class='ocrx_word' id='word_1_97' title='bbox 365 873 414 918; x_wconf 92' lang='lat' dir='ltr'>in</span> <span class='ocrx_word' id='word_1_98' title='bbox 465 873 677 922; x_wconf 90' lang='lat' dir='ltr'>solstitio</span> <span class='ocrx_word' id='word_1_99' title='bbox 727 873 954 922; x_wconf 55' lang='lat' dir='ltr'>brumali„</span> <span class='ocrx_word' id='word_1_100' title='bbox 990 878 1159 932; x_wconf 79' lang='lat' dir='ltr'>natuS,</span> <span class='ocrx_word' id='word_1_101' title='bbox 1214 878 1288 921; x_wconf 89' lang='lat' dir='ltr'>est</span> <span class='ocrx_word' id='word_1_102' title='bbox 1339 874 1488 934; x_wconf 87' lang='lat' dir='ltr'>igitur</span> <span class='ocrx_word' id='word_1_103' title='bbox 1527 875 1849 920; x_wconf 86' lang='lat' dir='ltr'>annunciatus</span> <span class='ocrx_word' id='word_1_104' title='bbox 1888 887 2067 921; x_wconf 90' lang='lat' dir='ltr'>novem</span> <span class='ocrx_word' id='word_1_105' title='bbox 2104 873 2354 921; x_wconf 89' lang='lat' dir='ltr'>mensibus</span> 
     </span>
     <span class='ocr_line' id='line_1_11' title="bbox 92 945 2354 1008; baseline 0.002 -18"><span class='ocrx_word' id='word_1_106' title='bbox 92 952 205 991; x_wconf 88' lang='lat' dir='ltr'>ante</span> <span class='ocrx_word' id='word_1_107' title='bbox 255 945 304 990; x_wconf 91' lang='lat' dir='ltr'>in</span> <span class='ocrx_word' id='word_1_108' title='bbox 353 947 665 1006; x_wconf 90' lang='lat' dir='ltr'>aequinoctio</span> <span class='ocrx_word' id='word_1_109' title='bbox 725 961 890 995; x_wconf 88' lang='lat' dir='ltr'>verno.</span> <span class='ocrx_word' id='word_1_110' title='bbox 966 946 1022 994; x_wconf 91' lang='lat' dir='ltr'>Id</span> <span class='ocrx_word' id='word_1_111' title='bbox 1078 959 1195 994; x_wconf 88' lang='lat' dir='ltr'>vero</span> <span class='ocrx_word' id='word_1_112' title='bbox 1246 946 1451 1008; x_wconf 88' lang='lat' dir='ltr'>angelus</span> <span class='ocrx_word' id='word_1_113' title='bbox 1490 945 1753 994; x_wconf 85' lang='lat' dir='ltr'>affirmavit</span> <span class='ocrx_word' id='word_1_114' title='bbox 1790 945 1940 994; x_wconf 85' lang='lat' dir='ltr'>fuisse</span> <span class='ocrx_word' id='word_1_115' title='bbox 1979 961 2066 994; x_wconf 88' lang='lat' dir='ltr'>sex</span> <span class='ocrx_word' id='word_1_116' title='bbox 2105 947 2354 995; x_wconf 86' lang='lat' dir='ltr'>mensibus</span> 
     </span>
     <span class='ocr_line' id='line_1_12' title="bbox 91 1012 2355 1080; baseline 0 -16"><span class='ocrx_word' id='word_1_117' title='bbox 91 1023 205 1078; x_wconf 90' lang='lat' dir='ltr'>post</span> <span class='ocrx_word' id='word_1_118' title='bbox 252 1020 622 1080; x_wconf 88' lang='lat' dir='ltr'>conceptionem</span> <span class='ocrx_word' id='word_1_119' title='bbox 659 1019 892 1080; x_wconf 72' lang='lat' dir='ltr'>JoanniS,</span> <span class='ocrx_word' id='word_1_120' title='bbox 946 1019 1168 1068; x_wconf 84' lang='lat' dir='ltr'>Joauues</span> <span class='ocrx_word' id='word_1_121' title='bbox 1220 1012 1712 1079; x_wconf 79' lang='lat' dir='ltr'>ergo-annunciatus</span> <span class='ocrx_word' id='word_1_122' title='bbox 1761 1025 1808 1066; x_wconf 88' lang='lat' dir='ltr'>et</span> <span class='ocrx_word' id='word_1_123' title='bbox 1864 1026 2128 1080; x_wconf 88' lang='lat' dir='ltr'>conceptus</span> <span class='ocrx_word' id='word_1_124' title='bbox 2179 1019 2270 1067; x_wconf 84' lang='lat' dir='ltr'>fuit</span> <span class='ocrx_word' id='word_1_125' title='bbox 2306 1020 2355 1065; x_wconf 92' lang='lat' dir='ltr'>in</span> 
     </span>
     <span class='ocr_line' id='line_1_13' title="bbox 51 1090 2359 1153; baseline 0 -16"><span class='ocrx_word' id='word_1_126' title='bbox 51 1090 404 1151; x_wconf 84' lang='lat' dir='ltr'>-aequinoctio</span> <span class='ocrx_word' id='word_1_127' title='bbox 460 1093 754 1153; x_wconf 90' lang='lat' dir='ltr'>autumnali,</span> <span class='ocrx_word' id='word_1_128' title='bbox 811 1095 934 1140; x_wconf 86' lang='lat' dir='ltr'>circa</span> <span class='ocrx_word' id='word_1_129' title='bbox 992 1094 1075 1140; x_wconf 84' lang='lat'>25.</span> <span class='ocrx_word' id='word_1_130' title='bbox 1116 1090 1431 1153; x_wconf 83' lang='lat' dir='ltr'>Septembris.</span> <span class='ocrx_word' id='word_1_131' title='bbox 1507 1092 1574 1139; x_wconf 85' lang='lat' dir='ltr'>At</span> <span class='ocrx_word' id='word_1_132' title='bbox 1619 1093 1942 1140; x_wconf 85' lang='lat' dir='ltr'>annunciatus</span> <span class='ocrx_word' id='word_1_133' title='bbox 1993 1098 2064 1139; x_wconf 89' lang='lat' dir='ltr'>est</span> <span class='ocrx_word' id='word_1_134' title='bbox 2119 1091 2187 1138; x_wconf 91' lang='lat' dir='ltr'>X.</span> <span class='ocrx_word' id='word_1_135' title='bbox 2229 1092 2359 1139; x_wconf 82' lang='lat' dir='ltr'>Tisri</span> 
     </span>
     <span class='ocr_line' id='line_1_14' title="bbox 91 1162 2357 1227; baseline 0 -17"><span class='ocrx_word' id='word_1_136' title='bbox 91 1176 183 1210; x_wconf 87' lang='lat' dir='ltr'>seu</span> <span class='ocrx_word' id='word_1_137' title='bbox 217 1162 358 1210; x_wconf 89' lang='lat' dir='ltr'>Luna</span> <span class='ocrx_word' id='word_1_138' title='bbox 395 1163 463 1211; x_wconf 87' lang='lat' dir='ltr'>X.</span> <span class='ocrx_word' id='word_1_139' title='bbox 504 1166 683 1214; x_wconf 82' lang='lat' dir='ltr'>mensis</span> <span class='ocrx_word' id='word_1_140' title='bbox 722 1167 915 1227; x_wconf 87' lang='lat' dir='ltr'>septimi</span> <span class='ocrx_word' id='word_1_141' title='bbox 956 1181 985 1212; x_wconf 91' lang='lat' dir='ltr'>a</span> <span class='ocrx_word' id='word_1_142' title='bbox 1024 1165 1228 1224; x_wconf 87' lang='lat' dir='ltr'>vernali,</span> <span class='ocrx_word' id='word_1_143' title='bbox 1269 1164 1535 1212; x_wconf 88' lang='lat' dir='ltr'>secundum</span> <span class='ocrx_word' id='word_1_144' title='bbox 1574 1163 1867 1226; x_wconf 88' lang='lat' dir='ltr'>hypothesin</span> <span class='ocrx_word' id='word_1_145' title='bbox 1905 1164 2188 1215; x_wconf 86' lang='lat' dir='ltr'>secundam</span> <span class='ocrx_word' id='word_1_146' title='bbox 2229 1164 2357 1213; x_wconf 91' lang='lat' dir='ltr'>Nul-</span> 
     </span>
     <span class='ocr_line' id='line_1_15' title="bbox 91 1235 2357 1301; baseline 0.001 -18"><span class='ocrx_word' id='word_1_147' title='bbox 91 1235 168 1283; x_wconf 90' lang='lat' dir='ltr'>lus</span> <span class='ocrx_word' id='word_1_148' title='bbox 218 1250 333 1283; x_wconf 87' lang='lat' dir='ltr'>vero</span> <span class='ocrx_word' id='word_1_149' title='bbox 383 1251 540 1285; x_wconf 90' lang='lat' dir='ltr'>annus</span> <span class='ocrx_word' id='word_1_150' title='bbox 592 1237 713 1301; x_wconf 90' lang='lat' dir='ltr'>cycli</span> <span class='ocrx_word' id='word_1_151' title='bbox 766 1238 916 1286; x_wconf 90' lang='lat' dir='ltr'>habet</span> <span class='ocrx_word' id='word_1_152' title='bbox 963 1238 1153 1293; x_wconf 88' lang='lat' dir='ltr'>Lunam</span> <span class='ocrx_word' id='word_1_153' title='bbox 1204 1236 1273 1284; x_wconf 89' lang='lat' dir='ltr'>X.</span> <span class='ocrx_word' id='word_1_154' title='bbox 1323 1237 1401 1286; x_wconf 89' lang='lat' dir='ltr'>die</span> <span class='ocrx_word' id='word_1_155' title='bbox 1457 1238 1539 1285; x_wconf 83' lang='lat'>25.</span> <span class='ocrx_word' id='word_1_156' title='bbox 1580 1237 1907 1300; x_wconf 87' lang='lat' dir='ltr'>Septembris,</span> <span class='ocrx_word' id='word_1_157' title='bbox 1961 1253 2047 1286; x_wconf 87' lang='lat' dir='ltr'>seu</span> <span class='ocrx_word' id='word_1_158' title='bbox 2089 1238 2278 1285; x_wconf 89' lang='lat' dir='ltr'>Lunam</span> <span class='ocrx_word' id='word_1_159' title='bbox 2317 1237 2357 1289; x_wconf 93' lang='lat' dir='ltr'>I</span> 
     </span>
     <span class='ocr_line' id='line_1_16' title="bbox 100 1307 2360 1375; baseline 0.002 -20"><span class='ocrx_word' id='word_1_160' title='bbox 100 1309 179 1356; x_wconf 88' lang='lat'>16.</span> <span class='ocrx_word' id='word_1_161' title='bbox 210 1307 526 1370; x_wconf 87' lang='lat' dir='ltr'>Septembris,</span> <span class='ocrx_word' id='word_1_162' title='bbox 565 1318 758 1372; x_wconf 88' lang='lat' dir='ltr'>praeter</span> <span class='ocrx_word' id='word_1_163' title='bbox 797 1326 977 1360; x_wconf 90' lang='lat' dir='ltr'>annum</span> <span class='ocrx_word' id='word_1_164' title='bbox 1017 1309 1142 1375; x_wconf 88' lang='lat' dir='ltr'>cycli</span> <span class='ocrx_word' id='word_1_165' title='bbox 1179 1312 1402 1372; x_wconf 90' lang='lat' dir='ltr'>primum,</span> <span class='ocrx_word' id='word_1_166' title='bbox 1444 1312 1560 1373; x_wconf 88' lang='lat' dir='ltr'>quia</span> <span class='ocrx_word' id='word_1_167' title='bbox 1598 1325 1774 1359; x_wconf 89' lang='lat' dir='ltr'>aureus</span> <span class='ocrx_word' id='word_1_168' title='bbox 1812 1311 1851 1360; x_wconf 89' lang='lat'>1.</span> <span class='ocrx_word' id='word_1_169' title='bbox 1894 1317 1991 1373; x_wconf 86' lang='lat' dir='ltr'>stat</span> <span class='ocrx_word' id='word_1_170' title='bbox 2017 1310 2079 1359; x_wconf 88' lang='lat' dir='ltr'>ad</span> <span class='ocrx_word' id='word_1_171' title='bbox 2124 1313 2204 1359; x_wconf 87' lang='lat'>16.</span> <span class='ocrx_word' id='word_1_172' title='bbox 2231 1311 2360 1373; x_wconf 85' lang='lat' dir='ltr'>Sep-</span> 
     </span>
    </p>
   </div>
   <div class='ocr_carea' id='block_1_5' title="bbox 0 1379 2362 1592">
    <p class='ocr_par' dir='ltr' id='par_1_5' title="bbox 0 1379 2362 1592">
     <span class='ocr_line' id='line_1_17' title="bbox 7 1379 2360 1453; baseline 0.002 -25"><span class='ocrx_word' id='word_1_173' title='bbox 7 1410 10 1413; x_wconf 92' lang='lat'>·</span> <span class='ocrx_word' id='word_1_174' title='bbox 92 1381 316 1429; x_wconf 88' lang='lat' dir='ltr'>tembris:</span> <span class='ocrx_word' id='word_1_175' title='bbox 367 1397 481 1444; x_wconf 90' lang='lat' dir='ltr'>ergo</span> <span class='ocrx_word' id='word_1_176' title='bbox 520 1398 649 1431; x_wconf 89' lang='lat' dir='ltr'>anno</span> <span class='ocrx_word' id='word_1_177' title='bbox 688 1385 844 1446; x_wconf 88' lang='lat' dir='ltr'>primo</span> <span class='ocrx_word' id='word_1_178' title='bbox 885 1384 1009 1448; x_wconf 89' lang='lat' dir='ltr'>cycli</span> <span class='ocrx_word' id='word_1_179' title='bbox 1050 1391 1314 1445; x_wconf 91' lang='lat' dir='ltr'>conceptus</span> <span class='ocrx_word' id='word_1_180' title='bbox 1353 1383 1603 1444; x_wconf 79' lang='lat' dir='ltr'>JoanneS,</span> <span class='ocrx_word' id='word_1_181' title='bbox 1658 1398 1785 1432; x_wconf 89' lang='lat' dir='ltr'>anno</span> <span class='ocrx_word' id='word_1_182' title='bbox 1825 1384 2193 1447; x_wconf 71' lang='lat' dir='ltr'>ergosecundo</span> <span class='ocrx_word' id='word_1_183' title='bbox 2233 1379 2360 1453; x_wconf 85' lang='lat' dir='ltr'>cycli</span> 
     </span>
     <span class='ocr_line' id='line_1_18' title="bbox 0 1457 2360 1520; baseline 0.002 -19"><span class='ocrx_word' id='word_1_184' title='bbox 0 1478 6 1484; x_wconf 91' lang='lat'><em>·</em></span> <span class='ocrx_word' id='word_1_185' title='bbox 95 1460 358 1516; x_wconf 89' lang='lat' dir='ltr'>conceptus</span> <span class='ocrx_word' id='word_1_186' title='bbox 397 1463 445 1503; x_wconf 89' lang='lat' dir='ltr'>et</span> <span class='ocrx_word' id='word_1_187' title='bbox 482 1462 627 1504; x_wconf 89' lang='lat' dir='ltr'>natus</span> <span class='ocrx_word' id='word_1_188' title='bbox 668 1464 742 1505; x_wconf 91' lang='lat' dir='ltr'>est</span> <span class='ocrx_word' id='word_1_189' title='bbox 769 1457 1005 1517; x_wconf 84' lang='lat' dir='ltr'>ChristuS,</span> <span class='ocrx_word' id='word_1_190' title='bbox 1045 1458 1216 1520; x_wconf 89' lang='lat' dir='ltr'>positis</span> <span class='ocrx_word' id='word_1_191' title='bbox 1257 1458 1385 1505; x_wconf 90' lang='lat' dir='ltr'>veris</span> <span class='ocrx_word' id='word_1_192' title='bbox 1425 1457 1537 1518; x_wconf 88' lang='lat' dir='ltr'>illis,</span> <span class='ocrx_word' id='word_1_193' title='bbox 1579 1471 1704 1519; x_wconf 87' lang='lat' dir='ltr'>quae</span> <span class='ocrx_word' id='word_1_194' title='bbox 1745 1458 1860 1508; x_wconf 86' lang='lat' dir='ltr'>dixi.</span> <span class='ocrx_word' id='word_1_195' title='bbox 1936 1457 2014 1506; x_wconf 88' lang='lat' dir='ltr'>Ita</span> <span class='ocrx_word' id='word_1_196' title='bbox 2041 1465 2207 1506; x_wconf 86' lang='lat' dir='ltr'>nostra</span> <span class='ocrx_word' id='word_1_197' title='bbox 2246 1472 2360 1506; x_wconf 86' lang='lat' dir='ltr'>aera</span> 
     </span>
     <span class='ocr_line' id='line_1_19' title="bbox 0 1527 2362 1592; baseline -0.001 -12"><span class='ocrx_word' id='word_1_198' title='bbox 0 1574 3 1580; x_wconf 90' lang='lat'>.</span> <span class='ocrx_word' id='word_1_199' title='bbox 93 1541 191 1577; x_wconf 87' lang='lat' dir='ltr'>non</span> <span class='ocrx_word' id='word_1_200' title='bbox 231 1534 305 1575; x_wconf 90' lang='lat' dir='ltr'>est</span> <span class='ocrx_word' id='word_1_201' title='bbox 343 1527 588 1589; x_wconf 89' lang='lat' dir='ltr'>historica,</span> <span class='ocrx_word' id='word_1_202' title='bbox 629 1530 715 1578; x_wconf 90' lang='lat' dir='ltr'>sed</span> <span class='ocrx_word' id='word_1_203' title='bbox 761 1530 1028 1579; x_wconf 89' lang='lat' dir='ltr'>artificialis</span> <span class='ocrx_word' id='word_1_204' title='bbox 1068 1535 1117 1578; x_wconf 90' lang='lat' dir='ltr'>et</span> <span class='ocrx_word' id='word_1_205' title='bbox 1159 1529 1515 1592; x_wconf 80' lang='lat' dir='ltr'>hypothetica,</span> <span class='ocrx_word' id='word_1_206' title='bbox 1558 1545 1588 1578; x_wconf 89' lang='lat' dir='ltr'>a</span> <span class='ocrx_word' id='word_1_207' title='bbox 1629 1545 1743 1579; x_wconf 88' lang='lat' dir='ltr'>vero</span> <span class='ocrx_word' id='word_1_208' title='bbox 1782 1545 1878 1578; x_wconf 91' lang='lat' dir='ltr'>non</span> <span class='ocrx_word' id='word_1_209' title='bbox 1917 1532 2120 1579; x_wconf 87' lang='lat' dir='ltr'>nimium</span> <span class='ocrx_word' id='word_1_210' title='bbox 2158 1537 2362 1580; x_wconf 88' lang='lat' dir='ltr'>remota.</span> 
     </span>
    </p>
   </div>
   <div class='ocr_carea' id='block_1_6' title="bbox 95 1600 2362 1666">
    <p class='ocr_par' dir='ltr' id='par_1_6' title="bbox 95 1600 2362 1666">
     <span class='ocr_line' id='line_1_20' title="bbox 95 1600 2362 1666; baseline 0.002 -18"><span class='ocrx_word' id='word_1_211' title='bbox 95 1600 158 1648; x_wconf 90' lang='lat' dir='ltr'>Et</span> <span class='ocrx_word' id='word_1_212' title='bbox 192 1600 486 1661; x_wconf 89' lang='lat' dir='ltr'>notandum,</span> <span class='ocrx_word' id='word_1_213' title='bbox 543 1603 675 1664; x_wconf 84' lang='lat' dir='ltr'>quod</span> <span class='ocrx_word' id='word_1_214' title='bbox 714 1602 861 1652; x_wconf 92' lang='lat' dir='ltr'>hodie</span> <span class='ocrx_word' id='word_1_215' title='bbox 900 1618 987 1652; x_wconf 89' lang='lat' dir='ltr'>nos</span> <span class='ocrx_word' id='word_1_216' title='bbox 1027 1603 1161 1652; x_wconf 87' lang='lat' dir='ltr'>illam</span> <span class='ocrx_word' id='word_1_217' title='bbox 1203 1603 1343 1652; x_wconf 88' lang='lat' dir='ltr'>aliter</span> <span class='ocrx_word' id='word_1_218' title='bbox 1381 1603 1734 1666; x_wconf 86' lang='lat' dir='ltr'>intelligamus,</span> <span class='ocrx_word' id='word_1_219' title='bbox 1791 1618 1935 1666; x_wconf 91' lang='lat' dir='ltr'>quam</span> <span class='ocrx_word' id='word_1_220' title='bbox 1993 1605 2055 1653; x_wconf 89' lang='lat' dir='ltr'>ab</span> <span class='ocrx_word' id='word_1_221' title='bbox 2096 1604 2201 1666; x_wconf 90' lang='lat' dir='ltr'>ejus</span> <span class='ocrx_word' id='word_1_222' title='bbox 2241 1619 2362 1652; x_wconf 89' lang='lat' dir='ltr'>auc-</span> 
     </span>
    </p>
   </div>
   <div class='ocr_carea' id='block_1_7' title="bbox 5 1675 2359 1740">
    <p class='ocr_par' dir='ltr' id='par_1_7' title="bbox 5 1675 2359 1740">
     <span class='ocr_line' id='line_1_21' title="bbox 5 1675 2359 1740; baseline 0.001 -20"><span class='ocrx_word' id='word_1_223' title='bbox 5 1690 17 1698; x_wconf 63' lang='lat'><em>⁷</em></span> <span class='ocrx_word' id='word_1_224' title='bbox 96 1679 198 1721; x_wconf 88' lang='lat' dir='ltr'>tore</span> <span class='ocrx_word' id='word_1_225' title='bbox 238 1688 410 1722; x_wconf 80' lang='lat' dir='ltr'>sumus</span> <span class='ocrx_word' id='word_1_226' title='bbox 447 1675 592 1724; x_wconf 88' lang='lat' dir='ltr'>docti.</span> <span class='ocrx_word' id='word_1_227' title='bbox 669 1676 759 1724; x_wconf 92' lang='lat' dir='ltr'>Ille</span> <span class='ocrx_word' id='word_1_228' title='bbox 797 1678 1014 1739; x_wconf 89' lang='lat' dir='ltr'>ponebat</span> <span class='ocrx_word' id='word_1_229' title='bbox 1040 1676 1284 1724; x_wconf 89' lang='lat' dir='ltr'>Christum</span> <span class='ocrx_word' id='word_1_230' title='bbox 1324 1682 1611 1739; x_wconf 89' lang='lat' dir='ltr'>conceptum</span> <span class='ocrx_word' id='word_1_231' title='bbox 1650 1678 1697 1723; x_wconf 91' lang='lat' dir='ltr'>in</span> <span class='ocrx_word' id='word_1_232' title='bbox 1725 1679 1964 1740; x_wconf 88' lang='lat' dir='ltr'>principio</span> <span class='ocrx_word' id='word_1_233' title='bbox 2005 1680 2119 1726; x_wconf 88' lang='lat' dir='ltr'>anni</span> <span class='ocrx_word' id='word_1_234' title='bbox 2157 1678 2359 1726; x_wconf 84' lang='lat' dir='ltr'>secundi</span> 
     </span>
    </p>
   </div>
   <div class='ocr_carea' id='block_1_8' title="bbox 25 1745 2364 1957">
    <p class='ocr_par' dir='ltr' id='par_1_8' title="bbox 25 1745 2364 1957">
     <span class='ocr_line' id='line_1_22' title="bbox 25 1745 2361 1813; baseline 0.001 -18"><span class='ocrx_word' id='word_1_235' title='bbox 25 1762 29 1765; x_wconf 57' lang='lat'><em>¹</em></span> <span class='ocrx_word' id='word_1_236' title='bbox 97 1745 218 1810; x_wconf 90' lang='lat' dir='ltr'>cycli</span> <span class='ocrx_word' id='word_1_237' title='bbox 258 1748 548 1809; x_wconf 81' lang='lat' dir='ltr'>incipientiS,</span> <span class='ocrx_word' id='word_1_238' title='bbox 593 1751 774 1812; x_wconf 90' lang='lat' dir='ltr'>quippe</span> <span class='ocrx_word' id='word_1_239' title='bbox 813 1750 875 1799; x_wconf 89' lang='lat' dir='ltr'>ab</span> <span class='ocrx_word' id='word_1_240' title='bbox 917 1748 1263 1811; x_wconf 87' lang='lat' dir='ltr'>aequinoctiali</span> <span class='ocrx_word' id='word_1_241' title='bbox 1301 1749 1570 1811; x_wconf 87' lang='lat' dir='ltr'>novilunio,</span> <span class='ocrx_word' id='word_1_242' title='bbox 1613 1756 1780 1798; x_wconf 89' lang='lat' dir='ltr'>natum</span> <span class='ocrx_word' id='word_1_243' title='bbox 1820 1752 1868 1797; x_wconf 90' lang='lat' dir='ltr'>in</span> <span class='ocrx_word' id='word_1_244' title='bbox 1910 1752 2080 1799; x_wconf 89' lang='lat' dir='ltr'>bruma</span> <span class='ocrx_word' id='word_1_245' title='bbox 2121 1751 2361 1813; x_wconf 84' lang='lat' dir='ltr'>sequenti,</span> 
     </span>
     <span class='ocr_line' id='line_1_23' title="bbox 98 1818 2362 1884; baseline 0.002 -18"><span class='ocrx_word' id='word_1_246' title='bbox 98 1818 295 1868; x_wconf 87' lang='lat' dir='ltr'>finiente</span> <span class='ocrx_word' id='word_1_247' title='bbox 333 1835 461 1870; x_wconf 89' lang='lat' dir='ltr'>anno</span> <span class='ocrx_word' id='word_1_248' title='bbox 502 1823 585 1870; x_wconf 88' lang='lat'>46.</span> <span class='ocrx_word' id='word_1_249' title='bbox 627 1822 857 1883; x_wconf 84' lang='lat' dir='ltr'>Juliano,</span> <span class='ocrx_word' id='word_1_250' title='bbox 911 1822 1122 1884; x_wconf 89' lang='lat' dir='ltr'>ideoque</span> <span class='ocrx_word' id='word_1_251' title='bbox 1175 1821 1289 1870; x_wconf 91' lang='lat' dir='ltr'>dicti</span> <span class='ocrx_word' id='word_1_252' title='bbox 1327 1829 1441 1870; x_wconf 92' lang='lat' dir='ltr'>sunt</span> <span class='ocrx_word' id='word_1_253' title='bbox 1480 1822 1594 1871; x_wconf 88' lang='lat' dir='ltr'>olim</span> <span class='ocrx_word' id='word_1_254' title='bbox 1635 1826 1748 1871; x_wconf 87' lang='lat' dir='ltr'>anni</span> <span class='ocrx_word' id='word_1_255' title='bbox 1790 1838 1886 1871; x_wconf 92' lang='lat' dir='ltr'>non</span> <span class='ocrx_word' id='word_1_256' title='bbox 1925 1826 2221 1884; x_wconf 85' lang='lat' dir='ltr'>nativitatis,</span> <span class='ocrx_word' id='word_1_257' title='bbox 2275 1823 2362 1872; x_wconf 92' lang='lat' dir='ltr'>scd</span> 
     </span>
     <span class='ocr_line' id='line_1_24' title="bbox 62 1893 2364 1957; baseline 0.003 -17"><span class='ocrx_word' id='word_1_258' title='bbox 62 1893 446 1942; x_wconf 82' lang='lat' dir='ltr'>&#39;incarnationis</span> <span class='ocrx_word' id='word_1_259' title='bbox 487 1895 692 1957; x_wconf 89' lang='lat' dir='ltr'>Christi;</span> <span class='ocrx_word' id='word_1_260' title='bbox 743 1903 793 1943; x_wconf 88' lang='lat' dir='ltr'>at</span> <span class='ocrx_word' id='word_1_261' title='bbox 845 1911 935 1944; x_wconf 88' lang='lat' dir='ltr'>nos</span> <span class='ocrx_word' id='word_1_262' title='bbox 985 1896 1132 1944; x_wconf 92' lang='lat' dir='ltr'>hodie</span> <span class='ocrx_word' id='word_1_263' title='bbox 1184 1897 1439 1957; x_wconf 87' lang='lat' dir='ltr'>opinamur</span> <span class='ocrx_word' id='word_1_264' title='bbox 1490 1895 1732 1944; x_wconf 87' lang='lat' dir='ltr'>Christum</span> <span class='ocrx_word' id='word_1_265' title='bbox 1786 1902 1955 1945; x_wconf 88' lang='lat' dir='ltr'>natum</span> <span class='ocrx_word' id='word_1_266' title='bbox 2007 1899 2175 1945; x_wconf 88' lang='lat' dir='ltr'>bruma</span> <span class='ocrx_word' id='word_1_267' title='bbox 2221 1902 2364 1946; x_wconf 83' lang='lat' dir='ltr'>ante-</span> 
     </span>
    </p>
   </div>
   <div class='ocr_carea' id='block_1_9' title="bbox 0 1965 2393 2036">
    <p class='ocr_par' dir='ltr' id='par_1_9' title="bbox 0 1965 2393 2036">
     <span class='ocr_line' id='line_1_25' title="bbox 0 1965 2393 2036; baseline 0.001 -22"><span class='ocrx_word' id='word_1_268' title='bbox 0 1985 14 2015; x_wconf 48' lang='lat'>¹.</span> <span class='ocrx_word' id='word_1_269' title='bbox 101 1965 324 2027; x_wconf 86' lang='lat' dir='ltr'>cedente,</span> <span class='ocrx_word' id='word_1_270' title='bbox 365 1975 584 2017; x_wconf 91' lang='lat' dir='ltr'>currente</span> <span class='ocrx_word' id='word_1_271' title='bbox 624 1968 785 2017; x_wconf 89' lang='lat' dir='ltr'>adhuc</span> <span class='ocrx_word' id='word_1_272' title='bbox 822 1971 979 2036; x_wconf 88' lang='lat' dir='ltr'>primo</span> <span class='ocrx_word' id='word_1_273' title='bbox 1018 1984 1145 2018; x_wconf 89' lang='lat' dir='ltr'>anno</span> <span class='ocrx_word' id='word_1_274' title='bbox 1187 1968 1336 2032; x_wconf 90' lang='lat' dir='ltr'>cycli,</span> <span class='ocrx_word' id='word_1_275' title='bbox 1390 1974 1437 2017; x_wconf 94' lang='lat' dir='ltr'>et</span> <span class='ocrx_word' id='word_1_276' title='bbox 1468 1969 1573 2031; x_wconf 88' lang='lat' dir='ltr'>jam</span> <span class='ocrx_word' id='word_1_277' title='bbox 1611 1969 1808 2019; x_wconf 89' lang='lat' dir='ltr'>finiente</span> <span class='ocrx_word' id='word_1_278' title='bbox 1848 1984 1976 2018; x_wconf 91' lang='lat' dir='ltr'>anno</span> <span class='ocrx_word' id='word_1_279' title='bbox 2018 1972 2102 2018; x_wconf 87' lang='lat'>45</span> <span class='ocrx_word' id='word_1_280' title='bbox 2143 1969 2393 2030; x_wconf 56' lang='lat' dir='ltr'>Juliano„</span> 
     </span>
    </p>
   </div>
   <div class='ocr_carea' id='block_1_10' title="bbox 100 2039 2363 2181">
    <p class='ocr_par' dir='ltr' id='par_1_10' title="bbox 100 2039 2363 2181">
     <span class='ocr_line' id='line_1_26' title="bbox 100 2039 2363 2105; baseline 0.003 -19"><span class='ocrx_word' id='word_1_281' title='bbox 100 2039 239 2087; x_wconf 89' lang='lat' dir='ltr'>nobis</span> <span class='ocrx_word' id='word_1_282' title='bbox 279 2054 392 2100; x_wconf 89' lang='lat' dir='ltr'>ergo</span> <span class='ocrx_word' id='word_1_283' title='bbox 431 2048 545 2091; x_wconf 88' lang='lat' dir='ltr'>sunt</span> <span class='ocrx_word' id='word_1_284' title='bbox 583 2044 698 2090; x_wconf 88' lang='lat' dir='ltr'>anni</span> <span class='ocrx_word' id='word_1_285' title='bbox 736 2058 766 2090; x_wconf 90' lang='lat' dir='ltr'>a</span> <span class='ocrx_word' id='word_1_286' title='bbox 803 2045 1080 2091; x_wconf 89' lang='lat' dir='ltr'>nativitate.</span> <span class='ocrx_word' id='word_1_287' title='bbox 1156 2041 1215 2088; x_wconf 91' lang='lat' dir='ltr'>Id</span> <span class='ocrx_word' id='word_1_288' title='bbox 1251 2043 1448 2104; x_wconf 91' lang='lat' dir='ltr'>propius</span> <span class='ocrx_word' id='word_1_289' title='bbox 1489 2042 1686 2105; x_wconf 88' lang='lat' dir='ltr'>quidem</span> <span class='ocrx_word' id='word_1_290' title='bbox 1733 2049 1808 2092; x_wconf 86' lang='lat' dir='ltr'>est</span> <span class='ocrx_word' id='word_1_291' title='bbox 1846 2045 2042 2092; x_wconf 90' lang='lat' dir='ltr'>veritati</span> <span class='ocrx_word' id='word_1_292' title='bbox 2088 2043 2363 2105; x_wconf 87' lang='lat' dir='ltr'>historicae,</span> 
     </span>
     <span class='ocr_line' id='line_1_27' title="bbox 111 2108 2030 2181; baseline 0.002 -21"><span class='ocrx_word' id='word_1_293' title='bbox 111 2108 302 2161; x_wconf 82' lang='lat' dir='ltr'>aberrat</span> <span class='ocrx_word' id='word_1_294' title='bbox 339 2120 501 2163; x_wconf 89' lang='lat' dir='ltr'>tamen</span> <span class='ocrx_word' id='word_1_295' title='bbox 541 2114 702 2164; x_wconf 90' lang='lat' dir='ltr'>adhuc</span> <span class='ocrx_word' id='word_1_296' title='bbox 741 2120 790 2164; x_wconf 86' lang='lat' dir='ltr'>et</span> <span class='ocrx_word' id='word_1_297' title='bbox 827 2116 889 2164; x_wconf 86' lang='lat' dir='ltr'>ab</span> <span class='ocrx_word' id='word_1_298' title='bbox 929 2114 1015 2164; x_wconf 89' lang='lat' dir='ltr'>illa</span> <span class='ocrx_word' id='word_1_299' title='bbox 1054 2121 1102 2164; x_wconf 89' lang='lat' dir='ltr'>et</span> <span class='ocrx_word' id='word_1_300' title='bbox 1140 2114 1285 2163; x_wconf 90' lang='lat' dir='ltr'>simul</span> <span class='ocrx_word' id='word_1_301' title='bbox 1324 2130 1354 2163; x_wconf 91' lang='lat' dir='ltr'>a</span> <span class='ocrx_word' id='word_1_302' title='bbox 1391 2116 1664 2164; x_wconf 86' lang='lat' dir='ltr'>rationibus</span> <span class='ocrx_word' id='word_1_303' title='bbox 1700 2115 1846 2178; x_wconf 87' lang='lat' dir='ltr'>hujus</span> <span class='ocrx_word' id='word_1_304' title='bbox 1888 2117 2030 2181; x_wconf 84' lang='lat' dir='ltr'>cycli</span> 
     </span>
    </p>
   </div>
   <div class='ocr_carea' id='block_1_11' title="bbox 448 2204 2016 2294">
    <p class='ocr_par' dir='ltr' id='par_1_11' title="bbox 448 2204 2016 2294">
     <span class='ocr_line' id='line_1_28' title="bbox 448 2204 2016 2294; baseline 0.001 -16"><span class='ocrx_word' id='word_1_305' title='bbox 448 2230 536 2279; x_wconf 91' lang='lat' dir='ltr'>VI.</span> <span class='ocrx_word' id='word_1_306' title='bbox 584 2231 669 2280; x_wconf 92' lang='lat' dir='ltr'>De</span> <span class='ocrx_word' id='word_1_307' title='bbox 709 2204 1295 2294; x_wconf 86' lang='lat' dir='ltr'>conjunctionibus</span> <span class='ocrx_word' id='word_1_308' title='bbox 1334 2230 1579 2292; x_wconf 89' lang='lat' dir='ltr'>magnis</span> <span class='ocrx_word' id='word_1_309' title='bbox 1620 2236 1681 2279; x_wconf 91' lang='lat' dir='ltr'>et</span> <span class='ocrx_word' id='word_1_310' title='bbox 1718 2216 2016 2280; x_wconf 85' lang='lat' dir='ltr'>maximis.</span> 
     </span>
    </p>
   </div>
   <div class='ocr_carea' id='block_1_12' title="bbox 39 2331 2372 2912">
    <p class='ocr_par' dir='ltr' id='par_1_12' title="bbox 106 2331 2369 2527">
     <span class='ocr_line' id='line_1_29' title="bbox 259 2331 2367 2396; baseline 0.001 -17"><span class='ocrx_word' id='word_1_311' title='bbox 259 2331 394 2393; x_wconf 75' lang='lat' dir='ltr'>Quid</span> <span class='ocrx_word' id='word_1_312' title='bbox 435 2336 715 2396; x_wconf 78' lang='lat' dir='ltr'>praecipue</span> <span class='ocrx_word' id='word_1_313' title='bbox 761 2340 945 2383; x_wconf 76' lang='lat' dir='ltr'>notatu</span> <span class='ocrx_word' id='word_1_314' title='bbox 984 2333 1199 2395; x_wconf 74' lang='lat' dir='ltr'>diynum</span> <span class='ocrx_word' id='word_1_315' title='bbox 1243 2335 1465 2381; x_wconf 76' lang='lat' dir='ltr'>occurrit</span> <span class='ocrx_word' id='word_1_316' title='bbox 1513 2335 1649 2381; x_wconf 79' lang='lat' dir='ltr'>circa</span> <span class='ocrx_word' id='word_1_317' title='bbox 1684 2335 2078 2393; x_wconf 77' lang='lat' dir='ltr'>conjunctiones</span> <span class='ocrx_word' id='word_1_318' title='bbox 2122 2334 2367 2396; x_wconf 79' lang='lat' dir='ltr'>planeta—</span> 
     </span>
     <span class='ocr_line' id='line_1_30' title="bbox 108 2406 2369 2496; baseline 0.002 -45"><span class='ocrx_word' id='word_1_319' title='bbox 108 2418 225 2452; x_wconf 79' lang='lat' dir='ltr'>rum</span> <span class='ocrx_word' id='word_1_320' title='bbox 264 2407 397 2453; x_wconf 79' lang='lat' dir='ltr'>inter</span> <span class='ocrx_word' id='word_1_321' title='bbox 432 2420 481 2454; x_wconf 77' lang='lat' dir='ltr'>se</span> <span class='ocrx_word' id='word_1_322' title='bbox 514 2407 842 2468; x_wconf 80' lang='lat' dir='ltr'>promiscue?</span> <span class='ocrx_word' id='word_1_323' title='bbox 896 2407 1278 2469; x_wconf 88' lang='lat' dir='ltr'>Conjunctiones</span> <span class='ocrx_word' id='word_1_324' title='bbox 1319 2406 1462 2453; x_wconf 89' lang='lat' dir='ltr'>trium</span> <span class='ocrx_word' id='word_1_325' title='bbox 1502 2407 1835 2469; x_wconf 87' lang='lat' dir='ltr'>superiorum,</span> <span class='ocrx_word' id='word_1_326' title='bbox 1874 2421 2083 2496; x_wconf 86' lang='lat' dir='ltr'>magnae</span> <span class='ocrx_word' id='word_1_327' title='bbox 2122 2413 2171 2456; x_wconf 93' lang='lat' dir='ltr'>et</span> <span class='ocrx_word' id='word_1_328' title='bbox 2208 2409 2369 2457; x_wconf 88' lang='lat' dir='ltr'>maxi-</span> 
     </span>
     <span class='ocr_line' id='line_1_31' title="bbox 106 2477 426 2527; baseline 0.007 -2"><span class='ocrx_word' id='word_1_329' title='bbox 106 2490 214 2526; x_wconf 83' lang='lat' dir='ltr'>mae</span> <span class='ocrx_word' id='word_1_330' title='bbox 252 2477 426 2527; x_wconf 89' lang='lat' dir='ltr'>dictae.</span> 
     </span>
    </p>

    <p class='ocr_par' dir='ltr' id='par_1_13' title="bbox 39 2546 2370 2834">
     <span class='ocr_line' id='line_1_32' title="bbox 263 2546 2369 2615; baseline 0.001 -16"><span class='ocrx_word' id='word_1_331' title='bbox 263 2552 396 2613; x_wconf 75' lang='lat' dir='ltr'>Quid</span> <span class='ocrx_word' id='word_1_332' title='bbox 430 2567 678 2615; x_wconf 71' lang='lat' dir='ltr'>maynam</span> <span class='ocrx_word' id='word_1_333' title='bbox 717 2555 1122 2612; x_wconf 68' lang='lat' dir='ltr'>conjunctionem</span> <span class='ocrx_word' id='word_1_334' title='bbox 1160 2550 1461 2613; x_wconf 78' lang='lat' dir='ltr'>appellant?</span> <span class='ocrx_word' id='word_1_335' title='bbox 1509 2546 1915 2612; x_wconf 82' lang='lat' dir='ltr'>Conjunctionem</span> <span class='ocrx_word' id='word_1_336' title='bbox 1954 2552 2150 2602; x_wconf 88' lang='lat' dir='ltr'>Saturni</span> <span class='ocrx_word' id='word_1_337' title='bbox 2189 2558 2237 2602; x_wconf 90' lang='lat' dir='ltr'>et</span> <span class='ocrx_word' id='word_1_338' title='bbox 2273 2551 2369 2601; x_wconf 84' lang='lat' dir='ltr'>Jo-</span> 
     </span>
     <span class='ocr_line' id='line_1_33' title="bbox 109 2623 2370 2689; baseline 0.001 -19"><span class='ocrx_word' id='word_1_339' title='bbox 109 2623 196 2683; x_wconf 84' lang='lat' dir='ltr'>vis,</span> <span class='ocrx_word' id='word_1_340' title='bbox 237 2638 362 2686; x_wconf 88' lang='lat' dir='ltr'>quae</span> <span class='ocrx_word' id='word_1_341' title='bbox 401 2625 684 2689; x_wconf 89' lang='lat' dir='ltr'>plerumque</span> <span class='ocrx_word' id='word_1_342' title='bbox 723 2634 823 2675; x_wconf 81' lang='lat' dir='ltr'>ta&#39;m</span> <span class='ocrx_word' id='word_1_343' title='bbox 864 2626 946 2674; x_wconf 90' lang='lat' dir='ltr'>diu</span> <span class='ocrx_word' id='word_1_344' title='bbox 987 2625 1151 2685; x_wconf 85' lang='lat' dir='ltr'>durat,</span> <span class='ocrx_word' id='word_1_345' title='bbox 1207 2625 1361 2673; x_wconf 86' lang='lat' dir='ltr'>donec</span> <span class='ocrx_word' id='word_1_346' title='bbox 1400 2623 1631 2672; x_wconf 90' lang='lat' dir='ltr'>accedat</span> <span class='ocrx_word' id='word_1_347' title='bbox 1640 2630 1689 2672; x_wconf 92' lang='lat' dir='ltr'>et</span> <span class='ocrx_word' id='word_1_348' title='bbox 1727 2625 1886 2687; x_wconf 83' lang='lat' dir='ltr'>Mars,</span> <span class='ocrx_word' id='word_1_349' title='bbox 1928 2628 2232 2688; x_wconf 87' lang='lat' dir='ltr'>superiorum</span> <span class='ocrx_word' id='word_1_350' title='bbox 2271 2633 2370 2674; x_wconf 88' lang='lat' dir='ltr'>ter-</span> 
     </span>
     <span class='ocr_line' id='line_1_34' title="bbox 39 2696 2369 2766; baseline 0.003 -24"><span class='ocrx_word' id='word_1_351' title='bbox 39 2731 43 2734; x_wconf 83' lang='lat'>.</span> <span class='ocrx_word' id='word_1_352' title='bbox 109 2696 232 2756; x_wconf 84' lang='lat' dir='ltr'>tius,</span> <span class='ocrx_word' id='word_1_353' title='bbox 284 2698 414 2760; x_wconf 88' lang='lat' dir='ltr'>quod</span> <span class='ocrx_word' id='word_1_354' title='bbox 454 2699 532 2747; x_wconf 87' lang='lat' dir='ltr'>vel</span> <span class='ocrx_word' id='word_1_355' title='bbox 570 2701 780 2748; x_wconf 88' lang='lat' dir='ltr'>maxime</span> <span class='ocrx_word' id='word_1_356' title='bbox 820 2698 1216 2762; x_wconf 90' lang='lat' dir='ltr'>conspiciendum</span> <span class='ocrx_word' id='word_1_357' title='bbox 1257 2703 1331 2746; x_wconf 90' lang='lat' dir='ltr'>est</span> <span class='ocrx_word' id='word_1_358' title='bbox 1380 2696 1737 2766; x_wconf 85' lang='lat' dir='ltr'>spectaculum,</span> <span class='ocrx_word' id='word_1_359' title='bbox 1789 2705 1886 2747; x_wconf 89' lang='lat' dir='ltr'>tres</span> <span class='ocrx_word' id='word_1_360' title='bbox 1932 2714 2142 2762; x_wconf 87' lang='lat' dir='ltr'>magnae</span> <span class='ocrx_word' id='word_1_361' title='bbox 2174 2698 2369 2760; x_wconf 85' lang='lat' dir='ltr'>stellae,</span> 
     </span>
     <span class='ocr_line' id='line_1_35' title="bbox 110 2767 1419 2834; baseline 0.002 -19"><span class='ocrx_word' id='word_1_362' title='bbox 110 2767 366 2832; x_wconf 76' lang='lat' dir='ltr'>fulgenteS,</span> <span class='ocrx_word' id='word_1_363' title='bbox 405 2773 510 2820; x_wconf 87' lang='lat' dir='ltr'>sine</span> <span class='ocrx_word' id='word_1_364' title='bbox 549 2773 910 2834; x_wconf 84' lang='lat' dir='ltr'>scintillatione,</span> <span class='ocrx_word' id='word_1_365' title='bbox 952 2785 1048 2820; x_wconf 93' lang='lat' dir='ltr'>uno</span> <span class='ocrx_word' id='word_1_366' title='bbox 1088 2772 1211 2820; x_wconf 89' lang='lat' dir='ltr'>coeli</span> <span class='ocrx_word' id='word_1_367' title='bbox 1249 2771 1375 2819; x_wconf 91' lang='lat' dir='ltr'>loco.</span> <span class='ocrx_word' id='word_1_368' title='bbox 1417 2798 1419 2801; x_wconf 38' lang='lat' dir='ltr'>v</span> 
     </span>
    </p>

    <p class='ocr_par' dir='ltr' id='par_1_14' title="bbox 267 2842 2372 2912">
     <span class='ocr_line' id='line_1_36' title="bbox 267 2842 2372 2912; baseline 0 -20"><span class='ocrx_word' id='word_1_369' title='bbox 267 2845 400 2904; x_wconf 78' lang='lat' dir='ltr'>Quid</span> <span class='ocrx_word' id='word_1_370' title='bbox 444 2852 513 2894; x_wconf 77' lang='lat' dir='ltr'>est</span> <span class='ocrx_word' id='word_1_371' title='bbox 557 2848 847 2906; x_wconf 79' lang='lat' dir='ltr'>conjunctio</span> <span class='ocrx_word' id='word_1_372' title='bbox 899 2845 1170 2894; x_wconf 75' lang='lat' dir='ltr'>maxima?</span> <span class='ocrx_word' id='word_1_373' title='bbox 1219 2842 1427 2912; x_wconf 84' lang='lat' dir='ltr'>Quando</span> <span class='ocrx_word' id='word_1_374' title='bbox 1479 2842 1592 2891; x_wconf 90' lang='lat' dir='ltr'>talis</span> <span class='ocrx_word' id='word_1_375' title='bbox 1643 2843 1922 2906; x_wconf 89' lang='lat' dir='ltr'>conjunctio</span> <span class='ocrx_word' id='word_1_376' title='bbox 1968 2845 2207 2908; x_wconf 90' lang='lat' dir='ltr'>contingit</span> <span class='ocrx_word' id='word_1_377' title='bbox 2245 2846 2372 2894; x_wconf 89' lang='lat' dir='ltr'>circa</span> 
     </span>
    </p>
   </div>
   <div class='ocr_carea' id='block_1_13' title="bbox 7 2909 1941 2981">
    <p class='ocr_par' dir='ltr' id='par_1_15' title="bbox 7 2909 1941 2981">
     <span class='ocr_line' id='line_1_37' title="bbox 7 2909 1941 2981; baseline 0.002 -20"><span class='ocrx_word' id='word_1_378' title='bbox 7 2909 10 2914; x_wconf 80' lang='grc'><strong>’</strong></span> <span class='ocrx_word' id='word_1_379' title='bbox 110 2914 399 2978; x_wconf 83' lang='lat' dir='ltr'>principium</span> <span class='ocrx_word' id='word_1_380' title='bbox 439 2918 644 2979; x_wconf 86' lang='lat' dir='ltr'>zodiaci,</span> <span class='ocrx_word' id='word_1_381' title='bbox 686 2934 783 2981; x_wconf 94' lang='lat' dir='ltr'>quo</span> <span class='ocrx_word' id='word_1_382' title='bbox 824 2926 898 2968; x_wconf 87' lang='lat' dir='ltr'>est</span> <span class='ocrx_word' id='word_1_383' title='bbox 935 2921 983 2966; x_wconf 90' lang='lat' dir='ltr'>in</span> <span class='ocrx_word' id='word_1_384' title='bbox 1024 2921 1203 2966; x_wconf 87' lang='lat' dir='ltr'>nostris</span> <span class='ocrx_word' id='word_1_385' title='bbox 1241 2917 1378 2965; x_wconf 86' lang='lat' dir='ltr'>zonis</span> <span class='ocrx_word' id='word_1_386' title='bbox 1416 2916 1706 2979; x_wconf 89' lang='lat' dir='ltr'>principium</span> <span class='ocrx_word' id='word_1_387' title='bbox 1747 2917 1941 2967; x_wconf 91' lang='lat' dir='ltr'>Arietis.</span> 
     </span>
    </p>
   </div>
   <div class='ocr_carea' id='block_1_14' title="bbox 110 2988 2374 3929">
    <p class='ocr_par' dir='ltr' id='par_1_16' title="bbox 110 2988 2374 3345">
     <span class='ocr_line' id='line_1_38' title="bbox 223 2988 2371 3052; baseline -0 -14"><span class='ocrx_word' id='word_1_388' title='bbox 223 3007 226 3009; x_wconf 90' lang='lat'>·</span> <span class='ocrx_word' id='word_1_389' title='bbox 265 2991 529 3050; x_wconf 76' lang='lat' dir='ltr'>Quantum</span> <span class='ocrx_word' id='word_1_390' title='bbox 568 2992 633 3039; x_wconf 86' lang='lat' dir='ltr'>ab</span> <span class='ocrx_word' id='word_1_391' title='bbox 671 2994 887 3041; x_wconf 80' lang='lat' dir='ltr'>invicem</span> <span class='ocrx_word' id='word_1_392' title='bbox 926 2992 1119 3039; x_wconf 75' lang='lat' dir='ltr'>distant</span> <span class='ocrx_word' id='word_1_393' title='bbox 1156 2992 1305 3039; x_wconf 79' lang='lat' dir='ltr'>binae</span> <span class='ocrx_word' id='word_1_394' title='bbox 1342 2995 1388 3037; x_wconf 82' lang='lat' dir='ltr'>et</span> <span class='ocrx_word' id='word_1_395' title='bbox 1439 2988 1627 3037; x_wconf 78' lang='lat' dir='ltr'>binae?</span> <span class='ocrx_word' id='word_1_396' title='bbox 1692 2989 1984 3052; x_wconf 85' lang='lat' dir='ltr'>ConJ‘unctio</span> <span class='ocrx_word' id='word_1_397' title='bbox 2038 3005 2135 3039; x_wconf 87' lang='lat' dir='ltr'>una</span> <span class='ocrx_word' id='word_1_398' title='bbox 2174 2988 2371 3039; x_wconf 86' lang='lat' dir='ltr'>Saturni</span> 
     </span>
     <span class='ocr_line' id='line_1_39' title="bbox 116 3058 2369 3125; baseline 0.003 -19"><span class='ocrx_word' id='word_1_399' title='bbox 116 3064 163 3106; x_wconf 89' lang='lat' dir='ltr'>et</span> <span class='ocrx_word' id='word_1_400' title='bbox 198 3058 344 3111; x_wconf 83' lang='lat' dir='ltr'>Jovis</span> <span class='ocrx_word' id='word_1_401' title='bbox 383 3064 557 3124; x_wconf 89' lang='lat' dir='ltr'>media,</span> <span class='ocrx_word' id='word_1_402' title='bbox 598 3079 685 3112; x_wconf 85' lang='lat' dir='ltr'>seu</span> <span class='ocrx_word' id='word_1_403' title='bbox 723 3064 961 3114; x_wconf 88' lang='lat' dir='ltr'>linearum</span> <span class='ocrx_word' id='word_1_404' title='bbox 1001 3071 1162 3112; x_wconf 85' lang='lat' dir='ltr'>motus</span> <span class='ocrx_word' id='word_1_405' title='bbox 1200 3064 1438 3125; x_wconf 88' lang='lat' dir='ltr'>cujusque</span> <span class='ocrx_word' id='word_1_406' title='bbox 1465 3061 1650 3121; x_wconf 82' lang='lat' dir='ltr'>medii,</span> <span class='ocrx_word' id='word_1_407' title='bbox 1693 3062 1842 3111; x_wconf 87' lang='lat' dir='ltr'>distat</span> <span class='ocrx_word' id='word_1_408' title='bbox 1880 3063 1943 3111; x_wconf 90' lang='lat' dir='ltr'>ab</span> <span class='ocrx_word' id='word_1_409' title='bbox 1983 3062 2081 3113; x_wconf 87' lang='lat' dir='ltr'>alia</span> <span class='ocrx_word' id='word_1_410' title='bbox 2119 3064 2276 3113; x_wconf 85' lang='lat' dir='ltr'>annis·</span> <span class='ocrx_word' id='word_1_411' title='bbox 2300 3064 2369 3112; x_wconf 83' lang='lat'>20</span> 
     </span>
     <span class='ocr_line' id='line_1_40' title="bbox 113 3130 2372 3199; baseline 0.002 -21"><span class='ocrx_word' id='word_1_412' title='bbox 113 3130 226 3193; x_wconf 78' lang='lat' dir='ltr'>sere,</span> <span class='ocrx_word' id='word_1_413' title='bbox 264 3136 313 3182; x_wconf 89' lang='lat' dir='ltr'>in</span> <span class='ocrx_word' id='word_1_414' title='bbox 351 3137 555 3186; x_wconf 88' lang='lat' dir='ltr'>zodiaco</span> <span class='ocrx_word' id='word_1_415' title='bbox 584 3152 699 3186; x_wconf 90' lang='lat' dir='ltr'>vero</span> <span class='ocrx_word' id='word_1_416' title='bbox 739 3132 912 3186; x_wconf 85' lang='lat' dir='ltr'>triente</span> <span class='ocrx_word' id='word_1_417' title='bbox 939 3136 1105 3186; x_wconf 88' lang='lat' dir='ltr'>circuli</span> <span class='ocrx_word' id='word_1_418' title='bbox 1143 3142 1285 3196; x_wconf 92' lang='lat' dir='ltr'>retro,</span> <span class='ocrx_word' id='word_1_419' title='bbox 1326 3134 1474 3199; x_wconf 89' lang='lat' dir='ltr'>paulo</span> <span class='ocrx_word' id='word_1_420' title='bbox 1501 3136 1674 3182; x_wconf 85' lang='lat' dir='ltr'>minus.</span> <span class='ocrx_word' id='word_1_421' title='bbox 1753 3135 1830 3184; x_wconf 91' lang='lat' dir='ltr'>lta</span> <span class='ocrx_word' id='word_1_422' title='bbox 1868 3130 2010 3184; x_wconf 70' lang='lat' dir='ltr'>fit‘ut</span> <span class='ocrx_word' id='word_1_423' title='bbox 2049 3141 2223 3199; x_wconf 86' lang='lat' dir='ltr'>quarta</span> <span class='ocrx_word' id='word_1_424' title='bbox 2251 3150 2372 3185; x_wconf 90' lang='lat' dir='ltr'>con-</span> 
     </span>
     <span class='ocr_line' id='line_1_41' title="bbox 110 3203 2374 3273; baseline 0.002 -19"><span class='ocrx_word' id='word_1_425' title='bbox 110 3203 297 3267; x_wconf 84' lang='lat' dir='ltr'>junctio</span> <span class='ocrx_word' id='word_1_426' title='bbox 336 3216 449 3271; x_wconf 85' lang='lat' dir='ltr'>post</span> <span class='ocrx_word' id='word_1_427' title='bbox 486 3224 639 3258; x_wconf 83' lang='lat' dir='ltr'>annos</span> <span class='ocrx_word' id='word_1_428' title='bbox 682 3211 749 3258; x_wconf 89' lang='lat'>60</span> <span class='ocrx_word' id='word_1_429' title='bbox 788 3216 982 3273; x_wconf 86' lang='lat' dir='ltr'>superet</span> <span class='ocrx_word' id='word_1_430' title='bbox 1018 3208 1180 3257; x_wconf 88' lang='lat' dir='ltr'>locum</span> <span class='ocrx_word' id='word_1_431' title='bbox 1221 3206 1455 3257; x_wconf 88' lang='lat' dir='ltr'>initialem</span> <span class='ocrx_word' id='word_1_432' title='bbox 1495 3221 1583 3269; x_wconf 90' lang='lat' dir='ltr'>per</span> <span class='ocrx_word' id='word_1_433' title='bbox 1617 3206 1797 3269; x_wconf 87' lang='lat' dir='ltr'>gradus</span> <span class='ocrx_word' id='word_1_434' title='bbox 1839 3210 1866 3257; x_wconf 88' lang='lat'><strong>9</strong></span> <span class='ocrx_word' id='word_1_435' title='bbox 1895 3210 2095 3259; x_wconf 87' lang='lat' dir='ltr'>circiter.</span> <span class='ocrx_word' id='word_1_436' title='bbox 2153 3208 2374 3258; x_wconf 88' lang='lat' dir='ltr'>Maxima</span> 
     </span>
     <span class='ocr_line' id='line_1_42' title="bbox 118 3277 1751 3345; baseline 0.001 -21"><span class='ocrx_word' id='word_1_437' title='bbox 118 3277 261 3340; x_wconf 84' lang='lat' dir='ltr'>igitur</span> <span class='ocrx_word' id='word_1_438' title='bbox 297 3280 349 3328; x_wconf 85' lang='lat' dir='ltr'>fit</span> <span class='ocrx_word' id='word_1_439' title='bbox 386 3289 498 3345; x_wconf 84' lang='lat' dir='ltr'>post</span> <span class='ocrx_word' id='word_1_440' title='bbox 535 3297 690 3331; x_wconf 86' lang='lat' dir='ltr'>annos</span> <span class='ocrx_word' id='word_1_441' title='bbox 728 3284 878 3344; x_wconf 89' lang='lat' dir='ltr'>paulo</span> <span class='ocrx_word' id='word_1_442' title='bbox 918 3285 1075 3329; x_wconf 87' lang='lat' dir='ltr'>minus</span> <span class='ocrx_word' id='word_1_443' title='bbox 1117 3283 1235 3341; x_wconf 81' lang='lat'>800,</span> <span class='ocrx_word' id='word_1_444' title='bbox 1278 3281 1325 3328; x_wconf 91' lang='lat' dir='ltr'>id</span> <span class='ocrx_word' id='word_1_445' title='bbox 1369 3285 1442 3327; x_wconf 84' lang='lat' dir='ltr'>est</span> <span class='ocrx_word' id='word_1_446' title='bbox 1479 3285 1591 3341; x_wconf 84' lang='lat' dir='ltr'>post</span> <span class='ocrx_word' id='word_1_447' title='bbox 1633 3281 1751 3327; x_wconf 86' lang='lat'>794.</span> 
     </span>
    </p>

    <p class='ocr_par' dir='ltr' id='par_1_17' title="bbox 119 3354 2374 3929">
     <span class='ocr_line' id='line_1_43' title="bbox 271 3354 2374 3418; baseline 0 -16"><span class='ocrx_word' id='word_1_448' title='bbox 271 3355 527 3415; x_wconf 75' lang='lat' dir='ltr'>Quomodo</span> <span class='ocrx_word' id='word_1_449' title='bbox 565 3356 812 3404; x_wconf 78' lang='lat' dir='ltr'>dividitur</span> <span class='ocrx_word' id='word_1_450' title='bbox 849 3370 960 3403; x_wconf 84' lang='lat' dir='ltr'>una</span> <span class='ocrx_word' id='word_1_451' title='bbox 995 3354 1233 3416; x_wconf 76' lang='lat' dir='ltr'>periodus</span> <span class='ocrx_word' id='word_1_452' title='bbox 1271 3356 1672 3414; x_wconf 75' lang='lat' dir='ltr'>octinyentorum</span> <span class='ocrx_word' id='word_1_453' title='bbox 1712 3354 2012 3403; x_wconf 72' lang='lat' dir='ltr'>annorum?</span> <span class='ocrx_word' id='word_1_454' title='bbox 2069 3355 2123 3402; x_wconf 85' lang='lat' dir='ltr'>ln</span> <span class='ocrx_word' id='word_1_455' title='bbox 2165 3362 2374 3418; x_wconf 91' lang='lat' dir='ltr'>quatuor</span> 
     </span>
     <span class='ocr_line' id='line_1_44' title="bbox 121 3424 2373 3490; baseline 0.002 -19"><span class='ocrx_word' id='word_1_456' title='bbox 121 3424 421 3487; x_wconf 82' lang='lat' dir='ltr'>triplicitates</span> <span class='ocrx_word' id='word_1_457' title='bbox 469 3443 556 3477; x_wconf 82' lang='lat' dir='ltr'>seu</span> <span class='ocrx_word' id='word_1_458' title='bbox 606 3430 847 3490; x_wconf 86' lang='lat' dir='ltr'>trigonos:</span> <span class='ocrx_word' id='word_1_459' title='bbox 908 3430 1127 3489; x_wconf 85' lang='lat' dir='ltr'>igneum,</span> <span class='ocrx_word' id='word_1_460' title='bbox 1170 3432 1400 3484; x_wconf 85' lang='lat' dir='ltr'>terreum,</span> <span class='ocrx_word' id='word_1_461' title='bbox 1455 3427 1663 3486; x_wconf 65' lang='lat' dir='ltr'>acrium,</span> <span class='ocrx_word' id='word_1_462' title='bbox 1715 3441 1954 3489; x_wconf 89' lang='lat' dir='ltr'>aqueum,</span> <span class='ocrx_word' id='word_1_463' title='bbox 2007 3429 2228 3490; x_wconf 85' lang='lat' dir='ltr'>singulos</span> <span class='ocrx_word' id='word_1_464' title='bbox 2269 3430 2373 3476; x_wconf 85' lang='lat'>200</span> 
     </span>
     <span class='ocr_line' id='line_1_45' title="bbox 119 3497 2372 3565; baseline 0.001 -21"><span class='ocrx_word' id='word_1_465' title='bbox 119 3510 366 3547; x_wconf 79' lang='lat' dir='ltr'>annorum.</span> <span class='ocrx_word' id='word_1_466' title='bbox 442 3501 567 3549; x_wconf 88' lang='lat' dir='ltr'>Nam</span> <span class='ocrx_word' id='word_1_467' title='bbox 616 3503 800 3565; x_wconf 86' lang='lat' dir='ltr'>primae</span> <span class='ocrx_word' id='word_1_468' title='bbox 858 3501 920 3548; x_wconf 88' lang='grc'>10</span> <span class='ocrx_word' id='word_1_469' title='bbox 976 3499 1341 3560; x_wconf 86' lang='lat' dir='ltr'>conjunctiones</span> <span class='ocrx_word' id='word_1_470' title='bbox 1394 3497 1515 3545; x_wconf 88' lang='lat' dir='ltr'>fiunt</span> <span class='ocrx_word' id='word_1_471' title='bbox 1566 3498 1612 3543; x_wconf 86' lang='lat' dir='ltr'>in</span> <span class='ocrx_word' id='word_1_472' title='bbox 1662 3500 1811 3560; x_wconf 83' lang='lat' dir='ltr'>signis</span> <span class='ocrx_word' id='word_1_473' title='bbox 1850 3502 2022 3562; x_wconf 85' lang='lat' dir='ltr'>igneae</span> <span class='ocrx_word' id='word_1_474' title='bbox 2062 3501 2372 3565; x_wconf 84' lang='lat' dir='ltr'>triplicitatis,</span> 
     </span>
     <span class='ocr_line' id='line_1_46' title="bbox 123 3568 2374 3657; baseline 0.002 -42"><span class='ocrx_word' id='word_1_475' title='bbox 123 3568 301 3632; x_wconf 77' lang='lat' dir='ltr'>Ariete,</span> <span class='ocrx_word' id='word_1_476' title='bbox 340 3573 624 3657; x_wconf 82' lang='lat' dir='ltr'>Sagittario,</span> <span class='ocrx_word' id='word_1_477' title='bbox 663 3574 844 3630; x_wconf 87' lang='lat' dir='ltr'>Leone,</span> <span class='ocrx_word' id='word_1_478' title='bbox 885 3579 945 3620; x_wconf 66' lang='lat' dir='ltr'>ut⁴</span> <span class='ocrx_word' id='word_1_479' title='bbox 976 3586 1104 3619; x_wconf 89' lang='lat' dir='ltr'>anno</span> <span class='ocrx_word' id='word_1_480' title='bbox 1151 3571 1682 3630; x_wconf 81' lang='lat'>1584,1604,1623</span> <span class='ocrx_word' id='word_1_481' title='bbox 1713 3578 1803 3623; x_wconf 89' lang='lat' dir='ltr'>etc.</span> <span class='ocrx_word' id='word_1_482' title='bbox 1845 3573 2118 3636; x_wconf 86' lang='lat' dir='ltr'>Sequentes</span> <span class='ocrx_word' id='word_1_483' title='bbox 2163 3576 2225 3622; x_wconf 91' lang='lat'>10</span> <span class='ocrx_word' id='word_1_484' title='bbox 2255 3588 2374 3622; x_wconf 88' lang='lat' dir='ltr'>con-</span> 
     </span>
     <span class='ocr_line' id='line_1_47' title="bbox 122 3641 2374 3709; baseline 0.003 -22"><span class='ocrx_word' id='word_1_485' title='bbox 122 3641 311 3704; x_wconf 82' lang='lat' dir='ltr'>tingunt</span> <span class='ocrx_word' id='word_1_486' title='bbox 348 3646 395 3692; x_wconf 88' lang='lat' dir='ltr'>iu</span> <span class='ocrx_word' id='word_1_487' title='bbox 425 3649 590 3695; x_wconf 85' lang='lat' dir='ltr'>terreis</span> <span class='ocrx_word' id='word_1_488' title='bbox 617 3649 784 3709; x_wconf 75' lang='lat' dir='ltr'>signis,</span> <span class='ocrx_word' id='word_1_489' title='bbox 826 3646 1003 3700; x_wconf 78' lang='lat' dir='ltr'>laum,</span> <span class='ocrx_word' id='word_1_490' title='bbox 1045 3645 1355 3705; x_wconf 70' lang='lat' dir='ltr'>Cupricorno,</span> <span class='ocrx_word' id='word_1_491' title='bbox 1396 3641 1612 3705; x_wconf 76' lang='lat' dir='ltr'>Virgine.</span> <span class='ocrx_word' id='word_1_492' title='bbox 1652 3643 1844 3694; x_wconf 83' lang='lat' dir='ltr'>Tertius</span> <span class='ocrx_word' id='word_1_493' title='bbox 1885 3645 2109 3696; x_wconf 85' lang='lat' dir='ltr'>denarius</span> <span class='ocrx_word' id='word_1_494' title='bbox 2137 3647 2374 3708; x_wconf 89' lang='lat' dir='ltr'>conjunc-</span> 
     </span>
     <span class='ocr_line' id='line_1_48' title="bbox 125 3714 2372 3782; baseline 0.003 -22"><span class='ocrx_word' id='word_1_495' title='bbox 125 3714 306 3763; x_wconf 77' lang='lat' dir='ltr'>tionum</span> <span class='ocrx_word' id='word_1_496' title='bbox 346 3720 627 3768; x_wconf 70' lang='lat' dir='ltr'>transfertur</span> <span class='ocrx_word' id='word_1_497' title='bbox 652 3724 699 3767; x_wconf 91' lang='lat' dir='ltr'>in</span> <span class='ocrx_word' id='word_1_498' title='bbox 739 3721 880 3780; x_wconf 80' lang='lat' dir='ltr'>signa</span> <span class='ocrx_word' id='word_1_499' title='bbox 908 3718 1135 3779; x_wconf 80' lang='lat' dir='ltr'>contigua</span> <span class='ocrx_word' id='word_1_500' title='bbox 1173 3717 1347 3777; x_wconf 83' lang='lat' dir='ltr'>trigoni</span> <span class='ocrx_word' id='word_1_501' title='bbox 1375 3717 1507 3774; x_wconf 84' lang='lat' dir='ltr'>ae&#39;rii,</span> <span class='ocrx_word' id='word_1_502' title='bbox 1550 3715 1796 3779; x_wconf 80' lang='lat' dir='ltr'>Geminos,</span> <span class='ocrx_word' id='word_1_503' title='bbox 1834 3719 2118 3782; x_wconf 87' lang='lat' dir='ltr'>Aquarium,</span> <span class='ocrx_word' id='word_1_504' title='bbox 2161 3719 2372 3766; x_wconf 89' lang='lat' dir='ltr'>Libram.</span> 
     </span>
     <span class='ocr_line' id='line_1_49' title="bbox 129 3777 2374 3855; baseline 0.003 -23"><span class='ocrx_word' id='word_1_505' title='bbox 129 3777 334 3838; x_wconf 84' lang='lat' dir='ltr'>Ultimae</span> <span class='ocrx_word' id='word_1_506' title='bbox 373 3789 536 3839; x_wconf 88' lang='lat' dir='ltr'>decem</span> <span class='ocrx_word' id='word_1_507' title='bbox 578 3793 943 3853; x_wconf 80' lang='lat' dir='ltr'>conjunctiones</span> <span class='ocrx_word' id='word_1_508' title='bbox 985 3791 1324 3851; x_wconf 79' lang='lat' dir='ltr'>disperguntur</span> <span class='ocrx_word' id='word_1_509' title='bbox 1362 3802 1446 3850; x_wconf 87' lang='lat' dir='ltr'>per</span> <span class='ocrx_word' id='word_1_510' title='bbox 1483 3789 1623 3851; x_wconf 86' lang='lat' dir='ltr'>signa</span> <span class='ocrx_word' id='word_1_511' title='bbox 1652 3791 1945 3854; x_wconf 87' lang='lat' dir='ltr'>triplicitatis</span> <span class='ocrx_word' id='word_1_512' title='bbox 1975 3807 2187 3855; x_wconf 87' lang='lat' dir='ltr'>aqueae,</span> <span class='ocrx_word' id='word_1_513' title='bbox 2242 3791 2374 3839; x_wconf 87' lang='lat' dir='ltr'>Can-</span> 
     </span>
     <span class='ocr_line' id='line_1_50' title="bbox 127 3861 2374 3929; baseline 0.001 -18"><span class='ocrx_word' id='word_1_514' title='bbox 127 3869 271 3921; x_wconf 74' lang='lat' dir='ltr'>crum,</span> <span class='ocrx_word' id='word_1_515' title='bbox 309 3861 489 3925; x_wconf 68' lang='lat' dir='ltr'>Piscen,</span> <span class='ocrx_word' id='word_1_516' title='bbox 528 3864 859 3928; x_wconf 85' lang='lat' dir='ltr'>Scorpionem.</span> <span class='ocrx_word' id='word_1_517' title='bbox 936 3864 1017 3912; x_wconf 83' lang='lat' dir='ltr'>Sic</span> <span class='ocrx_word' id='word_1_518' title='bbox 1055 3876 1171 3925; x_wconf 88' lang='lat' dir='ltr'>ager</span> <span class='ocrx_word' id='word_1_519' title='bbox 1208 3863 1300 3910; x_wconf 86' lang='lat' dir='ltr'>iste</span> <span class='ocrx_word' id='word_1_520' title='bbox 1337 3861 1526 3910; x_wconf 84' lang='lat' dir='ltr'>zodiaci</span> <span class='ocrx_word' id='word_1_521' title='bbox 1564 3862 1626 3912; x_wconf 86' lang='lat' dir='ltr'>ab</span> <span class='ocrx_word' id='word_1_522' title='bbox 1668 3863 1759 3915; x_wconf 86' lang='lat' dir='ltr'>hoc</span> <span class='ocrx_word' id='word_1_523' title='bbox 1800 3866 1952 3914; x_wconf 88' lang='lat' dir='ltr'>veluti</span> <span class='ocrx_word' id='word_1_524' title='bbox 1986 3866 2108 3929; x_wconf 87' lang='lat' dir='ltr'>jugo</span> <span class='ocrx_word' id='word_1_525' title='bbox 2148 3866 2374 3928; x_wconf 83' lang='lat' dir='ltr'>superio-</span> 
     </span>
    </p>
   </div>
  </div>
 </body>
</html>
