2554 4140
805 138 944 184 Liber
975 137 1159 183 Sextus,
1230 138 1343 183 Pars
1375 137 1599 184 Secunda.
1726 113 1729 117 ι
2229 145 2331 194 451

69 293 165 337 tem
203 287 542 350 complementi
582 287 911 337 inclinationis
949 295 998 338 et
1034 289 1240 352 abjectis
1300 289 1417 336 item
1460 288 1488 334 5
1529 286 1711 336 ultimis
1751 288 1913 350 prodit
1951 294 2156 352 tangens
2197 303 2332 337 com-

69 360 300 423 plementi
348 359 636 409 latitudinis.
663 357 735 422 ⁷⁶)
811 361 907 410 Vel
962 361 1446 425 compendiosissima
1497 361 1711 421 ratione,
1772 376 1801 409 a
1853 361 2144 422 logarithmo
2198 377 2332 410 com-

67 435 350 481 mutationis
400 433 645 482 auferatur
700 434 1019 496 logarithmus
1079 434 1429 497 elongationis,
1491 432 1736 480 residuum
1793 432 2003 483 addatur
2051 434 2333 497 mesologa-

67 507 243 554 rithmo
300 505 641 569 complementi
698 506 1050 556 inclinationis:
1105 522 1294 556 summa
1347 513 1422 555 est
1479 505 1936 568 mesologarithmus
1992 508 2332 571 complementi

71 577 356 632 latitudinis.
2117 600 2119 608 ν

220 653 458 714 Quantae
490 658 705 713 possunt
740 653 851 715 fieri
891 653 1222 702 latitudines?
1257 651 1309 701 Si
1346 666 1512 700 omnes
1553 652 1674 698 situs
1713 650 1918 699 limitum
1958 652 2194 715 planetae·
2225 669 2333 703 cum

70 724 294 772 omnibus
345 723 648 787 apheliorum
688 730 788 773 tam
826 727 979 789 ipsius
1017 727 1267 789 planetae,
1324 729 1469 787 quain
1508 724 1718 773 Telluris
1765 730 2123 788 permutentur,
2179 726 2334 777 multa

6 797 10 799 ’
67 797 411 846 secula-erunt
450 798 806 859 exspectanda,
858 813 950 847 nec
999 805 1162 847 tamen
1201 798 1396 847 Saturni
1446 799 1660 846 maxima
1700 794 1757 844 2⁰
1794 812 1901 845 cum
1943 798 2154 848 decunoe
2196 814 2333 849 asse-

70 876 266 932 quetur,
315 884 474 932 neque
511 870 657 919 Jovis
706 868 761 919 1⁰
800 886 909 919 cum
949 871 1183 932 decunce,
1223 877 1275 920 at
1313 871 1486 919 Martis
1524 872 1736 918 maxima
1769 871 1946 932 poterit
1991 870 2044 918 70
2085 873 2332 934 excedeie,

69 949 256 1006 quanta
303 943 401 991 fere
450 943 505 991 fit
554 944 703 994 hodie
755 947 970 992 maxima
1020 944 1262 993 australis.
1337 943 1414 993 De
1462 944 1701 1008 parallaxi
1751 943 2055 1005 planetarum
2110 952 2331 1007 nemum

68 1021 228 1064 motus
268 1015 425 1064 diurni
464 1022 638 1080 agetur
676 1017 801 1066 infra
820 1019 886 1093 in
926 1017 1146 1067 doctrina
1184 1016 1452 1081 eclipsium.

1048 1123 1111 1150 'lv

1815 3951 1942 4001 29⁹*
