2554 4140
823 123 960 168 Liber
990 123 1198 180 Quartus.
1258 124 1372 168 Pars
1403 121 1564 166 Prima.
2184 118 2306 167 ‘331

65 270 273 320 invicem
319 271 542 331 obvient,
594 270 709 319 hinc
746 274 888 335 copia
923 275 1155 323 materiae
1192 275 1372 340 major,
1423 268 1537 318 inde
1575 268 1790 318 densitas
1836 270 1885 314 in
1922 265 2096 316 eodem
2124 279 2312 327 magno

66 357 265 406 corpore
301 345 486 402 minor,
526 357 654 405 quae
693 351 765 392 est
805 347 1018 393 omnium
1058 348 1241 409 optima
1277 335 1523 392 mediatio.
1599 337 1764 404 Duplo
1803 340 1906 389 scil.
1949 341 2038 388 erit
2073 338 2311 387 Saturnus

65 415 210 464 altior
243 414 397 475 Jove,
445 415 692 479 sesquiplo
731 417 1071 482 ponderosior,
1111 415 1358 502 sesquiplo
1397 422 1446 463 et
1481 415 1660 473 rarior,
1701 428 1788 461 seu
1826 413 2022 476 Jupiter
2059 409 2309 473 sesquiplo

65 484 280 548 densior3
319 493 368 535 et
405 490 766 551 comparatione
804 493 1171 554 proportionum
1210 491 1367 549 unius,
1407 489 1496 536 erit
1522 485 1759 535 Saturnus
1798 485 1946 548 duplo
1986 484 2131 534 altior
2169 498 2314 547 quam

63 560 392 624 ponderosior,
433 561 581 623 duplo
621 567 669 610 et
707 564 914 625 amplior
951 579 1097 626 quam
1137 565 1300 613 rarior.

204 630 340 680 Idem
380 635 526 681 etiam
560 635 775 683 semissis
810 638 1135 699 proportionis
1176 632 1539 684 intervallorum
1577 629 1820 679 stabilitur
1858 631 2182 678 concinnitate
2220 629 2313 677 hac

62 705 383 768 geometrica:
423 712 476 754 ut
501 707 627 756 sicut
662 711 887 772 superius
913 711 1036 762 inter
1074 708 1276 757 duorum
1301 706 1609 771 planetarum
1645 702 1907 751 intervalla
1944 717 1974 750 a
2001 701 2114 750 Sole
2149 699 2308 765 (verbi

64 792 212 827 causa
261 779 358 825 siut
401 780 587 838 1:64,
642 780 704 828 ob
755 780 1038 831 facilitatem
1095 776 1422 843 numerorum)
1472 774 1732 826 statuenda
1781 775 1975 823 fuerunt
2021 773 2116 821 duo
2155 773 2317 823 media

67 850 449 914 proportionalia
487 853 537 911 4,
581 854 674 914 16,
727 855 907 916 quippe
946 855 1007 903 ad
1046 854 1323 903 formandas
1363 852 1484 899 duas
1522 848 1740 898 residuas
1779 847 2103 896 dimensiones
2143 861 2318 908 corpo-

61 937 181 981 rum,
213 928 275 977 ,ut
310 925 380 972 ita
418 938 620 987 corpora
659 926 855 988 quidem
893 929 1000 989 ipsa
1039 928 1296 990 globorum
1334 923 1587 973 mobilium
1626 926 1789 971 essent
1825 921 1948 968 inter
1985 931 2038 968 se
2079 920 2318 968 etiamfut

69 999 88 1043 l
132 994 196 1044 ad
235 996 318 1055 64,
357 998 635 1060 superficies
674 1013 789 1047 vero
827 999 1081 1062 globorum
1120 1006 1176 1048 ut
1217 1002 1243 1046 1
1285 997 1347 1046 ad
1391 998 1470 1057 16,
1512 994 1592 1044 vel
1630 996 1662 1041 4
1702 992 1764 1042 ad
1806 995 1888 1052 64,
1929 990 2153 1041 diametri
2176 991 2316 1040 deni-

63 1082 156 1130 que
192 1069 453 1118 eorundem
491 1076 545 1118 ut
588 1074 609 1119 1
654 1071 718 1119 ad
757 1073 790 1118 4
829 1071 909 1121 vel
949 1074 981 1119 4
1020 1073 1080 1121 ad
1127 1069 1310 1120 16*vel
1355 1071 1418 1118 16
1457 1068 1521 1118 ad
1564 1069 1659 1116 64:
1700 1068 1770 1114 sic
1807 1079 1936 1114 nunc
1964 1067 2099 1113 inter
2138 1078 2317 1113 eorun-

61 1140 170 1190 dem
208 1139 413 1191 duorum
452 1142 756 1205 planetarum
780 1145 1039 1193 intervalla
1077 1160 1106 1193 a
1130 1144 1244 1193 Sole
1288 1146 1310 1190 1
1342 1159 1353 1190 ε
1387 1143 1452 1190 64
1492 1145 1735 1190 statuatur
1773 1153 1923 1187 unum
1961 1137 2175 1186 medium
2200 1151 2318 1200 pro-

58 1213 330 1277 portionale
371 1216 418 1275 8,
458 1218 638 1280 quippe
676 1217 739 1265 ad
776 1217 976 1280 physice
1015 1217 1320 1267 formandam
1366 1217 1496 1262 intus
1546 1226 1800 1276 corporum
1853 1213 2136 1271 materiam,
2193 1224 2318 1273 quae

60 1292 136 1336 est
172 1301 247 1335 res
286 1289 455 1348 unica3
503 1295 558 1336 ut
605 1291 675 1338 ita
711 1305 898 1338 rursum
938 1293 1047 1354 ipsa
1086 1290 1280 1353 quidem
1318 1287 1576 1351 globorum
1630 1287 1790 1348 spatia
1826 1286 1923 1333 sint
1959 1289 2014 1332 ut
2059 1286 2082 1331 1
2126 1282 2189 1332 ad
2233 1284 2314 1342 64,

60 1360 201 1422 copia
240 1374 355 1409 vero
393 1363 623 1411 materiae
663 1369 710 1411 et
743 1363 886 1422 simul
924 1365 1096 1412 raritas
1123 1365 1171 1411 in
1197 1363 1372 1410 minori
1396 1359 1460 1409 ad
1496 1359 1630 1407 illam
1669 1361 1716 1406 in
1745 1357 1917 1420 majori
1956 1358 2018 1406 sit
2057 1361 2110 1404 ut
2140 1359 2164 1403 1
2198 1355 2260 1404 ad
2289 1357 2318 1403 8

66 1432 143 1481 vel
186 1433 216 1480 8
256 1432 320 1481 ad
361 1435 455 1482 64:
503 1449 592 1484 seu
644 1438 885 1484 contraria
933 1436 1155 1487 densitas.
1184 1442 1238 1484 ut
1278 1436 1307 1483 8
1349 1433 1412 1482 ad
1457 1437 1477 1480 l
1522 1432 1602 1480 vel
1644 1433 1710 1479 64
1739 1431 1802 1479 ad
1844 1432 1889 1479 8.
1964 1430 2020 1478 In
2062 1429 2153 1477 hac
2194 1430 2320 1477 enim

60 1506 244 1571 ratione
283 1505 404 1554 nihil
444 1509 704 1570 quicquam
745 1511 958 1570 interest,
1001 1510 1160 1572 qualis
1197 1507 1371 1557 modus
1410 1507 1486 1566 sit,
1528 1519 1625 1568 quo
1659 1503 1981 1553 condensetur
2019 1502 2099 1551 vel
2127 1502 2320 1550 rarefiat

61 1578 226 1641 aliqua
263 1578 586 1641 corpulentia,
637 1596 753 1630 num
793 1584 840 1629 in
879 1583 1080 1645 longum
1117 1588 1330 1642 tantum,
1381 1595 1442 1629 an
1483 1581 1630 1627 etiam
1678 1578 1727 1624 in
1766 1577 1945 1636 latum,
1995 1590 2057 1624 an
2112 1574 2321 1637 denique

62 1652 109 1699 in
146 1665 314 1700 omnes
352 1658 449 1702 tres
489 1651 828 1704 dimensiones.
903 1655 1161 1718 Propertio
1203 1656 1328 1704 enim
1367 1651 1641 1700 introducta
1679 1650 1963 1713 praescribit
1998 1648 2214 1710 aliquam
2253 1650 2323 1696 rei

60 1723 431 1774 condensandae
470 1727 677 1788 copiam,
718 1730 794 1776 cui
821 1728 1049 1777 accidunt
1085 1728 1154 1776 illi
1195 1728 1372 1776 diversi
1412 1724 1805 1774 condensationis
1832 1722 1979 1778 modi,
2022 1722 2164 1784 copia
2191 1735 2323 1768 sem-

61 1811 147 1860 per
182 1797 354 1846 eadem
392 1805 630 1848 manente.
709 1801 783 1849 Ex
821 1801 897 1849 his
936 1802 1082 1864 igitur
1118 1802 1368 1864 principiis
1403 1800 1444 1847 si
1473 1802 1807 1859 computemus
1848 1795 2114 1844 densitates
2150 1793 2323 1855 plane-

65 1871 294 1919 tariorum
332 1885 613 1935 corporum,
667 1876 890 1935 quaesito
930 1889 1120 1937 semper
1155 1873 1317 1922 medio
1356 1869 1706 1935 proportionali
1746 1871 1870 1917 inter
1908 1869 2131 1916 binorum
2169 1868 2324 1914 inter-

64 1942 194 1992 valla
229 1959 262 1992 a
296 1942 442 2005 Sole,
495 1959 582 1994 seu
620 1949 892 1996 accuratius
931 1949 1053 1996 inter
1091 1948 1312 1996 binarum
1350 1943 1665 2008 sphaerarum
1704 1956 1790 1990 seu
1831 1942 2094 1990 orbitarum
2136 1939 2323 1987 diame-

64 2022 187 2075 tros,
233 2020 445 2066 numeris
493 2019 716 2068 omnibus
766 2019 974 2083 denique
1023 2020 1084 2069 ad
1125 2033 1428 2069 communem
1467 2016 1680 2079 aliquem
1718 2013 1979 2064 rotundum
2027 2013 2320 2075 comparatis

65 2095 115 2137 et
150 2088 389 2138 reductis:
429 2091 670 2154 prodeunt
707 2096 894 2143 numeri
932 2095 1027 2154 isti,
1068 2094 1151 2156 qui
1178 2098 1445 2155 sequuntur
1484 2092 1532 2137 in
1559 2088 1755 2148 tabella,
1797 2102 1906 2135 cum
1945 2088 2122 2150 quibus
2163 2087 2324 2133 inveni

65 2165 419 2212 eonsentientes
455 2166 768 2227 proportione
808 2169 1036 2216 materias
1073 2171 1320 2215 terrestres
1353 2165 1497 2234 juxta
1537 2163 1746 2224 positaS,
1789 2175 1934 2222 quam
1976 2161 2219 2223 proxime:
2273 2165 2327 2205 ut
2414 2180 2425 2222 2.

65 2233 231 2284 videre
266 2242 342 2284 est
379 2238 428 2285 in
465 2251 575 2285 meo
611 2237 733 2287 libro
771 2241 1005 2289 teutonici
1043 2239 1313 2300 idiomatis,
1353 2238 1521 2300 quem
1535 2249 1663 2284 anno
1711 2235 1843 2282 1616
1884 2234 2055 2296 scripsi
2095 2231 2154 2281 de
2193 2245 2321 2294 pon-

65 2305 262 2356 deribus
300 2314 350 2358 et
385 2312 634 2359 mensuris.
711 2317 808 2364 (cfr.
841 2318 938 2361 Vol
969 2319 1023 2361 V.
1063 2332 1104 2371 p
1137 2316 1260 2372 609.)

671 2394 893 2439 Saturnus
1012 2394 1095 2439 324
1158 2393 1370 2438 Gemmas
1402 2390 1670 2436 durissimae

668 2457 848 2513 Jupiter
1008 2459 1094 2504 438
1153 2457 1380 2513 Magnetis
1411 2456 1553 2512 Lapis

669 2523 794 2568 Mars
1008 2525 1093 2570 810
1151 2524 1342 2568 Ferrum

671 2586 829 2631 Tellus
981 2590 1091 2635 1000
1149 2590 1398 2644 Argentum

670 2652 824 2696 Venus
983 2654 1093 2700 1175
1154 2653 1393 2698 Plumbum

669 2719 919 2765 Mercurius
982 2721 1093 2767 1605
1153 2719 1489 2778 Hydrargyrum

216 2806 499 2928 UtSaprum,
542 2808 680 2871 cujus
719 2809 935 2860 densitas
976 2812 1022 2859 in
1061 2811 1155 2861 hac
1191 2813 1504 2875 proportione
1543 2817 1618 2861 est
1661 2812 1798 2859 1800
1839 2810 1916 2859 vel
1966 2811 2127 2869 1900,
2167 2823 2324 2859 reser-

69 2895 240 2930 vemus
316 2895 397 2929 οι.

216 2954 385 3016 Quam
424 2952 638 3015 denique
686 2958 867 3005 statuis
913 2971 1011 3005 esse
1054 2958 1434 3019 proportionem
1485 2955 1855 3019 maynitudinis
1901 2957 2033 3002 inter
2070 2960 2166 3002 tres
2205 2957 2324 3003 istas

69 3029 368 3090 praecipuas
405 3026 587 3074 mundi
624 3030 862 3089 remoneo,
901 3031 1033 3079 inter
1058 3033 1297 3092 spatium,
1337 3032 1394 3078 in
1419 3044 1519 3091 quo
1546 3028 1647 3087 Sol,
1687 3030 1911 3089 spatium
1949 3027 2036 3074 seu
2066 3030 2324 3090 reqionem

6 3116 9 3153 2.
71 3099 343 3160 mobilium,
382 3105 428 3147 et
462 3101 687 3161 spatium
725 3103 875 3150 totius
910 3103 1092 3151 mundi
1116 3118 1203 3151 seu
1239 3105 1492 3163 mytonem
1517 3116 1550 3148 a
1573 3103 1798 3163 simarum
1835 3101 2051 3162 sphaera
2076 3103 2324 3149 termina-

8 3211 10 3239 ζ
72 3172 219 3219 mm?
255 3171 358 3220 Etsi
397 3170 458 3219 ad
491 3171 796 3222 altitudinem
835 3174 1038 3223 fixarum
1065 3173 1479 3225 determinandam
1519 3188 1577 3222 ne
1604 3174 1857 3235 Copernici
1886 3172 2083 3235 quidem
2109 3175 2324 3222 rationes

75 3242 374 3293 observando
412 3247 714 3308 pertingunt,
771 3248 837 3294 ita
876 3255 930 3295 ut
966 3247 1054 3296 illa
1094 3247 1317 3296 videatur
1356 3246 1571 3309 infinitae
1610 3245 1806 3309 ssimi-lis,
1859 3247 2038 3310 quippe
2076 3246 2137 3295 ad
2176 3261 2323 3309 quam

76 3322 226 3366 totum
251 3316 558 3366 intervallum
600 3320 720 3367 inter
746 3317 911 3367 Solem
952 3327 1000 3367 et
1025 3317 1283 3378 Tellurem,
1325 3317 1456 3381 quod
1489 3317 1676 3380 judicio
1704 3324 1920 3369 veterum
1954 3320 2104 3380 1200,
2145 3321 2323 3368 nostris

11 3426 14 3432 .
79 3402 189 3439 vero
226 3390 492 3439 rationibus
533 3392 671 3439 3469
712 3391 1096 3440 semidiametros
1134 3392 1266 3454 globi
1294 3391 1503 3440 Telluris
1530 3390 1876 3455 complectitur,
1918 3396 1990 3441 est
2017 3391 2321 3441 insensibile:

76 3462 197 3509 ratio
246 3468 406 3512 tamen
457 3465 643 3526 coeptis
697 3467 921 3513 insistens
972 3465 1188 3527 vestigiis
1227 3465 1373 3514 ctiam
1426 3463 1487 3512 ad
1526 3462 1652 3513 hanc
1690 3478 1845 3528 usque
1897 3465 2196 3527 pervadendi
2237 3480 2319 3514 se-

13 3551 16 3570 ·
76 3533 239 3584 mitam
277 3536 446 3597 aperit.

223 3607 294 3655 Ac
329 3608 466 3657 initio
503 3608 857 3671 respiciendum
898 3614 971 3657 cst
1011 3609 1150 3657 nobis
1188 3607 1248 3657 ad
1288 3607 1561 3671 exemplum
1599 3609 1809 3659 Telluris
1847 3611 2134 3673 urbiumque
2152 3610 2323 3658 Lunae

80 3683 127 3725 et
152 3676 292 3736 Solis,
331 3680 447 3741 quia
482 3682 630 3730 totius
668 3682 830 3730 mundi
870 3683 1205 3745 proportiones
1243 3695 1301 3730 cx
1326 3681 1504 3731 Terrae
1531 3684 1734 3748 propriis
1771 3685 2165 3747 proportionibus
2193 3682 2322 3730 deri-

16 3760 17 3765 *
84 3754 279 3807 vantur,
328 3758 375 3799 et
418 3755 550 3816 regio
597 3768 655 3802 ex
707 3756 858 3803 tribus
907 3754 1038 3803 hisce
1080 3754 1360 3816 corporibus
1407 3768 1678 3818 eorumque,
1709 3757 1929 3806 cursibus
1969 3756 2210 3816 descripta
2249 3759 2322 3802 est

83 3819 277 3883 quidam
314 3826 452 3886 quasi
489 3840 669 3889 parvus
709 3827 927 3878 mundus.
1003 3827 1124 3876 Nam
1166 3825 1296 3891 quod
1334 3827 1419 3878 Sol
1459 3830 1531 3877 est
1569 3829 1616 3875 in
1663 3830 1858 3892 regione
1895 3830 2097 3879 fixarum
2138 3827 2322 3892 Coper-
