2554 4140
200 173 307 220 374
1045 158 1281 216 Epitomes
1315 157 1631 202 Astronomiae

198 313 283 358 erit
297 312 414 357 sicut
431 310 506 356 GE
525 307 582 354 ad
599 307 694 362 EA,
727 305 793 351 sic
809 306 846 350 B
863 304 1042 363 pondus
1058 305 1201 362 ipsius
1218 304 1301 348 EA
1317 302 1374 346 ad
1390 303 1432 347 D
1448 302 1628 360 pondus
1642 303 1784 360 ipsius
1800 302 1900 359 EC3
1931 304 2081 347 mente
2096 315 2276 347 remove
2292 302 2388 359 EA,
2410 307 2458 346 et

197 378 400 436 potentia
423 372 634 432 ponderis
651 373 688 417 B
705 384 787 428 per
801 371 886 415 EA
910 370 1104 415 formata
1124 369 1184 413 sit
1206 365 1411 426 potentia
1430 366 1572 422 ipsius
1593 367 1695 422 jugi
1710 368 1764 424 E,
1794 368 1908 412 haec
1924 367 2063 424 igitur
2076 368 2280 424 potentia
2298 368 2399 424 jugi
2414 368 2454 412 E

787 460 870 500 Εἰς.
897 457 951 492 67.
1547 432 1721 478 tenebit
1749 433 1927 490 pondus
1957 434 1999 477 D
2030 446 2088 477 ex
2120 433 2154 478 C
2190 445 2456 488 suspensum

1546 498 1594 543 in
1625 499 1891 555 aequilibrio
1922 497 2182 554 horizontis,
2215 498 2386 544 scilicet
2408 504 2459 543 ut

1545 562 1665 608 FEC
1708 564 1767 608 sit
1804 570 1974 608 rectus.
2032 564 2094 608 At
2134 564 2172 607 si
2201 563 2318 607 idem
2347 576 2458 619 pon-

1547 628 1644 683 dus,
1677 641 1705 672 a
1735 629 1768 673 C
1799 630 2043 684 revulsum,
2073 627 2353 684 ingrediatur
2382 641 2458 672 us·

1547 706 1635 748 que
1664 694 1711 738 in
1742 695 1801 748 G,
1832 695 2037 751 potentia
2065 692 2223 737 eadem
2252 693 2396 750 ipsius
2417 692 2459 736 E

1546 837 1633 880 que
1665 824 1779 870 illud
1809 839 1947 883 supra
1974 825 2140 869 lineam
2171 826 2262 870 EC.

1602 888 1617 903 ⁸
1663 899 1731 943 Sit
1755 899 1850 954 J'am
1881 898 1921 942 E
1953 911 2044 942 non
2069 898 2231 956 jugum
2262 899 2341 944 sed
2367 899 2458 956 Sol,

1547 971 1592 1010 et
1622 968 1662 1011 D
1696 965 1753 1009 sit
1783 964 1993 1021 planeta,
2024 963 2116 1017 EC,
2149 962 2234 1006 EG
2257 963 2459 1008 diversae

1546 1030 1788 1076 distantiae
1809 1028 2020 1086 planetae
2042 1043 2069 1073 a
2090 1028 2208 1072 Sole.
2271 1030 2460 1075 Testan—

1544 759 1647 816 plus
1677 762 1845 817 poterit
1873 760 1919 803 in
1948 759 2038 804 hoc
2059 758 2237 816 pondus
2268 755 2462 816 attollet--

1546 1103 1621 1142 tur
1649 1095 1787 1152 igitur
1833 1094 2192 1150 observationes,
2237 1094 2356 1140 sicut
2385 1094 2460 1140 Ec
2495 1112 2497 1115 ·
2547 1149 2554 1156 1

202 1172 271 1211 est
302 1165 360 1210 ad
392 1165 498 1220 EG,
539 1163 602 1206 sic
633 1175 734 1207 esse
766 1162 849 1208 GK
879 1162 1208 1219 promotionem
1238 1163 1448 1220 planetae
1478 1161 1703 1221 propioris
1741 1162 1788 1205 in
1820 1161 1859 1206 G
1891 1159 1949 1206 ad
1980 1159 2042 1204 GI
2072 1159 2143 1203 vel
2174 1159 2252 1204 CH
2282 1171 2460 1216 promo·

200 1231 367 1276 tionem
399 1230 495 1285 ejus
526 1228 777 1272 remotioris
808 1228 854 1272 in
889 1228 934 1272 C.
1003 1280 1006 1283 ¹

349 1318 557 1368 Pondus
594 1333 712 1381 erqo
750 1319 930 1368 tribuis
965 1319 1232 1382 planetae?
1281 1320 1478 1369 Dictum
1518 1325 1592 1369 est
1628 1321 1679 1366 in
1718 1318 2073 1381 superioribus,
2125 1331 2211 1379 pro
2249 1315 2462 1380 pondere

206 1391 606 1444 considerandam
654 1406 760 1440 esse
813 1392 1083 1441 naturalem
1130 1392 1264 1440 illam
1315 1399 1364 1442 et
1410 1392 1713 1447 materialem
1761 1393 2067 1440 renitentium
2118 1404 2204 1438 seu
2241 1390 2463 1439 inertiam

203 1467 266 1516 ad
305 1465 623 1515 deserendum
659 1464 836 1525 locum,
877 1466 1027 1515 semel
1067 1472 1388 1528 occupatum,
1435 1481 1562 1529 quae
1602 1468 1744 1529 eripit
1781 1464 2028 1528 planetam
2069 1463 2203 1512 velut
2241 1477 2267 1512 e
2304 1465 2463 1511 mani-

202 1541 293 1588 bus
331 1538 460 1588 Solis
497 1539 662 1602 rotati,
701 1540 755 1587 ut
792 1538 923 1587 illam
962 1544 1272 1603 prensantem
1311 1541 1412 1587 vim
1449 1554 1545 1588 non
1586 1545 1754 1589 exacte
1793 1543 2039 1600 sequatur.

352 1612 496 1676 Quae
533 1625 688 1660 causa
726 1618 817 1672 est,
867 1626 973 1672 cur·
1000 1611 1089 1661 Sol
1134 1627 1239 1660 non
1291 1628 1450 1675 aeque
1483 1613 1686 1676 fortiter
1731 1617 1933 1674 prenset
1967 1611 2230 1673 planetam
2267 1611 2477 1658 eminus.

203 1692 354 1749 atque
391 1684 709 1734 comminus?
758 1685 1046 1734 Attenuatio
1093 1685 1202 1747 ipsa
1246 1687 1427 1748 speciei
1474 1688 1688 1749 corporis
1724 1683 1937 1744 solaris,
1990 1683 2147 1745 major
2194 1684 2240 1729 in
2282 1682 2463 1731 effluxu
2550 1728 2554 1734 .

202 1759 409 1821 longiori
449 1772 595 1820 quam
631 1759 681 1804 in
720 1757 960 1807 breviori:
1010 1772 1139 1820 quae
1189 1761 1463 1808 attenuatio
1501 1760 1728 1822 quamvis
1766 1760 1830 1806 sit
1877 1759 1925 1804 in
1963 1757 2274 1820 proportione
2312 1757 2465 1804 inter-

202 1831 442 1880 vallorum
482 1829 751 1894 duplicata‚
807 1831 901 1880 hoc
941 1836 1014 1880 est
1052 1837 1151 1879 tam
1190 1833 1239 1879 in
1279 1831 1478 1895 longum
1519 1847 1666 1895 quam
1705 1835 1753 1880 in
1793 1830 1972 1891 latum,
2025 1835 2252 1892 operatur
2302 1834 2464 1877 tamen

192 1902 363 1953 'solum
400 1906 447 1951 in
486 1904 798 1967 proportione
837 1905 1039 1968 simpla,
1093 1903 1185 1953 hoc
1236 1911 1308 1954 est
1345 1905 1611 1955 seeundum
1649 1906 1807 1955 solam
1854 1902 2235 1967 longitudinem3
2286 1915 2463 1952 causae
2547 1948 2551 1957 ‚

199 1993 350 2042 supra
387 1983 500 2026 sunt
539 1977 714 2026 dictae.

669 2090 761 2140 ΙΙΙ.
816 2091 1060 2143 Causae
1111 2095 1623 2158 inaequalitatis
1667 2097 1729 2144 in
1782 2094 1994 2144 altum.

353 2208 490 2273 Quid
536 2222 655 2256 vero
706 2209 968 2270 planetam
1020 2212 1244 2260 ext-rudit
1289 2214 1346 2260 in
1392 2215 1558 2276 spatia
1615 2214 1893 2262 remotiora
1941 2211 2235 2273 reducitque
2293 2223 2462 2258 versus

211 2281 421 2332 Solem?
458 2279 614 2345 Idem,
653 2283 736 2343 qui
774 2287 973 2344 prensat
1012 2283 1278 2346 planetam,
1319 2283 1405 2333 Sol
1445 2300 1621 2349 nempe
1657 2301 1745 2349 per
1782 2286 1994 2347 speciem
2019 2284 2095 2332 sui
2123 2283 2335 2346 corporis
2363 2283 2465 2330 vir-

207 2362 425 2415 tuosam,
480 2355 705 2402 emissam
756 2369 842 2418 pet
892 2359 1055 2405 omnia
1102 2357 1268 2405 mundi
1316 2359 1492 2421 spatia.
1568 2358 1690 2408 Sunt
1735 2359 1863 2407 enim
1902 2358 2116 2406 extrusio
2156 2361 2203 2405 et
2243 2355 2486 2429 attractio*³
2541 2369 2554 2376 ·

206 2428 536 2492 prensationis
575 2426 721 2490 hujus
762 2427 1000 2490 quaedam
1042 2430 1196 2478 veluti
1236 2430 1491 2480 elementa.
1569 2430 1694 2481 Nam
1747 2433 1960 2480 extrusio
2000 2437 2047 2480 et
2086 2429 2309 2478 attractio
2348 2427 2469 2476 fiunt
2520 2477 2527 2492 Ἰ.

205 2503 346 2550 lineis
395 2502 627 2549 virtuosis
681 2515 740 2548 ex
792 2507 954 2550 centro
995 2501 1125 2551 Solis
1171 2505 1489 2565 exeuntibus,
1546 2519 1672 2568 quae
1721 2503 1881 2554 lineae
1921 2517 2030 2553 cum
2068 2516 2166 2551 una
2204 2515 2312 2550 cum
2351 2499 2467 2551 Sole

206 2577 515 2634 circumeant,
558 2572 805 2635 planetam
845 2589 1067 2638 quoque,
1111 2578 1196 2639 qui
1235 2576 1447 2625 truditur
1485 2584 1532 2626 et
1569 2576 1791 2639 trahitur,
1831 2577 1920 2626 has
1956 2577 2111 2626 lineas
2151 2576 2340 2638 insequi
2378 2587 2483 2623 ne·-

207 2661 341 2697 cesse
380 2652 469 2707 est,
507 2661 596 2709 pro
636 2645 828 2695 illarum
867 2647 1164 2697 fortitudinis
1201 2652 1516 2713 proportione
1556 2651 1618 2699 ad
1647 2651 1955 2700 renitentiam
1981 2650 2193 2712 eorporis
2222 2647 2473 2711 planetae.
2515 2654 2522 2691 2

205 2721 282 2769 lta
331 2720 623 2777 extrusionis
676 2725 724 2768 et
763 2722 1068 2770 attractionis
1120 2724 1347 2771 contrarii
1398 2730 1560 2773 motus
1609 2730 1907 2787 componunt
1946 2720 2303 2787 quodammodo
2342 2720 2467 2770 hane
2520 2768 2521 2776 ,

204 2795 580 2856 prensationem.

350 2867 565 2928 Corpori
611 2852 829 2928 simplici
869 2865 998 2915 Solis
1048 2870 1253 2931 ejusque
1303 2871 1484 2931 speciei
1521 2871 1897 2918 immateriatae
1934 2868 2115 2917 tribuis
2152 2851 2488 2930 operationes⁶

206 2942 503 2999 contrarias,
543 2942 896 3003 attractionem
935 2945 982 2987 et
1018 2942 1379 3004 expulsionem,
1420 2948 1467 2990 et
1501 2945 1572 2990 sic
1609 2957 1715 2992 non
1751 2943 2013 3004 simplices.
2086 2939 2197 2990 Una
2236 2945 2310 2989 est
2335 2940 2484 2989 actio*
2507 2939 2514 3010 J

207 3027 293 3061 seu
331 3010 541 3076 ἐνεργεια
578 3012 841 3072 naturalia,
894 3013 1124 3062 movendi
1174 3029 1349 3078 corpus
1388 3013 1617 3077 planetae
1657 3014 2025 3064 assimilationis
2064 3027 2214 3062 causa
2252 3027 2338 3062 seu
2377 3026 2456 3061 re-

210 3085 450 3133 ductionis
488 3088 535 3132 in
576 3088 722 3135 situm
757 3086 1091 3150 primaevum3
1133 3086 1326 3136 videtur
1358 3102 1475 3137 vero
1516 3087 1723 3150 diversa,
1763 3093 1961 3151 propter
1999 3086 2333 3136 diversitatem
2371 3085 2464 3134 ob·
2508 3147 2510 3149 Ι

206 3158 338 3220 jecti.
423 3158 548 3206 Nam
594 3159 822 3222 planetae
873 3173 1048 3222 corpus
1102 3177 1160 3210 ex
1207 3175 1304 3210 una
1360 3161 1534 3210 saltem
1580 3161 1730 3224 plaga
1775 3160 2155 3209 familiaritatem
2204 3159 2352 3208 habet
2401 3155 2509 3226 adq,

211 3244 384 3292 corpus
423 3229 573 3292 Solis,
625 3246 685 3281 ex
737 3230 890 3280 altera
929 3231 1112 3284 discors
1151 3239 1238 3283 est.
1315 3232 1431 3282 Jam
1469 3248 1587 3283 vero
1628 3233 1849 3296 ejusdem
1887 3232 2120 3295 simplicis
2159 3238 2233 3281 est
2271 3245 2502 3295 operae,

213 3302 439 3364 amplecti
493 3305 672 3353 similia
728 3310 776 3354 ct
832 3320 1057 3368 respuere
1114 3306 1386 3364 dissimilia.
1487 3306 1707 3355 Munitur
1766 3306 1888 3355 haec
1946 3306 2186 3354 sententia
2242 3301 2461 3367 exemplo
2507 3326 2534 3368 '.

210 3381 517 3437 magnetum,
559 3378 641 3438 qui
677 3377 791 3427 licet
827 3392 923 3426 non
963 3381 1058 3427 sint
1096 3394 1300 3444 corpora
1338 3380 1593 3440 coelestia,
1634 3394 1733 3428 non
1770 3384 1847 3429 est
1883 3382 2045 3427 tamen
2085 3380 2133 3425 in
2172 3377 2270 3426 illis
2310 3377 2461 3425 bifar-²

211 3450 304 3498 mis
341 3449 436 3495 ista
477 3449 628 3496 virtus
667 3465 727 3498 ex
765 3453 1115 3515 compositione
1156 3454 1517 3513 elementorum,
1559 3452 1645 3501 sed
1685 3467 1744 3502 ex
1781 3451 1935 3499 forma
1975 3465 2207 3514 corporea
2236 3448 2457 3513 simplici.

360 3520 478 3568 Erit
521 3535 637 3583 erqo
683 3525 841 3584 ipsius
883 3526 1126 3587 planetae
1175 3541 1359 3588 corpus
1404 3527 1730 3589 compositum
1781 3539 1843 3573 ex
1893 3526 2166 3573 contrariis
2213 3523 2458 3586 partibus.

213 3595 318 3644 Nee
353 3593 448 3642 hoc
485 3593 707 3654 quidem:
746 3610 856 3643 nam
895 3598 942 3646 id
982 3598 1286 3648 solummodo
1326 3601 1571 3662 sequitur,
1598 3598 1798 3661 globum
1837 3597 2162 3659 planetarium
2199 3610 2305 3645 esse
2332 3595 2459 3658 figu-

215 3673 376 3717 ratum*
421 3667 551 3713 intus
598 3669 739 3715 rectis
785 3668 925 3717 lineis
973 3685 1058 3719 seu
1107 3673 1270 3733 fibris,
1323 3672 1493 3734 quales
1531 3677 1644 3720 sunt
1681 3671 2009 3733 magneticae,
2068 3670 2244 3732 quibus
2285 3666 2467 3718 accidit·

219 3740 409 3790 duabus
442 3740 695 3787 'contrariis
733 3740 891 3803 plagis
928 3746 1196 3806 terminari,
1236 3746 1285 3792 in
1326 3760 1528 3807 quarum
1565 3758 1663 3792 una
1699 3757 1798 3790 non
1837 3749 2032 3807 propter
2071 3755 2246 3805 corpus
2283 3743 2455 3803 ipsum,

218 3813 304 3863 sed
349 3820 544 3876 propter
594 3814 740 3862 situm
789 3812 893 3882 ejus
941 3813 1005 3862 ad
1042 3815 1231 3880 Solem,
1279 3824 1450 3881 regnat
1495 3816 1798 3867 familiaritas
1851 3829 1959 3865 cum
2010 3814 2153 3880 Sole,
2205 3816 2256 3864 in
2307 3812 2458 3862 altera

221 3885 476 3937 discordia.

2542 3714 2554 3791 -⁴·⁵-<-
2543 3573 2554 3693 ι-,..-ι-
2547 3446 2554 3551 —..„„
2553 3407 2554 3410 „
