2554 4140
139 1384 144 1389 ·
229 1354 494 1412 declinatio.
529 1359 621 1409 230
662 1362 772 1421 35’,
820 1362 1050 1423 quantam
1089 1361 1274 1409 invenit
1313 1359 1632 1422 Albategnius
1672 1366 1784 1409 ante
1822 1376 1974 1409 annos
2018 1363 2143 1423 730,
2191 1368 2306 1410 tunc
2342 1375 2466 1410 zona

233 130 334 177 272
658 123 894 180 Epitomes
924 121 1240 167 Astronomiae
1279 121 1416 166 Liber
1445 121 1645 192 Tertius,
1701 123 1810 168 Pars
1842 123 2026 179 Quarta.

383 271 577 319 Videris
615 272 837 319 alienam
874 286 908 318 a
946 273 1154 319 veritate
1191 270 1744 319 tradere-latitudinem
1779 275 2045 321 zonarum.
2120 271 2357 334 Equidem
2394 272 2468 322 la·
2496 268 2518 322 s

230 344 384 392 titudo
424 357 577 392 zonae
615 342 823 392 torridae
863 350 936 392 est
964 342 1113 407 dupla
1152 343 1451 404 obliquitatis
1481 343 1745 405 eclipticae,
1785 345 1969 393 scilicet
2009 342 2103 392 47ο
2141 346 2206 403 3’,
2246 345 2470 394 milliaria

234 418 334 465 706
375 415 549 477 hodie3
591 422 727 464 tanta
768 422 842 464 est
880 415 1023 479 igitur
1041 417 1110 464 ‘et
1147 415 1352 463 latitudo
1390 415 1669 477 frigidarum
1708 417 1934 475 duarum,
1987 414 2234 479 restatq'ue
2282 424 2469 481 tempe-

228 493 344 537 ratis
363 488 570 537 latitudo
612 484 707 536 42Ο
748 490 848 546 57’,
889 487 1168 537 milliarium
1192 489 1308 546 644,
1350 490 1465 549 quia
1491 488 1748 537 declinatio
1787 490 2036 553 eclipticae
2064 495 2137 537 est
2176 486 2272 537 23⁰
2311 487 2451 558 3l¹s.,
2455 493 2469 516 ¹

229 561 387 613 hodie
463 560 530 609 At
567 563 692 610 sicut
713 560 827 608 olim
857 561 1011 623 major
1051 566 1123 608 est
1151 559 1462 623 deprehensa,
1503 576 1566 610 sc.
1607 561 1700 608 23⁰
1741 559 1914 631 51¹J2‘,
1959 563 2026 609 ita
2064 564 2208 610 etiam
2248 568 2359 610 ante
2386 563 2469 610 illa
2534 623 2536 625 Ι

228 641 447 708 tempora
485 636 645 698 potuit
684 649 792 683 esse
831 636 1012 693 minor,
1071 637 1118 680 et
1156 634 1203 679 in
1241 632 1405 680 mundi
1445 635 1686 682 creatione
1728 632 1821 681 220
1860 599 1944 683 30¹
1996 633 2205 697 indeque
2259 649 2471 684 crescere

226 723 310 772 per
357 706 738 770 sesquigradum
826 706 997 769 Itaque
1048 705 1314 769 speculatio
1364 704 1484 754 haec
1532 706 1826 770 relinquatur
1877 709 2081 770 posteris
2128 708 2306 755 nostris
2362 723 2469 756 am-

226 781 353 844 plius
394 779 656 844 probanda.
688 775 761 846 ³⁷)

270 876 273 883 ³
374 853 598 902 Nullane
636 853 742 900 alia
779 852 857 899 hic
894 856 1106 913 apparet
1132 851 1427 912 aequalitem,
1466 865 1636 913 quam
1659 852 1765 900 sela
1809 854 2037 915 partium
2075 851 2350 899 meridiani
2385 867 2472 900 seu
2548 860 2554 864 “

228 925 517 975 latitudinis
540 924 825 974 zonarum?
859 923 963 970 Imo
1004 929 1051 971 et
1089 923 1181 971 hoc
1218 922 1633 983 considerandum,
1673 926 1711 972 si
1752 931 1879 972 esset
1917 924 2180 987 obliquitas
2220 924 2471 988 eclipticas
2530 971 2532 973 ,

229 997 323 1047 240
366 1002 449 1047 17’
489 1000 575 1045 42’
580 1000 620 1056 ‘,
675 1002 811 1044 tanto
851 1010 917 1044 sc.
958 995 1114 1059 major
1152 1010 1296 1058 quarn
1347 996 1436 1043 tuit
1473 991 1686 1060 tempore
1728 996 2084 1058 Eratosthenis,
2137 1004 2320 1060 quanto
2372 997 2470 1046 sere
2541 996 2554 1048 ³.-

227 1073 382 1120 minor
421 1077 492 1120 est
529 1034 671 1118 hodie
712 1083 858 1132 quam
898 1067 1032 1128 olim,
1083 1068 1212 1131 quod
1261 1083 1358 1116 non
1410 1084 1457 1115 e
1440 1076 1482 1115 t
1521 1069 1782 1118 absurdum
1821 1070 2084 1132 aliquando
2135 1071 2251 1118 fuiss
2232 1085 2310 1119 se:
2357 1075 2472 1118 tunc
2535 1066 2554 1122 -ῗῑ

227 1145 506 1210 superficies
543 1155 696 1191 zonae
747 1140 956 1190 torridae
1007 1155 1104 1189 una
1149 1156 1258 1190 cum
1306 1141 1652 1205 superficiebus
1701 1142 1900 1190 duarum
1939 1142 2220 1205 frigidarum
2256 1144 2471 1206 praecise
2534 1190 2554 1204 ,-

226 1215 411 1266 tantam
450 1216 650 1264 haberet
688 1229 864 1275 aream,
905 1221 1137 1277 quantam
1177 1214 1301 1262 duae
1340 1221 1632 1278 temperatae
1671 1215 1874 1275 habent3
1930 1217 1996 1263 ita
2034 1216 2312 1279 superficies
2350 1214 2471 1264 Tel·

226 1291 342 1339 luris
383 1289 724 1351 aequalissime
763 1293 892 1336 esset
931 1287 1185 1335 distributa
1221 1288 1346 1334 inter
1384 1302 1611 1335 excessus
1660 1294 1708 1335 et
1746 1290 2036 1350 temperiem.
2106 1287 2292 1350 Quodsi
2345 1293 2472 1336 esset
2542 1286 2554 1358 ξ

228 1436 408 1485 torrida
447 1440 576 1483 esset
613 1433 674 1481 ad
713 1448 860 1481 unam
898 1449 957 1482 ex
995 1434 1270 1496 temperatis
1307 1438 1362 1480 ut
1402 1435 1433 1480 4
1472 1432 1534 1481 ad
1575 1434 1623 1485 3.

378 1508 522 1572 Quae
558 1513 626 1555 est
649 1505 793 1556 hodie
824 1510 1088 1570 proportio
1125 1505 1499 1569 superficierum
1527 1506 1597 1556 ad
1618 1521 1666 1555 se
1704 1507 1954 1555 invicem?
1990 1505 2151 1555 Hodie
2191 1508 2260 1556 sic
2290 1521 2343 1556 se
2380 1505 2473 1556 ha'-

227 1581 342 1630 bent
378 1580 541 1645 spatia
578 1593 858 1629 zonarum.-

2532 1543 2546 1596 ἰ.

2530 1603 2548 1653 ἐκ

2534 1662 2546 1693 2.

2548 1705 2554 1717 ⁴

1700 1691 1911 1738 Milliaria
2065 1694 2181 1737 Fere

1608 1750 1752 1795 Germ.
1788 1750 2006 1808 quadrata
2096 1757 2147 1794 nt

565 1823 774 1880 Qualium
806 1821 1066 1880 superficies
1098 1827 1195 1867 tota
1224 1821 1345 1866 valet
1375 1822 1548 1868 100000
1679 1825 1908 1871 92880000
2101 1828 2154 1870 10
2181 1845 2187 1853 ·

850 1881 1006 1927 talium
1036 1881 1205 1926 torrida
1228 1879 1348 1925 valet
1407 1881 1546 1926 39915
1680 1883 1909 1929 37060978
2127 1883 2151 1927 ε1
2192 1906 2199 1911 ·

1098 1944 1350 1996 temperata
1406 1939 1549 1984 25887
1679 1941 1909 1986 24018536

1177 1997 1343 2055 frigida
1432 1996 1546 2042 4156
1707 1999 1912 2045 3859210

812 2073 1081 2128 'l'emperata
1111 2077 1156 2115 et
1186 2071 1344 2126 frigida
1370 2116 1373 2117 ⁷
1404 2071 1546 2117 30043
1621 2061 1912 2117 ‘'2’'7877746
2129 2070 2154 2114 3

993 2132 1120 2175 Duae
1151 2129 1342 2186 frigidae
1431 2130 1539 2174 8311
1709 2130 1910 2176 7718420

759 2188 947 2233 Torrida.
977 2202 1078 2233 cum
1109 2193 1134 2230 2
1165 2187 1340 2245 frigidis
1398 2187 1544 2233 48226
1677 2188 1910 2234 44779398

829 2249 888 2292 At
913 2247 1027 2292 duae
1059 2251 1337 2303 temperatae
1400 2246 1541 2290 51774
1674 2246 1906 2292 48037072
2132 2250 2156 2288 5

1074 2320 1339 2365 Differentia
1427 2321 1541 2365 3548
1703 2319 1908 2365 ζ1257674

359 2394 491 2451 Quod
523 2401 591 2439 est
619 2395 754 2452 paulo
786 2394 931 2438 minus
962 2407 1095 2450 quam
1126 2407 1216 2438 una
1247 2392 1426 2450 frigida

375 2471 496 2520 Gum
538 2487 671 2535 ergo,
710 2469 943 2534 quicquid
970 2477 1043 2519 est
1082 2476 1378 2536 temperatae
1404 2469 1690 2540 superficiei,
1727 2475 1896 2533 pateat
1920 2470 2079 2537 spatio
2120 2455 2518 2563 quatercentiesf

229 2547 482 2607 octuagies
523 2551 778 2594 centenum
815 2542 1017 2592 millium
1058 2542 1402 2606 quadratorum
1444 2545 1825 2606 germanicorum
1863 2529 2156 2603 milliarium,
2198 2542 2368 2591 demus
2396 2531 2470 2591 di·-
2512 2565 2534 2595 μ

229 2617 431 2666 midium
472 2620 611 2681 aquis
662 2618 793 2683 (nam
833 2624 885 2664 ut
923 2616 1314 2680 septentrionalis
1352 2621 1620 2679 temperata
1669 2618 1806 2664 terris
1846 2621 1900 2663 ut
1936 2614 2193 2678 plurimum
2232 2600 2511 2692 panditur,
2506 2605 2515 2652 ἵ
2539 2634 2546 2649 ·¹

227 2694 297 2740 sic
335 2691 561 2740 australis
609 2693 750 2753 aquis
800 2691 968 2738 oceani
1007 2695 1081 2738 est
1120 2686 1291 2753 tecta),
1340 2689 1592 2738 restabunt
1642 2687 1889 2738 ducenties
1943 2687 2231 2751 quadragies
2272 2693 2518 2754 centena.

225 2764 379 2812 millia
415 2769 762 2827 praetereaque
803 2762 960 2812 decies
1000 2764 1150 2810 octies
1189 2761 1320 2810 mille
1356 2761 1579 2810 milliaria
1618 2762 1856 2824 quadrata
1894 2768 2048 2811 terrae
2088 2755 2528 2824 contemperatae

226 2845 274 2886 et
323 2837 636 2886 habitabilis:
689 2836 747 2885 de
799 2850 896 2898 qua
940 2841 1076 2897 parte
1130 2834 1399 2897 superficiei
1446 2849 1559 2897 pars
1597 2834 1845 2883 ducenties
1885 2834 2176 2898 quadragies
2215 2826 2509 2887 millesima

224 2909 373 2958 habet
411 2916 606 2958 centum
642 2909 868 2957 milliaria
910 2907 1161 2970 quadrata,
1203 2907 1367 2956 decem
1395 2921 1461 2954 sc.
1501 2909 1548 2954 in
1573 2907 1787 2969 longum,
1828 2906 1993 2956 decem
2034 2909 2080 2954 in
2107 2907 2273 2958 latum.
2317 2894 2497 2979 quan'-
2506 2938 2518 2941 -

227 2988 329 3030 tum
378 2984 475 3032 sere
520 2984 841 3046 exporrigitur
879 2981 1078 3029 Austiia
1115 2981 1347 3043 superior.
1426 2980 1485 3027 Et
1523 2994 1551 3028 ο
1589 2980 1871 3040 ridiculum,
1920 2982 2001 3042 qui
2043 2982 2088 3027 in
2126 2980 2290 3043 aliquo
2329 2993 2438 3029 cens

224 3062 374 3116 ponat
418 3055 543 3104 hanc
592 3057 778 3104 metiri·
832 3069 944 3102 nam
984 3050 1042 3102 d'e
1091 3059 1196 3102 tota
1243 3052 1495 3115 superficie
1545 3053 1754 3102 Telluris
1802 3054 1961 3115 portio
2017 3059 2091 3102 cst
2137 3049 2268 3102 haud
2320 2993 2501 3129 multg
2551 3050 2554 3071 ³

154 3190 158 3200 Ι
229 3128 384 3190 major
424 3128 584 3177 decies
623 3129 804 3178 centies
843 3127 1118 3176 millesima.
2404 3188 2406 3190 v
2452 3159 2497 3200 id
2544 3175 2545 3178 ,
