2560 4100
907 117 978 165 De
1006 115 1218 174 Epitome
1250 112 1578 160 Astronomiae.
2019 128 2021 131 ·
2308 119 2371 166 67

109 268 251 317 Luna
286 269 671 331 repraesentatur
718 265 924 327 integra,
963 264 1158 313 minime
1197 275 1377 323 magna
1415 263 1530 323 erit,
1585 262 1681 309 nisi
1717 261 1840 311 forte
1899 276 1997 311 non
2038 260 2097 311 de
2134 263 2245 311 visu
2287 261 2373 312 sed

112 341 171 390 de
207 343 396 405 pictura
430 339 643 400 loqueris
679 351 765 399 per
804 335 1010 399 simplex
1035 349 1322 386 convexum.
1398 334 1462 382 Et
1486 335 1612 383 bene
1641 332 1889 385 admones,
1960 336 2066 398 Ego
2108 350 2216 385 cum
2245 340 2371 384 anno

115 416 267 463 1603.
306 418 356 463 et
395 413 550 461 1604.
591 411 882 462 tentaverim
919 409 1045 458 hanc
1083 424 1184 458 rem
1218 422 1304 473 per
1341 408 1516 456 tubum
1556 405 1826 470 simplicem
1863 407 2240 471 longissimum,
2279 410 2373 456 im-

107 488 306 535 missum
343 490 532 535 aestate
569 484 621 531 in
659 483 834 533 cellam
869 481 1187 545 profundam,
1244 496 1304 530 ex
1342 494 1440 543 quo
1482 479 1700 543 dioptrae
1748 482 1874 529 istac
1928 487 2191 546 coeperunt
2227 496 2372 530 usur·
2454 508 2461 515 -

109 561 243 622 pari,
296 574 393 608 non
432 556 641 621 amplius
690 571 776 619 per
813 555 924 605 illos
962 557 1175 616 tentavi3
1230 568 1420 603 rursum
1476 559 1641 602 tamen
1679 553 1909 602 cohibeor
1960 554 2255 618 diffidentia,
2312 569 2374 604 ne

109 638 303 682 tentem.
381 631 506 680 Nam
544 631 774 678 minimae
813 630 1100 693 quantitatis
1139 628 1193 677 fit
1231 627 1468 678 diameter
1491 624 1562 693 Θ
1600 640 1687 691 per
1725 626 1995 691 simplicem
2033 628 2212 678 lentem
2254 641 2373 677 con-

110 720 286 753 vexam
322 706 372 752 in
411 704 605 751 usitatis
643 703 790 751 tubis,
867 701 1162 765 Longissimi
1202 700 1484 750 difficillime
1522 704 1758 764 parantur
1803 706 1850 749 et
1890 700 1968 749 vel
2009 702 2258 750 minimum
2296 703 2374 750 vi-

110 779 231 826 tium
271 779 595 828 convexitatis
635 777 682 823 in
722 781 860 824 tanta
898 775 1130 824 distantia
1167 772 1382 823 tabellae
1418 773 1521 835 jam
1559 773 1794 833 sentitur,
1847 773 1951 835 jam
1990 774 2205 836 duplicat
2244 791 2373 824 mar—

107 853 245 914 gines
283 850 427 900 Solis.
506 847 645 911 Quae
682 850 829 912 igitur
865 849 979 898 hinc
1015 846 1257 912 speranda
1297 845 1572 916 certitudo?
1647 844 1734 895 Sin
1762 851 1927 895 autem
1963 845 2115 896 velles
2143 847 2373 898 adhibere

115 925 262 972 etiam
301 937 587 983 concavum,
621 922 725 985 jam
766 922 940 971 certior
978 927 1053 970 est
1091 920 1340 983 distantia,
1381 919 1504 968 adeo
1543 924 1596 967 ut
1633 933 1762 967 anno
1808 920 1960 968 1612.
2003 919 2203 983 eclipsin
2245 920 2372 969 Solis

115 998 186 1046 sic
226 996 614 1056 observaverim,
671 995 756 1043 ubi
792 994 935 1042 Luna
973 992 1223 1043 evidenter
1275 995 1503 1057 apparuit
1548 994 1703 1040 minor
1744 991 1882 1053 Sole,
1938 1007 2047 1042 cum
2097 1000 2224 1043 esset
2261 1010 2373 1043 vere

109 1070 308 1132 majoris
345 1069 689 1133 apparentiae3
728 1068 953 1116 nimirum
981 1068 1096 1130 quia
1135 1068 1262 1116 circa
1301 1073 1517 1116 centrum
1555 1067 1757 1116 concavi
1804 1066 2055 1129 ampliatio
2095 1072 2169 1116 est
2205 1082 2373 1131 parva,

121 1144 183 1192 ob
221 1158 428 1206 parvam
468 1141 786 1191 deflexionem
833 1139 1147 1189 incidentium
1185 1139 1428 1189 radiorum
1476 1139 1538 1187 ab
1589 1139 1780 1202 angulis
1820 1141 2014 1207 rectis„
2046 1142 2094 1187 in
2141 1139 2375 1189 lateribus

113 1231 309 1279 magna,
350 1217 412 1265 ob
452 1214 658 1278 angulos
697 1212 851 1262 multo
890 1213 1203 1276 obliquioreS.
1280 1213 1333 1262 Si
1371 1226 1539 1275 margo
1566 1212 1736 1262 Lunae
1775 1214 1932 1275 tangit
1971 1219 2188 1262 centrum
2225 1213 2375 1261 lucidi

110 1291 240 1354 typi,
299 1290 552 1338 minimum
592 1292 665 1337 est
704 1286 961 1350 damnum;
1017 1289 1058 1335 si
1107 1300 1205 1334 non
1241 1288 1423 1348 tangit,
1477 1286 1696 1354 contrahi
1751 1285 1977 1335 videntur
2030 1287 2136 1349 ejus
2176 1301 2372 1343 cornua,

113 1365 294 1427 quippe
343 1362 651 1426 prolongata,
699 1361 915 1410 terminis
966 1360 1017 1408 in
1062 1366 1194 1408 recta
1232 1358 1292 1408 eir
1330 1365 1491 1408 centro
1543 1360 1777 1423 promotis
1818 1361 2058 1422 exterius;
2110 1359 2204 1409 hoe
2255 1360 2374 1409 mihi

112 1443 229 1484 tunc
265 1435 471 1497 accidit,
522 1435 840 1495 contrarium,
895 1435 938 1482 si
983 1447 1151 1496 margo
1209 1433 1380 1482 Lunae
1429 1438 1627 1495 superat
1677 1437 1905 1481 centrum.
1984 1433 2041 1480 In
2088 1435 2372 1482 universum

110 1510 294 1568 nesci0‚
336 1514 573 1573 quantum
600 1507 805 1557 debeam
830 1507 1043 1556 tribuere
1068 1506 1420 1570 comparationi
1461 1505 1803 1555 diametrorum
1831 1511 1878 1554 et
1903 1505 2163 1556 distantiae
2190 1506 2226 1556 J
2230 1509 2371 1556 ovia-

111 1580 248 1631 lium‘
272 1583 334 1632 ob
372 1582 501 1631 hanc
539 1595 754 1630 causam.
829 1579 970 1631 Nam
994 1581 1140 1629 tubus
1180 1581 1336 1628 omnis
1375 1577 1438 1627 ad
1473 1578 1778 1628 lustrandum
1817 1585 1960 1642 aptus
2009 1579 2223 1628 admittit
2261 1595 2371 1630 mo-

110 1663 214 1705 tum
251 1655 398 1717 oculi,
437 1661 492 1705 ut
527 1661 692 1720 partes
729 1653 899 1703 Lunae
936 1658 1198 1718 partesque
1238 1650 1574 1703 distantiarum
1612 1651 1881 1702 Jovialium
1932 1655 2211 1704 successive
2251 1668 2373 1703 con-

115 1731 238 1794 spici
274 1735 322 1778 et
357 1729 628 1793 comparari
665 1728 879 1792 possint3
919 1727 1065 1775 simul
1103 1728 1231 1775 enim
1254 1740 1353 1775 non
1379 1731 1620 1790 possunt.·
1681 1726 1743 1775 Et
1768 1740 1884 1775 vero
1913 1726 2082 1776 eadem
2108 1729 2372 1790 quantitaS,

110 1802 215 1865 jam
250 1803 300 1850 in
339 1801 500 1851 medio
539 1802 648 1850 visa
685 1799 1019 1864 amplitudinis
1058 1800 1188 1862 tubi,
1241 1800 1345 1863 jam
1394 1798 1458 1848 ad
1494 1799 1672 1860 latera,
1718 1799 1790 1848 ‘ob
1831 1798 2009 1848 dictam
2058 1815 2256 1850 causam
2295 1800 2374 1850 vel

115 1877 350 1925 minuitur
385 1874 469 1926 vel
505 1878 725 1938 augetur.
800 1873 978 1936 Itaque
1017 1872 1278 1937 subtilitati
1317 1878 1483 1922 tantae
1522 1887 1618 1922 non
1656 1878 1775 1935 puto
1814 1871 1974 1921 locum
2016 1888 2122 1924 esse
2161 1889 2322 1938 posse.

255 1947 385 2011 Quid
423 1948 543 1997 mihi
581 1954 634 1997 tu
674 1945 733 1998 de
771 1946 835 1997 R.
873 1947 998 1999 Levi
1037 1946 1118 1996 Tr.
1156 1946 1219 1999 V.
1257 1946 1610 1996 Defensionum
1647 1945 1780 1994 Dei?
1853 1945 2073 1997 Hoccine
2124 1947 2267 2009 dicis,
2326 1953 2372 1996 te

111 2022 291 2071 habere
331 2027 380 2071 et
419 2029 589 2088 optare
626 2026 696 2069 ut>
720 2035 812 2084 ego
851 2020 1098 2083 habeam„
1140 2032 1266 2070 anne
1303 2021 1432 2085 petis
1472 2035 1502 2069 a
1539 2035 1638 2080 me,
1691 2024 1745 2068 ut
1770 2020 1872 2085 tibi
1911 2034 2020 2069 eum
2062 2021 2374 2086 comparem?

110 2095 163 2144 Si
199 2109 298 2144 non
335 2095 517 2156 habes,
573 2108 675 2143 non
713 2109 803 2158 ego
843 2093 1118 2157 inquirendi
1155 2093 1303 2142 aliam
1342 2096 1473 2143 viam
1510 2094 1660 2153 inivi,
1719 2107 1864 2155 quam
1892 2108 1998 2158 per
2035 2099 2146 2143 tuos
2187 2096 2373 2144 vicinos

112 2168 435 2218 Buxtorffium
473 2167 718 2230 Basileae,
759 2166 1108 2217 Schickardum
1146 2167 1404 2229 Tubingae
1445 2172 1529 2215 aut
1567 2181 1653 2230 per
1679 2165 1901 2215 Judaeos
1942 2167 2193 2238 Burgavii

254 2240 384 2305 Quia
420 2247 469 2291 te
506 2241 694 2290 moveri
730 2239 876 2290 video
917 2245 1154 2291 concentu
1194 2241 1581 2304 speculationum
1610 2239 2012 2303 harmonicarum,
2052 2241 2200 2290 velim
2228 2242 2374 2290 etiam

113 2319 262 2378 atque
301 2318 448 2365 etiam
489 2316 733 2364 examines
772 2313 858 2363 illa
907 2329 965 2363 ex
1003 2314 1128 2364 libro
1165 2313 1254 2364 IV.
1295 2313 1546 2378 Epitomes
1591 2313 1650 2362 de
1690 2313 2034 2377 dispositione,
2086 2323 2287 2364 numero
2318 2320 2376 2364 ‘et

22 2406 24 2426 >
63 2416 66 2419 ‹
114 2388 327 2437 motibus
365 2387 664 2448 Jovialium,
722 2386 831 2437 loco
883 2387 1079 2451 quidem
1129 2401 1226 2436 non
1273 2402 1391 2449 suc,
1456 2386 1727 2436 inciderunt
1777 2389 1826 2434 in
1875 2393 1996 2451 typo
2047 2387 2373 2452 progredienti

22 2493 24 2506 ι
113 2460 196 2510 fol.
240 2462 374 2524 5543
415 2461 788 2511 concinnitatem
824 2461 1042 2526 pluribus
1083 2460 1440 2510 demonstrabo,
1492 2460 1571 2508 =In
1598 2462 1864 2524 geometria
1890 2462 2098 2525 capitale
2125 2463 2373 2525 negotium

119 2542 192 2583 est
234 2536 263 2584 5
305 2549 508 2599 corpora
555 2535 823 2599 regularia,
875 2534 1215 2584 secundarium
1262 2535 1355 2582 tria
1398 2533 1670 2583 rhombica:
1722 2549 1910 2583 rursum
1950 2537 2077 2584 enim
2126 2550 2275 2584 unum
2316 2550 2375 2584 ex

119 2606 218 2665 illis
261 2609 289 2656 5
329 2608 384 2656 fit
418 2608 499 2658 hic
536 2622 685 2657 unum
723 2623 782 2657 ex
820 2609 975 2657 tribus
1014 2607 1095 2657 vel
1132 2609 1361 2671 quinque.
1437 2606 1520 2656 Sic
1556 2609 1603 2655 in
1641 2607 1823 2656 mundo
1874 2609 2096 2671 capitalis
2136 2614 2377 2657 structura

122 2687 195 2729 est
237 2682 266 2728 6
308 2682 628 2745 planetarum,
668 2680 957 2731 secundaria
996 2683 1029 2729 4
1067 2680 1362 2742 Jovialium,
1417 2681 1563 2729 etiam
1599 2679 1669 2727 illi
1710 2683 1743 2728 4
1782 2680 1844 2730 ad
1881 2696 2102 2730 normam
2142 2683 2171 2730 3
2210 2682 2376 2730 rhom-

112 2754 331 2803 bicorum
369 2768 467 2804 non
506 2754 862 2818 amplectuntur
879 2754 1090 2816 Terram,
1129 2769 1245 2803 num
1271 2753 1420 2803 alium
1457 2753 1744 2817 planetam?
1818 2754 1928 2803 Non
1954 2754 2150 2804 Terram
2190 2754 2376 2805 debue-

112 2831 239 2887 runt,
283 2828 400 2890 quia
437 2826 589 2877 Terra
627 2833 702 2877 est
737 2830 861 2877 inter
900 2827 1258 2877 dodecai-idrum
1300 2833 1348 2876 et
1385 2827 1705 2876 icosaejdrum.
1781 2828 1909 2891 Ergo
1941 2834 2025 2876 aut
2063 2830 2189 2877 circa
2226 2843 2375 2876 unum

52 2931 66 2937 -
110 2899 383 2950 inferiorem
435 2908 520 2949 aut
570 2901 693 2950 circa
730 2914 881 2949 unum
927 2902 1239 2965 superiorem.
1317 2899 1502 2949 Verum
1539 2900 1818 2949 inferiorum
1865 2908 1979 2949 sunt
2028 2906 2218 2950 tantum
2257 2901 2370 2962 duc,

113 2975 202 3022 etsi
242 2972 523 3023 octae'drum
561 2979 636 3023 est
671 2971 887 3022 rhombis
926 2975 1181 3038 coguatius
1200 3014 1213 3040 7
1251 2973 1521 3023 Mercurius
1561 2978 1635 3022 est
1671 2974 1892 3035 intimus,
1945 2973 2081 3023 nulla
2110 2975 2369 3036 mediati03

110 3045 283 3096 melius
322 3048 449 3096 circa
486 3061 635 3095 unum
673 3048 1000 3111 superiorum,
1043 3049 1158 3111 quia
1194 3047 1247 3095 hi
1283 3060 1482 3095 numero
1522 3052 1632 3106 tres,
1673 3045 1910 3096 habentes
1950 3047 2189 3110 medium3
2242 3050 2369 3096 circa

113 3116 290 3168 Jovem
337 3122 512 3184 igitur,
567 3126 620 3168 ut
668 3118 882 3168 medium
934 3126 983 3169 et
1034 3122 1149 3183 quia
1188 3118 1383 3182 Jupiter
1434 3123 1507 3168 est
1558 3120 1679 3167 inter
1730 3120 1907 3168 cubum
1962 3126 2010 3170 et
2059 3116 2369 3180 tetrae'drum‚

114 3191 328 3242 rhombis
366 3195 665 3256 cognatiora.
743 3191 866 3242 Sunt
903 3194 1049 3256 igitur
1083 3193 1136 3242 hi
1176 3194 1207 3239 4
1244 3206 1341 3241 non
1379 3206 1466 3254 per
1503 3205 1554 3241 se
1593 3194 1719 3241 circa
1745 3192 1925 3254 Solem,
1967 3197 2082 3257 quia
2122 3210 2218 3244 non
2261 3202 2374 3243 sunt

113 3264 361 3316 rhombiea
412 3281 530 3315 suae
569 3267 794 3330 propriae
835 3267 1059 3328 originis,
1113 3271 1316 3328 excepto
1369 3264 1522 3325 cub0,
1576 3279 1672 3314 uno
1723 3265 1782 3316 de
1839 3269 2082 3331 quinque,
2136 3268 2222 3317 sed
2262 3275 2373 3316 sunt

115 3339 241 3388 eirca
276 3353 427 3387 unum
467 3339 527 3389 de
565 3354 665 3401 sex,
705 3341 831 3388 sicut
870 3339 1023 3388 cubus
1062 3338 1418 3387 rhombicorum
1444 3339 1733 3404 principium
1771 3345 1859 3402 est,
1899 3355 2025 3390 unus
2053 3341 2112 3389 de
2139 3343 2370 3404 quinque.

114 3408 253 3461 Haec
290 3411 350 3461 de
389 3426 590 3462 numero
631 3414 941 3476 quaternario
982 3417 1030 3461 et
1066 3410 1326 3460 locatione.
1404 3411 1478 3461 De
1517 3413 1909 3477 proportionibus
1949 3414 2088 3464 vides
2144 3415 2225 3463 fol.
2271 3416 2371 3462 554

114 3486 525 3550 propinquitatem
571 3486 634 3535 ad
685 3487 825 3535 orbes
864 3485 1221 3535 rhombicorum
1276 3485 1566 3548 geometrice
1614 3485 1900 3552 adscriptos.
1978 3487 2054 3536 De
2100 3488 2372 3536 revolutio-

25 3607 27 3612 ,
119 3569 233 3606 num
283 3558 496 3621 periodis
550 3572 646 3609 non
698 3565 839 3623 potes
892 3573 992 3607 non
1044 3557 1299 3623 delectari,
1348 3559 1493 3607 etiam
1543 3559 1591 3605 in
1631 3559 1727 3608 illis
1766 3574 1966 3624 regnare
2004 3562 2370 3623 proportionum

60 3651 66 3655 ·
119 3627 503 3692 (intervallorum
559 3638 606 3681 et
660 3631 951 3695 temporum)
1004 3631 1362 3694 proportionem
1418 3631 1815 3694 sesquialteram,
1875 3635 2054 3697 quippe
2108 3635 2188 3695 qui
2247 3633 2372 3679 hanc

120 3703 490 3765 sesquialteram
528 3705 575 3751 in
619 3707 648 3753 6
687 3705 895 3769 planetis
933 3704 1153 3767 appellas
1192 3718 1393 3753 mecum.
1470 3704 1757 3768 Exemplum
1797 3719 1910 3755 vere
1950 3721 2166 3754 aureum.
2231 3705 2371 3751 Hanc

120 3772 498 3835 speculationem
544 3778 586 3826 si
626 3779 814 3842 etipse
866 3777 1067 3842 probas,
1119 3775 1286 3827 attolle
1324 3790 1493 3826 vocem
1539 3779 1586 3824 in
1630 3777 1864 3840 jubilum,
1924 3778 2056 3841 quod
2094 3779 2365 3839 Rubeaqno

122 3844 369 3909 Saganam
421 3863 574 3913 usque
613 3849 918 3912 exauditam,
968 3863 1053 3913 per
1089 3848 1254 3900 literas
1293 3851 1491 3900 scilicet.
1569 3849 1676 3898 Non
1722 3866 1836 3900 vero
1887 3852 1980 3901 hoc
2020 3857 2233 3911 tantum,
2286 3848 2370 3898 sed

1955 3937 2025 3983 54‘·
