2554 4140
198 118 304 166 546
943 109 997 155 In
1024 109 1269 166 Epitomen
1294 108 1446 159 Notae
1475 111 1688 157 Editoris.
1887 120 1907 140 ⁸

381 258 453 312 34)
491 270 532 308 p.
574 258 672 298 240.
741 257 948 296 Tabulam
989 258 1278 296 ascensionum
1318 256 1584 309 obliquatam
1617 262 1692 299 etc.
1737 258 1900 297 videbis
1939 257 2010 296 fol.
2042 259 2146 297 244.
2175 257 2451 304 subjunctam.

195 319 246 358 In
268 319 370 359 Tab
402 315 680 366 Rudolphinis
710 313 784 353 illa
814 314 956 358 tabula
977 317 1132 355 omissa
1163 320 1237 368 est,
1268 315 1414 354 tabula
1442 327 1538 355 vero
1574 315 1741 364 «auguli
1765 317 1977 368 orientis»,
2011 315 2066 353 ad
2090 314 2332 353 altitudines
2362 314 2451 365 poli
2550 351 2554 365 Ι

197 379 252 417 90
274 375 327 429 (a
360 375 407 416 1ο
437 376 481 413 ἰιι
513 372 606 420 900)
626 373 894 427 computata,
937 375 1041 413 satis
1085 375 1251 424 prolixa
1290 378 1440 414 exstat.
1503 373 1585 412 Cur
1615 375 1816 412 omiserit
1830 347 2018 413 tabula'm
2049 386 2130 412 asc.
2167 371 2314 423 obliq„
2345 373 2452 411 hanc
2507 368 2517 394 s

196 435 297 474 dicit
329 444 496 472 causam
525 432 749 482 Keplerus:
781 428 833 472 In
865 406 1070 474 d’octrina
1101 429 1336 485 sphaerica
1368 429 1424 472 de
1453 429 1596 485 primo
1627 434 1753 471 motu
1782 442 1868 483 per
1897 429 1989 473 dati
2019 428 2175 485 puncti
2217 427 2451 483 eclipticae

193 497 264 541 vel
294 496 449 541 stellae
481 484 824 540 declinationem
856 494 1106 551 computari
1137 493 1253 537 solet
1285 492 1539 537 differentia
1568 494 1903 551 ascensionalis,
1934 499 1986 538 ut
2009 507 2062 539 ea
2085 509 2186 539 cum
2206 506 2296 538 asc.
2326 498 2454 536 recta

195 562 294 618 eJus
324 561 481 618 puncti
511 559 760 616 composita
802 559 1048 604 constituat
1078 571 1167 602 asc.
1200 557 1440 613 obliquam
1502 558 1659 603 Solent
1689 557 1838 610 autem
1870 573 1960 604 asc.
1995 559 2216 615 .obliquae
2262 557 2455 602 describi

191 641 274 685 per
301 626 502 684 singulos
534 624 700 682 gradus
731 624 808 669 alt.
838 624 942 681 poli,
973 630 1037 681 ut,
1070 625 1174 669 dato
1205 630 1375 680 puncto
1408 625 1664 680 aequatoris
1697 625 1883 682 oriente,
1926 625 2070 681 possit
2102 623 2284 680 excerpi
2312 636 2453 680 punc-

157 747 159 751 Υ
195 698 292 753 tum
323 691 557 747 eclipticas
589 690 826 745 cooriens.>

159 754 161 759 ’
367 758 471 803 Etsi
500 770 606 802 vero
624 770 728 801 vnon
759 761 936 800 tantum
967 755 1201 801 stellarum
1230 755 1424 800 fixarum
1455 761 1605 811 ortus,
1639 767 1845 808 occasus,
1891 757 2161 802 emersiones
2194 755 2453 801 occultatio-

194 837 379 882 nesque,
423 824 503 869 sed
535 824 669 868 etiam
700 822 899 867 calculus
931 822 1166 878 eclipsium
1197 821 1313 865 Solis
1352 825 1496 865 totam
1540 822 1659 866 hanc
1703 818 1880 877 partem
1924 821 2155 868 doctrinae
2192 823 2455 881 sphaericae

194 890 315 936 varie
345 895 580 946 usurpant,
613 902 698 934 nec
721 888 822 933 loca
853 894 1087 943 terrarum,
1120 886 1285 944 quibus
1318 885 1500 931 obvenit
1531 887 1764 943 quaelibet
1791 887 1947 943 phasis
1979 888 2213 946 eclipseos,
2246 887 2341 934 sine
2363 899 2453 932 asc.

199 957 415 1014 obliquis,
455 969 540 1001 nec
567 955 826 1013 parallaxes
860 954 954 998 sine
984 952 1168 996 notione
1198 951 1365 1007 gradus
1405 952 1589 996 orientis
1621 952 1871 1009 computari
1899 960 2114 1008 possunt.
2153 968 2242 998 non
2273 955 2457 998 fuerunt
2534 958 2536 962 '

193 1027 346 1066 tamen
375 1020 557 1066 tabulae
589 1019 884 1064 directionum
915 1018 1273 1074 Regiomontani,
1306 1031 1412 1067 non,
1443 1019 1522 1074 qui
1553 1031 1629 1063 eas
1661 1018 1952 1069 continuavit,
1987 1018 2248 1074 Reinholdi‚
2290 1019 2336 1062 in
2367 1019 2455 1064 hoc

197 1088 330 1133 etiam
363 1100 477 1144 opus
508 1085 916 1139 transscribendae,
948 1099 1049 1130 cum
1082 1098 1157 1129 eas
1191 1084 1360 1128 dudum
1375 1085 1587 1140 Maginus
1619 1085 1666 1129 in
1689 1097 1770 1129 suo
1804 1085 1979 1136 „Primo
2010 1085 2194 1129 Mobili“
2226 1085 2458 1141 repetierit

199 1159 468 1210 exstentque
498 1152 630 1208 vulgo
664 1152 962 1208 exemplaria,
1006 1164 1123 1207 quae
1156 1149 1256 1206 quis
1303 1149 1360 1193 ad
1393 1149 1614 1194 calculum
1656 1150 1887 1207 eclipsium
1929 1152 2174 1196 secundum
2205 1151 2457 1196 tabularum

199 1221 388 1266 istarum
418 1219 760 1276 praeceptiones
793 1217 1018 1262 adhibeat.
2364 1239 2366 1241 »

377 1289 456 1328 His
488 1288 609 1326 addit
640 1285 841 1337 Keplerus
878 1289 950 1324 «ut
981 1285 1048 1323 hic
1079 1284 1262 1323 defectus
1295 1295 1345 1322 ex
1376 1282 1579 1322 nonnulla
1599 1287 1715 1333 parte
1745 1289 2120 1336 compensaretur»,
2156 1290 2454 1337 «praeceptam

206 1350 247 1394 1)
279 1348 386 1386 Dato
418 1350 574 1396 puncto
607 1346 807 1395 sphaerae
839 1354 1102 1396 quocunque,
1133 1345 1305 1394 ejusque
1337 1342 1617 1381 declinatione
1648 1343 1702 1381 ab
1733 1348 1977 1397 aequatore,
2011 1345 2207 1393 indagare
2240 1347 2327 1394 eJ'us
2359 1356 2458 1384 am—

197 1405 528 1457 plitudinem
560 1404 797 1443 ortivam
829 1402 916 1455 (cfr.
950 1414 991 1452 p.
1025 1399 1156 1452 225).
1219 1400 1261 1451 2)
1292 1401 1414 1439 Datis
1445 1400 1609 1452 iisdem,
1641 1401 1836 1450 indagare
1878 1402 2250 1442 differentiam
2281 1414 2459 1442 ascen·
2533 1425 2540 1431 ·

199 1461 467 1514 sionalem
497 1463 584 1511 (cfr.
616 1474 657 1512 p.
690 1463 823 1509 236.).
883 1460 925 1509 3)
958 1461 1072 1498 Data
1103 1460 1179 1499 alt.
1213 1460 1314 1509 poli,
1347 1470 1420 1509 per
1452 1458 1536 1497 dati
1566 1457 1648 1497 loci
1681 1458 1790 1499 Solis
1824 1459 2097 1500 differentiam
2127 1461 2459 1502 ascensionalem
2526 1483 2554 1524 ,ἑ

199 1522 402 1571 indagare
443 1525 610 1571 'tempus
661 1519 1051 1559 semidiurnum
1096 1522 1146 1556 et
1189 1518 1644 1557 seminocturnum
1688 1517 1932 1570 adeoque
1984 1519 2091 1558 diei
2132 1519 2460 1560 artificialis
2534 1527 2550 1564 ς

198 1579 617 1637 longitudinem
676 1576 719 1631 4)
753 1578 862 1616 Data
890 1576 1154 1626 longitudine
1203 1576 1286 1615 diei
1334 1575 1529 1616 aestivae
1544 1574 1835 1628 longissimae,
1884 1579 2070 1616 invenire
2111 1577 2460 1617 altitudinem
2536 1597 2549 1618 t

197 1651 224 1690 p
243 1636 339 1680 oli.
399 1631 534 1679 Solvit
563 1637 823 1688 problemata
856 1639 892 1676 1.
928 1639 968 1674 et
997 1637 1038 1676 2.
1072 1634 1218 1673 eadem
1247 1636 1410 1673 ratione
1440 1646 1522 1686 qua
1552 1635 1595 1672 in
1628 1634 1819 1684 Epitome
1850 1635 1953 1674 locis
1994 1636 2153 1688 citatis,
2195 1636 2273 1675 hoc
2303 1634 2459 1675 solum·
2536 1630 2546 1665 -”

184 1697 324 1740 ‚modo
356 1700 530 1749 mutato,
563 1699 611 1735 ut
640 1707 715 1746 pro
749 1695 932 1734 numeris
964 1705 1106 1733 eorum
1135 1692 1408 1742 logarithmos
1440 1692 1653 1734 adhibeat.
1714 1693 1810 1732 Jam
1844 1692 2101 1733 describens·
2123 1693 2310 1733 tabulam
2341 1705 2459 1734 suam
2528 1693 2551 1745 j

170 1789 172 1794 ,
200 1755 345 1805 anguli
377 1727 565 1808 orientis,
597 1755 702 1793 haec
733 1754 851 1792 affert
873 1750 1074 1803 Keplerus
1097 1752 1310 1791 historica:
1342 1748 1466 1792 Haec
1496 1761 1602 1804 pars
1633 1747 1864 1792 doctrinae
1896 1748 2159 1805 sphaericae
2182 1749 2463 1795 desideratur
2521 1795 2522 1798 Ἴ

201 1817 248 1862 in
279 1816 467 1862 Tabulis
498 1816 808 1861 Directionum
839 1813 1186 1870 Regiomontani
1217 1819 1262 1858 et
1293 1813 1547 1870 Reinholdi,
1582 1825 1685 1864 cum
1714 1821 1864 1860 tamen
1895 1828 2066 1860 summe
2097 1814 2226 1860 nobis
2256 1827 2463 1861 necessa-

200 1884 268 1928 ria
299 1883 358 1928 sit
388 1881 446 1926 ad
480 1882 727 1926 doctrinam
758 1879 1072 1937 parallaxium,
1104 1885 1155 1923 ut
1186 1891 1285 1923 eam
1317 1893 1400 1936 ego
1431 1879 1476 1923 in
1507 1886 1636 1936 parte
1658 1883 1970 1927 Astronomiae
1992 1882 2153 1938 Optica
2183 1887 2287 1925 ante
2318 1894 2460 1927 annos
2520 1891 2523 1895 ’

194 1947 288 2004 Jam
318 1949 371 1993 21
405 1946 578 1992 tradidi
602 1945 1152 2002 demonstrationibusque
1180 1945 1402 1991 roboravi.
1465 1947 1738 2002 Copernicus
1761 1947 1941 2004 quidem
1962 1950 2096 1994 breve
2119 1948 2255 2004 hujus
2279 1947 2461 1993 tabulae
2486 1974 2487 1977 =

197 2013 499 2058 rudimentum
543 2014 590 2057 in
631 2025 768 2069 opere
798 2012 1148 2057 Revolutionum
1196 2013 1422 2069 exhibuit,
1463 2013 1584 2069 quod
1614 2013 1752 2057 miror
1790 2025 1882 2057 non
1911 2018 2295 2058 transsumtum'a
2324 2014 2460 2059 Reiu-

183 2079 337 2124 'holdo
368 2079 416 2123 in
461 2091 567 2123 suas
600 2078 866 2123 Prutenicas
898 2078 1217 2133 excultumque
1261 2084 1313 2122 ut
1353 2083 1504 2122 cetera
1540 2078 1696 2124 fuisse.
1756 2080 1938 2124 Partem
1976 2079 2115 2137 igitur
2151 2078 2460 2135 Rudolphina-

199 2159 301 2190 rum
331 2158 422 2190 non
451 2146 636 2201 parvam
668 2142 902 2190 constituit
931 2143 1094 2189 horum
1125 2142 1390 2199 angulorum
1421 2143 1592 2202 tabula,
1625 2143 1682 2189 ad
1714 2156 1870 2189 omnes
1902 2144 2068 2202 gradus
2101 2143 2178 2189 alt.
2210 2144 2303 2200 poli
2324 2142 2460 2189 borei
2500 2151 2502 2153 ’

202 2214 476 2276 computata.
1491 2238 1494 2239 ν
1736 2229 1741 2234 ·
2190 2240 2195 2246 -

373 2276 424 2320 In
456 2275 691 2331 Epitomes
721 2274 847 2319 Astr.
879 2270 1298 2330 Cop.f1ontispicio
1330 2275 1511 2331 (tabulae
1542 2279 1586 2317 in
1617 2278 1799 2319 editione
1837 2281 1967 2330 priori
2007 2282 2185 2319 insertae
2227 2283 2325 2319 sunt
2352 2278 2461 2319 inter

203 2344 422 2397 epistolam
462 2345 755 2384 dedicatoriam
801 2347 842 2383 et
886 2344 1081 2391 indIcem)
1120 2341 1347 2396 specimen
1386 2341 1572 2386 exhibui
1615 2353 1706 2385 asc.
1750 2340 1961 2397 obliquae
2006 2345 2051 2385 et
2091 2341 2244 2398 anguli
2276 2341 2460 2385 orientis
2520 2367 2533 2389 s

203 2410 561 2467 conjunctorum,
595 2407 736 2451 multo
769 2419 878 2452 sane
911 2406 1196 2463 concinnius,
1237 2411 1288 2451 ut
1324 2407 1368 2450 in
1413 2421 1501 2463 qua
1544 2407 1860 2464 conjunctione
1892 2406 2180 2452 conformitas
2212 2408 2364 2463 aliqua
2394 2411 2463 2452 est
2487 2463 2506 2468 ι,

203 2490 304 2521 οιιιιι
335 2476 429 2522 tab.
461 2489 549 2520 asc.
575 2480 752 2526 rectae,
786 2471 1098 2517 declinationis
1143 2475 1188 2515 et
1234 2471 1495 2526 angulorum
1530 2472 1764 2528 eclipticae
1795 2483 1895 2516 cum
1932 2471 2198 2520 meridiano.
2246 2472 2378 2517 simul
2418 2477 2511 2522 et.-

201 2551 391 2585 arcuum
437 2538 845 2596 contrapositorum
877 2550 967 2581 asc.
1005 2537 1195 2592 junctae
1233 2536 1423 2594 implent
1455 2538 1685 2582 circulum.
1724 2537 1921 2594 ‚Poterit
1950 2538 2063 2586 haec
2094 2537 2375 2595 conjuncti0,
2423 2538 2464 2585 si
2498 2535 2501 2544 ’
2544 2546 2549 2589 1’

203 2605 383 2663 quando
414 2605 690 2650 recudentur
718 2603 902 2649 tabulae
932 2602 1065 2659 primi
1094 2609 1259 2659 motus,
1292 2603 1545 2648 continuari
1575 2617 1657 2659 per
1678 2617 1832 2649 omnes
1855 2603 2020 2660 gradus
2052 2604 2129 2648 alt.
2162 2604 2268 2661 poli,
2297 2604 2464 2662 poterit
2514 2659 2517 2661 ¹

199 2671 408 2716 interseri
437 2675 484 2716 et
514 2669 760 2727 amplitudo
793 2669 937 2713 ortiva
965 2668 1063 2712 vice
1096 2668 1471 2726 declinationum3
1504 2675 1719 2725 poterunt
1751 2670 1941 2726 denique
1968 2669 2122 2726 anguli
2152 2670 2239 2726 ipsi
2270 2670 2315 2714 in
2346 2669 2463 2714 areis
2504 2703 2522 2726 χ

200 2738 400 2787 numeris
433 2738 623 2794 exprimi
640 2737 833 2781 ,usitatis
867 2733 1199 2790 scrupulosius,
1246 2738 1296 2778 ut
1337 2733 1437 2778 illos
1484 2734 1630 2778 habeo
1662 2742 1945 2792 computatos
1975 2736 2021 2779 in
2053 2734 2234 2780 chartis.
2295 2735 2346 2778 In
2377 2733 2463 2779 hoc

202 2817 338 2861 opere
369 2802 578 2849 sufficere
608 2803 704 2847 visa
737 2808 806 2847 est
836 2801 979 2846 forma
1008 2801 1123 2845 haec
1155 2799 1482 2855 qualiscunque
1514 2800 1781 2856 compendio
1813 2801 2048 2845 servitura.
2503 2807 2511 2852 g

372 2871 455 2912 His
487 2873 704 2922 subjungit
734 2870 936 2921 Keplerus
972 2875 1258 2920 «praecepta»,
1289 2869 1482 2908 adhibita
1511 2882 1584 2909 sua
1625 2866 1774 2910 tabula
1808 2866 1976 2919 «anguli
2009 2871 2232 2913 orientis»:
2281 2868 2319 2922 1)
2352 2866 2460 2911 dato
2494 2878 2511 2890 ”
2538 2892 2539 2898 =

202 2934 371 2990 puncto
418 2929 650 2991 eclipticae
691 2934 869 2981 oriente,
906 2938 951 2978 et
997 2931 1236 2976 altitudine
1281 2931 1396 2988 poli,
1457 2932 1499 2987 2)
1530 2931 1638 2976 data
1678 2945 1768 2977 asc.
1811 2932 1992 2988 obliqua
2031 2931 2263 2988 eclipticae
2305 2938 2350 2977 et
2386 2932 2464 2978 alt.
2490 2924 2540 2990 3⁴,ss

203 3001 473 3057 aequatoris,
505 2999 719 3057 angulum
749 3001 990 3061 inquirere.
1049 2998 1090 3052 3)
1123 2998 1243 3041 Dato
1274 3003 1445 3054 puncto
1478 2996 1711 3053 eclipticae
1743 2998 1926 3056 oriente.
1967 3011 2051 3054 per
2080 2997 2179 3053 ejus
2212 3012 2312 3042 cum
2343 2997 2465 3044 hori-⁵
2506 2988 2537 3048 ’ἕ

203 3070 336 3108 zonte
366 3066 661 3111 constitutum
693 3066 906 3122 angulum
935 3063 1151 3138 indagare
1181 3075 1272 3108 asc.
1304 3063 1546 3119 obliquam.
1607 3065 1652 3122 4)
1683 3064 1906 3109 Punctum
1938 3063 2172 3120 eclipticas
2203 3064 2353 3108 oriens
2384 3075 2466 3120 per
2488 3063 2535 3121 ,ξι

206 3127 421 3183 angulum
452 3135 497 3174 et
528 3143 617 3175 asc.
650 3131 879 3186 obliquam
908 3129 1152 3184 inquirere
2491 3138 2494 3140 ’

379 3195 422 3249 5)
454 3196 542 3239 Per
573 3194 694 3240 solos
724 3195 1054 3252 logarithmos,
1060 3195 1167 3239 sine
1201 3194 1306 3240 ullis
1338 3195 1436 3243 aliis
1468 3194 1635 3240 tabulis
1667 3200 1926 3251 computare
1960 3200 2005 3239 et
2037 3184 2250 3250 angulum
2281 3194 2493 3240 orientis‘
2531 3227 2533 3242 2

207 3262 253 3302 et
282 3270 373 3302 una
400 3259 548 3315 ipsum
576 3267 794 3317 punctum
826 3261 989 3318 oriens,
1022 3273 1079 3305 ex
1111 3261 1216 3305 data
1245 3273 1336 3304 asc.
1370 3261 1585 3317 obliqua,
1600 3260 1913 3305 universaliter
1944 3266 1988 3305 et
2019 3268 2198 3307 exacte:
2266 3305 2269 3313 ,

385 3325 582 3369 Primum
614 3327 804 3371 observa
835 3340 980 3381 casus,
1013 3327 1280 3371 alterutrum
1311 3340 1368 3371 ex
1398 3327 1579 3384 punctis
1612 3325 2036 3383 aequinoctialibus,
2078 3325 2198 3382 quod
2229 3330 2298 3370 est
2330 3324 2530 3382 supra'f,

207 3388 500 3446 horizontem,
530 3391 576 3434 in
605 3405 692 3446 quo
723 3391 841 3437 coeli
868 3393 1116 3449 quadrante
1148 3394 1223 3438 sit.
1281 3395 1396 3439 Nam
1428 3394 1466 3438 si
1495 3394 1542 3438 id
1572 3399 1642 3438 est
1682 3394 1727 3436 in
1759 3390 1983 3446 orientali,
2018 3391 2184 3447 gradus
2216 3391 2364 3437 oriens
2395 3397 2464 3436 est

209 3454 490 3511 quaerendus
522 3467 602 3500 seu
633 3470 764 3502 arcus
797 3458 852 3503 ab
884 3458 1167 3515 aequinoctio
1199 3459 1378 3504 sublimi
1409 3458 1466 3504 ad
1500 3463 1647 3503 ortum
1676 3467 1844 3514 usque3
1877 3455 1946 3499 sin
1986 3455 2033 3499 in
2065 3455 2264 3512 occiduo,
2298 3457 2490 3523 gradus·
2525 3511 2527 3514 Α

207 3520 415 3569 occidens
448 3521 677 3576 quaeritur
699 3536 779 3568 seu
801 3537 933 3570 arcus
957 3523 1189 3580 eclipticae
1212 3538 1239 3569 a
1267 3529 1438 3582 puncto
1469 3523 1702 3569 occidente
1731 3533 1877 3578 usque
1908 3521 1966 3565 ad
1995 3522 2326 3597 aequinoctium
2359 3516 2498 3570 subi-Jv

208 3585 335 3640 lime,
366 3591 559 3642 utroque
590 3600 699 3631 casu
729 3602 859 3633 arcus
892 3590 1150 3645 aequatoris
1182 3591 1476 3646 respondens
1496 3590 1751 3634 adhibetur.
1809 3587 1959 3642 Hujus
2003 3588 2119 3632 enim
2157 3588 2243 3644 log.
2283 3588 2474 3638 additus*

206 3651 294 3714 log.
327 3631 403 3696 alt.
436 3653 692 3707 aequatoris
724 3655 956 3698 constituit
984 3655 1075 3711 log.
1108 3655 1357 3700 altitudinis
1387 3656 1508 3700 illius
1541 3652 1878 3710 aequinoctialis
1899 3653 2069 3708 puncti.
2125 3653 2191 3697 Et
2221 3653 2356 3709 hujus
2387 3666 2463 3697 an·
2495 3654 2502 3660 '⁷

209 3716 543 3778 tilogarithmus
575 3719 674 3769 (log
708 3729 806 3769 cos)
838 3704 1014 3765 ablatus
1046 3723 1101 3766 ab
1134 3721 1317 3777 antilog.
1350 3721 1608 3779 aequatoris
1639 3718 1853 3774 relinquit
1881 3718 1968 3774 log.
1991 3719 2143 3775 anguli
2162 3719 2280 3764 inter
2299 3732 2462 3779 aequa·

207 3790 351 3828 torem
375 3789 428 3829 et
455 3782 730 3839 verticalem,
776 3784 851 3838 qui
883 3798 963 3840 per
994 3787 1325 3842 aequinoctium
1357 3789 1550 3833 ducitur
1610 3786 1726 3830 Huic
1756 3784 1921 3841 angulo
1954 3784 2196 3841 obliquitas
2230 3785 2470 3840 eclipticae

211 3850 404 3908 additur,
436 3849 475 3894 si
503 3850 554 3895 0⁰
586 3852 639 3896 V
672 3854 741 3893 est
771 3849 830 3893 ad
861 3855 1007 3893 ortum
1038 3852 1109 3895 vel
1136 3853 1188 3896 0⁰
1209 3855 1268 3901 st
1297 3852 1355 3897 ad
1386 3866 1615 3909 occasum3
1646 3850 1864 3908 aufertur,
1896 3851 1934 3898 si
1965 3852 2015 3896 ΟΟ
2039 3855 2099 3903 ..J-³:
2129 3857 2199 3897 est
2227 3851 2284 3896 ad
2314 3855 2463 3895 ortum

2545 2515 2546 2519 Α
2547 2259 2554 2438 „1⁴⁴A41'ffi‘——-
2550 2127 2554 2236 .—.-—n
2552 2093 2554 2102 A
