2554 4140
635 141 771 187 Liber
801 140 1052 186 Secundus.
1112 141 1181 186 De
1214 139 1418 196 Sphaera
1449 141 1495 182 et
1525 136 1704 183 circulis
1737 136 1851 193 ejus.
2261 139 2363 187 201

110 291 247 340 locos
284 293 333 341 in
378 291 626 378 parallelis
678 294 856 343 Terrae
905 292 1310 358 respondentibus
1357 290 1638 340 collocatos.
1727 289 1838 339 Hoc
1884 288 2012 338 enim
2057 283 2232 334 falsum
2279 288 2368 346 est,

112 370 167 412 ut
203 364 326 412 infra
361 367 557 429 saepius
597 368 687 415 erit
726 366 1000 416 dicendum.
1534 396 1538 399 -

254 435 423 498 Dicis,
474 439 820 488 meridianum
855 446 1077 502 respectu
1113 440 1354 502 sphaerae
1390 437 1670 486 materialis
1707 435 2009 485 immobilem
2049 446 2176 483 esse:
2227 432 2372 492 atqui

111 509 252 558 video
288 510 434 559 illum
473 525 571 559 esse
608 514 890 561 trusatilem
925 514 1123 576 factum
1159 527 1250 575 per
1275 525 1450 560 crenas
1488 510 1758 558 horizontis
1784 508 1972 556 circuli.
2029 503 2237 568 Quando
2265 513 2370 553 rne-

116 581 576 632 ridianumsacimus
602 586 911 645 immobilem,
954 585 1269 648 intelligimus
1296 584 1448 644 illum,
1489 588 1547 631 ut
1569 588 1643 630 est
1662 582 1783 628 situs
1804 582 1852 627 in
1886 579 2110 642 sphaera,
2149 581 2372 641 respectu

32 674 41 677 ⁷
110 660 271 703 motus
310 651 482 705 diurni.
537 657 662 707 Nam
701 658 787 707 illa
825 660 976 707 trusio
1017 663 1065 707 et
1102 660 1224 706 situs
1261 657 1467 706 mutatio
1506 640 1627 703 nihil
1665 655 1839 702 attinet
1875 654 2083 715 primum
2120 657 2320 700 motum.

264 728 521 791 Quorsum
560 738 729 780 autem
765 735 994 795 pertinet,
1035 731 1171 793 quod
1206 731 1451 779 trusatilis
1488 728 1591 778 est?
1650 726 1778 789 Quia
1815 725 2111 774 meridianus
2151 730 2198 772 et
2235 723 2370 772 hori·

110 814 203 848 zon
242 800 427 852 habent
462 805 623 852 visum
662 812 935 866 auctorem,
989 805 1125 852 visus
1167 818 1282 852 vero
1329 818 1416 852 seu
1454 802 1676 869 homines
1716 800 2055 848 observatores
2089 811 2179 859 >per
2217 802 2371 845 totam

112 870 575 926 Terraevrotundam
602 878 905 941 superficiem
926 883 1039 926 sunt
1067 876 1286 939 dispersi,
1327 875 1536 939 ideoque
1573 878 1754 938 puncta
1792 870 2045 922 verticalia
2092 884 2176 933 per
2215 875 2370 918 totum

32 983 34 986 >
113 948 261 994 ctiam
301 948 425 1000 coeli
474 951 711 998 ambitum
749 951 934 999 habent
973 949 1216 1014 dispersa,
1272 963 1478 1012 quorum
1518 947 1651 998 aliud
1688 946 1801 1011 polo
1839 944 2007 994 mundi
2045 944 2243 1007 propius
2268 948 2369 1004 est,

110 1018 244 1066 aliud
269 1021 331 1068 ab
371 1020 456 1070 illo
494 1025 743 1073 remotius.
792 1025 988 1072 Dictum
1015 1028 1179 1071 autem
1206 1028 1293 1083 est,
1335 1022 1653 1072 meridianum
1690 1021 1893 1068 transire
1917 1032 2002 1082 per
2038 1015 2179 1081 polos
2204 1016 2371 1065 mundi

111 1098 158 1140 et
207 1092 347 1155 polos
399 1094 665 1144 horizontis
717 1111 805 1145 seu
857 1101 1089 1160 punctum
1144 1095 1376 1144 verticale
1425 1101 1473 1143 ct
1509 1094 1664 1143 nadir.
1740 1090 1809 1142 Ut
1853 1094 2000 1155 igitur
2038 1104 2124 1154 pro
2164 1088 2372 1138 diversis
2424 1096 2427 1097 ’

109 1164 230 1213 locis
269 1173 505 1230 punctum
555 1168 785 1218 verticale
835 1167 1160 1217 diversimode
1207 1175 1375 1232 posset
1427 1169 1818 1232 appropinquare
1855 1165 1969 1229 polo
2009 1161 2178 1212 mundi
2217 1167 2265 1230 et
2302 1163 2372 1210 sic

109 1252 236 1286 unus
276 1239 476 1289 horizon
516 1241 753 1305 sphaerae
790 1242 1058 1291 materialis
1097 1242 1278 1290 servire
1318 1242 1542 1290 omnibus
1580 1241 1701 1289 locis
1742 1253 2005 1301 eorumque
2035 1235 2372 1286 horizontibus

23 1354 31 1358 -
109 1311 412 1361 naturalibus
450 1328 539 1362 seu
565 1317 774 1375 visoriis‚
815 1316 924 1364 ideo
950 1313 1246 1364 meridianus
1286 1314 1527 1363 exemtilis
1556 1319 1604 1363 et
1642 1313 1879 1362 trusatilis
1908 1317 1982 1360 est
2018 1311 2212 1359 factus.'
2245 1309 2372 1382 Nam

111 1385 215 1447 ejus
256 1389 529 1436 versatione
568 1388 711 1452 polus
748 1389 986 1453 sphaerae
1022 1403 1170 1451 supra
1209 1388 1509 1437 horizontem
1551 1386 1791 1436 attollitur
1829 1385 1908 1435 vel
1949 1384 2247 1449 deprimitur.

253 1459 365 1507 Hoc
413 1474 532 1510 vero
577 1468 725 1524 pacto
773 1465 992 1510 servitur
1029 1461 1384 1511 tantummodo
1421 1462 1497 1510 illi
1536 1462 1772 1510 varietati
1808 1465 2116 1523 punctorum
2155 1457 2373 1515 vertica-

111 1531 256 1596 lium,
294 1547 424 1594 quae
461 1540 530 1582 est
567 1549 739 1583 versus
773 1537 912 1598 polos
948 1535 1161 1584 mundi:
1197 1535 1447 1598 quomodo
1485 1541 1655 1583 autem
1695 1535 1843 1582 alteri
1878 1533 2117 1581 ‘varietati
2148 1531 2374 1580 locorum

113 1618 288 1652 versus
326 1612 498 1654 ortum
536 1614 583 1655 et
619 1623 847 1658 occasum
886 1608 1217 1657 subvenitur?
1267 1609 1513 1671 Respectu
1560 1607 1684 1657 coeli
1722 1608 1933 1656 varietas
1972 1607 2067 1654 ista
2112 1603 2247 1653 nulla
2286 1608 2373 1661 est,

111 1691 219 1724 cum
260 1677 432 1727 diurno
470 1686 606 1729 motu
646 1684 808 1730 omnia
847 1688 1026 1744 puncta
1064 1681 1229 1731 circuli
1268 1683 1316 1729 iu
1356 1687 1513 1731 ortum
1553 1686 1603 1742 et
1641 1695 1866 1739 occasum
1906 1683 2127 1744 porrecta
2165 1692 2250 1741 per
2274 1676 2376 1724 loci

111 1751 190 1797 sui
229 1752 461 1800 verticem
499 1756 776 1804 successive
815 1759 1085 1803 transeant:
1125 1754 1237 1803 ideo
1276 1761 1437 1804 motus
1477 1769 1562 1803 seu
1599 1754 1840 1803 revolutio
1879 1752 2114 1816 sphaerae
2142 1764 2375 1813 compen-

111 1830 188 1870 sat
237 1823 371 1871 illam
418 1828 719 1875 varietatem.
794 1825 1041 1890 Respectu
1092 1842 1208 1876 vero
1249 1828 1459 1876 Telluris
1516 1826 1746 1890 globulus
1783 1826 1866 1875 ille
1905 1825 2142 1889 sphaerae
2181 1822 2372 1872 medius

110 1910 207 1944 non
248 1895 395 1946 debet
435 1899 699 1950 adhaerere
739 1900 976 1949 immobili
1015 1901 1094 1948 axi
1133 1902 1398 1950 immobilis
1435 1902 1680 1964 penitus,
1700 1900 1787 1949 sed
1838 1899 1983 1948 debet
2018 1898 2119 1946 fieri
2159 1895 2376 1945 luxatilis

111 1969 173 2033 (si
212 1969 358 2018 modo
398 1976 503 2020 tota
542 1973 730 2036 effigies
767 1973 903 2036 globi
942 1976 1179 2022 terrestris
1230 1976 1278 2022 in
1319 1988 1376 2023 eo
1426 1980 1499 2023 est
1537 1970 1904 2045 exprimenda),
1957 1973 2029 2021 sic
2078 1976 2133 2019 ut
2179 1975 2375 2022 contor-

19 2068 32 2079 ·
111 2043 247 2104 queri
287 2048 336 2092 et
373 2045 420 2090 in
461 2045 559 2094 alio
600 2049 696 2095 situ
726 2047 817 2109 figi
859 2053 907 2096 et
945 2049 1015 2096 sic
1053 2047 1257 2109 quilibet
1275 2048 1456 2097 Terrae
1494 2047 1632 2096 lucus
1670 2061 1861 2095 sursum
1899 2048 1948 2094 in
1987 2045 2253 2093 holizontis
2280 2057 2376 2105 po-

109 2115 209 2163 lum
249 2130 336 2165 seu
376 2118 607 2168 verticale
659 2119 798 2182 dirigi
837 2122 1007 2184 possit.
1083 2121 1206 2169 Nam
1246 2136 1332 2185 pro
1382 2125 1468 2181 ec,
1520 2120 1650 2183 quod
1688 2120 1834 2169 homo
1874 2119 2052 2181 aliquis
2091 2118 2376 2167 observator

111 2188 327 2238 siderum
365 2205 452 2239 seu
493 2206 668 2256 corpus
706 2207 795 2242 seu
835 2200 1134 2245 mentem-et
1171 2196 1495 2258 cogitationes
1535 2195 1596 2243 ab
1636 2208 1733 2243 uno
1771 2193 1880 2242 loco
1919 2193 2098 2242 Terrae
2137 2193 2187 2238 iri
2226 2189 2374 2238 alium

109 2263 467 2312 orientaliorem
510 2266 589 2312 vel
629 2265 1053 2317 occidentaliorem
1082 2268 1322 2328 transfert,
1361 2267 1663 2316 horizontem
1702 2269 1914 2315 visivum
1940 2269 2236 2329 permutans,
2270 2264 2375 2326 jam

107 2335 157 2381 in
207 2336 418 2398 sphaera
468 2339 575 2387 vice
623 2354 767 2388 versa
819 2339 956 2389 locus
998 2341 1092 2390 'ille
1131 2341 1308 2390 Terrae
1361 2356 1448 2390 seu
1486 2340 1703 2404 globuli,
1760 2343 1807 2388 in
1849 2354 1991 2402 quem
2040 2339 2094 2397 fit
2132 2338 2372 2396 transitiO,

109 2409 349 2456 materiali
400 2410 664 2471 horizonti,
717 2414 802 2475 qui
852 2415 900 2460 in
941 2413 1149 2477 sphaera
1188 2420 1261 2463 est
1298 2415 1496 2475 unicus,
1542 2413 1790 2478 'applicari
1829 2413 2000 2474 debet,
2049 2427 2110 2461 ne
2151 2413 2214 2460 sit
2252 2425 2374 2474 opus

54 2529 62 2536 ,
110 2481 428 2531 inclinatione
466 2483 732 2533 horizontis
778 2486 1045 2535 materialis
1103 2493 1151 2537 et
1189 2489 1442 2537 eversione
1482 2487 1718 2552 sphaerae
1766 2484 2160 2552 perincommoda
2199 2489 2246 2532 et
2285 2484 2375 2532 ab·

49 2613 54 2619 ¹
108 2554 270 2615 surda,
312 2555 375 2603 ad
411 2558 822 2619 repraesentanda
859 2559 970 2608 loca
994 2560 1174 2609 Terrae
1214 2560 1408 2610 diversa
1449 2566 1504 2609 et·
1536 2560 1706 2609 dissita
1746 2576 1775 2610 a
1813 2561 1921 2610 loco
1961 2557 2371 2623 contemplatoris.

756 2674 846 2723 Dc
896 2676 1256 2752 vinisionc
1310 2676 1723 2725 Circulorum·

261 2772 523 2834 Quomodo
559 2781 840 2835 yeometrae
877 2776 1115 2826 dividunt
1152 2776 1438 2826 circulum?
1485 2775 1794 2825 Geometrica
1819 2773 1985 2823 circuli
2013 2774 2374 2839 divisio‘prima

111 2850 185 2894 est
222 2846 270 2892 in
312 2844 435 2893 duos
474 2847 803 2896 semicirculos
843 2854 890 2898 et
928 2851 974 2896 in
1015 2856 1227 2912 quatuor
1265 2850 1577 2913 quadrantes,
1618 2851 1733 2912 quia
1774 2848 1978 2910 quilibet
2015 2847 2259 2910 quadrans
2299 2854 2373 2897 est

110 2932 336 2966 mensura
375 2917 542 2979 anguli
582 2921 726 2968 unius
764 2924 896 2970 recti.
974 2921 1190 2986 Uterque
1231 2931 1329 2972 tam
1369 2921 1714 2981 semicirculus,
1758 2936 1904 2983 quam
1945 2920 2220 2983 quadrans,
2262 2935 2371 2970 cum

113 2998 360 3053 utcunque
413 2998 663 3053 secantur,
718 2993 871 3043 altera
911 3011 1021 3059 pars
1060 3012 1237 3046 nomen
1275 2996 1428 3045 habet
1465 3010 1605 3044 arcus
1646 2994 1724 3043 vel
1764 2994 1956 3054 anguli,
2008 2994 2161 3044 altera
2199 2994 2373 3044 dicitur

113 3063 520 3128 complementum
559 3080 700 3114 arcus
740 3066 819 3115 vel
846 3068 1015 3130 anguli
1053 3069 1116 3118 ad
1143 3068 1498 3119 semicirculum
1539 3067 1615 3116 vel
1657 3066 1990 3130 quadrantem.
2068 3068 2373 3119 Concisiores

112 3143 314 3186 vero·et
369 3137 636 3186 ordinarias
675 3139 1061 3203 subdivisiones,
1117 3142 1295 3206 quibus
1350 3142 1609 3189 innotescit
1666 3141 1914 3203 quantitas
1954 3141 2192 3204 cujusque
2231 3157 2372 3192 arcus

111 3210 190 3259 vel
231 3210 589 3274 complementi,
631 3218 911 3261 mutuantur
948 3221 1227 3277 geometrae
1268 3215 1330 3263 ab
1369 3214 1689 3274 astronomis,
1740 3212 2013 3263 dividentes
2052 3214 2284 3264 circulum
2324 3218 2372 3263 in

114 3283 219 3332 360
257 3291 419 3346 partes
458 3284 707 3346 aequales,

262 3357 405 3419 Quae
442 3364 512 3405 est
548 3373 705 3407 causa
743 3359 894 3415 huius
931 3358 1226 3408 divisionis?
1276 3359 1438 3407 Causa
1475 3359 1670 3418 gemina
1707 3364 1795 3408 est.
1869 3359 1994 3408 Nam
2034 3362 2242 3424 primum
2280 3375 2373 3409 na-

113 3429 221 3477 tura
258 3431 366 3493 ipsa
402 3437 660 3493 motusque
701 3430 827 3479 Solis
869 3437 917 3480 et
955 3431 1122 3480 Lunae
1149 3433 1357 3495 praeivit
1395 3433 1441 3479 in
1469 3430 1733 3482 dividendo
1760 3431 1989 3496 zodiaco;
2030 3432 2205 3483 deinde
2232 3435 2372 3495 ratio,

115 3508 339 3550 naturam
387 3503 549 3552 circuli
599 3504 949 3568 contemplata,
998 3503 1275 3568 supplevit,
1329 3504 1460 3568 quod
1509 3505 1791 3568 perfectioni
1843 3506 1992 3568 hujus
2047 3507 2304 3557 divisionis
2343 3522 2373 3557 a

115 3574 229 3624 Sole
270 3575 506 3639 Lunaque
545 3578 803 3626 affectatae
844 3577 1129 3626 decesserat.

255 3648 469 3710 Explica
506 3665 686 3698 causas
722 3651 982 3699 divisionis
1030 3650 1239 3699 zodiaci.
1302 3648 1707 3716 Animadversum
1747 3658 1849 3711 est,
1904 3653 2095 3701 interim
2134 3652 2246 3701 dum
2287 3652 2371 3701 Sol

115 3734 294 3768 annum
334 3722 538 3783 conficit,
585 3723 769 3771 Lunam
810 3723 871 3772 ad
896 3723 1057 3772 Solem
1096 3722 1252 3772 redire
1292 3722 1569 3785 duodecies,
1610 3726 1680 3773 sic
1719 3730 1898 3786 tamen,
1940 3731 1994 3774 ut
2032 3733 2142 3790 post
2181 3724 2371 3774 duode-

117 3794 293 3842 cimum
350 3794 558 3844 reditum
614 3796 773 3845 adhuc
830 3796 1013 3859 aliquid
1073 3795 1177 3844 Soli
1236 3794 1360 3846 desit
1414 3796 1478 3846 ad
1539 3798 1818 3847 absolutum
1874 3799 2039 3848 circuli
2100 3798 2369 3847 decursum.

117 3865 525 3918 Animadversum
572 3875 647 3919 est
700 3869 939 3931 secundo,
996 3870 1182 3918 interim
1234 3867 1347 3919 dum
1398 3869 1539 3920 Luna
1588 3886 1617 3920 a
1668 3870 1783 3922 Sole
1826 3871 2052 3936 ‘digressa
2097 3871 2158 3921 ad
2205 3870 2370 3922 Solem
