2554 4140
224 148 330 195 324
1049 140 1285 199 Epitomes
1316 141 1629 186 Astronomiae
1707 135 1710 138 ’

369 289 508 337 Num
559 291 709 336 etiam
756 303 788 335 a
832 289 1099 350 periodicis
1146 291 1455 352 temporibus
1498 291 1676 352 aliqua
1723 292 2013 351 conjectura
2064 290 2124 337 de
2171 290 2461 352 fiyurarum

224 363 604 423 interpositione
641 360 833 408 desumi
854 362 1047 423 potest?
1086 361 1266 410 Omnes
1294 362 1488 424 quidem
1515 365 1848 426 proportiones
1874 364 2195 424 temporariae
2222 370 2333 411 sunt
2357 377 2465 410 ma-

217 435 350 495 jores
389 434 780 496 proportionibus
828 449 1024 483 suarum
1075 436 1338 483 orbitarum
1389 441 1436 483 et
1473 437 1543 483 sic
1581 436 1728 483 etiam
1764 436 2162 499 proportionibus
2200 436 2299 483 suis
2337 434 2465 496 figu-

223 507 428 566 ralibus„
482 513 537 554 ut
582 512 717 568 parte
766 507 979 556 secunda
1025 507 1168 568 hujus
1209 507 1318 555 libri
1358 506 1702 569 explicabitur:
1755 515 1918 571 potest
1956 515 2119 557 tamen
2158 509 2304 556 etiam
2342 508 2466 555 inter

221 578 329 627 illas
367 581 567 640 agnosci
605 581 875 642 proprietas
911 579 1184 642 figuralium
1223 593 1318 627 non
1362 579 1632 628 difficulter.
1696 579 1833 630 Sicut
1872 582 1999 629 enim
2037 580 2312 643 figuralium
2349 593 2466 642 pro-

220 652 496 714 portionum
532 659 629 701 tres
666 658 803 713 sunt,
849 654 1061 701 maxima
1099 652 1293 713 quidem
1331 652 1575 712 solitaria,
1615 652 1777 703 media
1817 668 1931 702 vero
1970 659 2018 702 et
2054 655 2254 701 minima
2291 652 2467 701 ambae

220 725 492 786 geminatae
545 726 746 790 (quippe
797 725 883 773 illa
930 739 987 773 ex
1040 726 1184 772 unico
1223 724 1490 786 tetraedro,
1542 726 1638 773 ista
1684 733 1732 774 et
1772 741 1830 775 ex
1868 726 1993 774 cubo
2031 732 2081 774 et
2120 740 2179 774 ex
2219 723 2463 783 octaedro,
2509 751 2511 754 >

219 796 341 845 haec
392 803 440 844 et
488 811 547 845 ex
596 797 897 846 dodecaedro
946 803 994 845 et
1039 811 1097 844 ex
1136 795 1438 861 icosae'dro):
1489 798 1559 845 sic
1607 799 1753 847 etiam
1793 801 1916 846 inter
1952 797 2132 847 Jovem
2173 805 2220 847 et
2253 797 2465 861 ¹Martem

220 870 432 917 maxima
471 876 519 919 et
568 871 790 918 solitaria
840 875 912 917 est
964 875 1230 931 temporum
1278 871 1527 932 proportio
1582 870 1679 920 fere
1727 886 1787 920 ea
1835 885 1960 934 quae
2003 873 2031 919 6
2073 870 2135 919 ad
2178 874 2232 930 1,
2286 871 2467 932 quippe

220 956 456 990 annorum
504 944 564 990 12
606 941 668 990 ad
701 944 865 989 -minus
905 956 1052 1004 quam
1093 945 1150 998 2,
1201 949 1539 1004 argumentum
1578 943 1850 1007 interpositi
1888 943 2141 1005 tetrae‘dri;
2189 946 2312 992 inter
2349 957 2466 990 vero

222 1014 485 1063 Saturnum
525 1021 572 1063 et
610 1014 790 1063 Jovem
829 1016 1048 1076 interque
1087 1014 1326 1064 Venerem
1381 1022 1428 1063 et
1466 1015 1759 1065 Mercurium
1797 1018 2047 1079 proportio
2085 1022 2356 1079 temporum
2395 1021 2468 1063 cst

219 1090 376 1136 minor
428 1095 475 1135 et
522 1089 746 1149 utrinque
797 1086 896 1135 fere
936 1086 1136 1149 eadem,
1187 1094 1522 1150 argumentum
1561 1090 1953 1152 interpositorum
1993 1104 2246 1152 corporum
2283 1102 2468 1151 cogna-

220 1168 392 1221 torum,
434 1160 533 1208 illic
572 1160 697 1218 cubi,
739 1159 818 1207 hic
857 1159 1087 1221 octaedri,
1130 1175 1255 1223 quae
1291 1163 1652 1224 proportionem
1693 1163 1881 1211 orbium
1918 1176 2115 1211 suorum
2141 1162 2324 1211 faciunt
2349 1175 2468 1210 can-

221 1233 344 1282 dem.
421 1233 545 1281 Nam
592 1234 716 1280 sicut
761 1246 814 1280 se
862 1233 1045 1281 habent
1086 1235 1153 1282 30
1190 1236 1304 1282 anni
1342 1234 1536 1282 Saturni
1576 1234 1638 1282 ad
1684 1237 1745 1282 12
1786 1249 1940 1284 annos
1979 1234 2153 1294 Jovis‚
2205 1237 2276 1282 sic
2322 1247 2468 1296 quam

220 1307 436 1369 proxime
475 1319 527 1353 se
566 1305 748 1353 habent
789 1306 891 1354 225
934 1304 1037 1354 dies
1062 1305 1267 1355 Veneris
1305 1306 1367 1354 ad
1408 1307 1474 1354 88
1515 1305 1618 1355 dies
1642 1305 1894 1370 Mercurii;
1936 1308 2145 1372 denique
2185 1309 2308 1356 inter
2330 1306 2467 1354 Mar-

218 1386 314 1427 tem
363 1384 410 1426 et
448 1377 692 1437 Tellurem
741 1379 960 1440 interque
1011 1378 1136 1428 hanc
1188 1384 1236 1428 et
1271 1379 1511 1428 Venerem
1549 1381 1800 1442 proportio
1851 1386 2123 1443 temporum
2161 1387 2235 1429 est
2270 1381 2469 1428 minima

218 1464 502 1513 rursumque
539 1464 662 1514 pene
702 1450 872 1500 eadem
910 1452 1162 1514 utrinque,
1212 1457 1548 1514 argumentum
1591 1454 1861 1515 interpositi
1900 1453 2000 1502 illic
2037 1452 2351 1514 dodecae'dri,
2389 1451 2470 1500 hic

218 1522 477 1584 icosaedri,
532 1530 848 1586 cognatorum
895 1530 944 1572 et
992 1523 1209 1586 ejusdem
1248 1525 1576 1587 proportionis
1615 1539 1883 1588 corporum.
1959 1525 2085 1575 Nam
2123 1527 2247 1576 sicut
2285 1539 2338 1574 se
2377 1525 2470 1573 ha-

216 1598 332 1646 bent
373 1597 472 1644 687
527 1595 630 1645 dies
669 1595 842 1645 Martis
892 1595 955 1644 ad
1004 1598 1107 1645 365
1157 1595 1215 1664 ¹s4
1254 1597 1487 1659 Telluris,
1538 1599 1608 1647 sic
1656 1597 1760 1647 dies
1809 1599 1911 1647 365
1959 1595 2023 1666 ¹s4
2073 1614 2126 1649 se
2174 1599 2359 1648 habent
2406 1596 2468 1646 ad

222 1671 348 1731 194,
401 1683 511 1718 cum
548 1669 717 1718 Venus
757 1668 938 1717 habeat
973 1683 1060 1732 pro
1099 1669 1175 1717 his
1213 1669 1316 1719 dies
1357 1671 1490 1731 225,
1527 1670 1714 1721 scilicet
1751 1671 2004 1734 aliquanto
2043 1671 2180 1735 plus,
2219 1672 2467 1719 minimam

216 1742 399 1791 faciens
438 1744 653 1790 omnium
690 1742 816 1791 hanc
854 1744 1193 1805 temporariam
1231 1745 1607 1806 proportionem.
1674 1744 1866 1794 Causae
1904 1745 2123 1795 tantulae
2163 1743 2468 1793 dissimilitu-

218 1815 343 1864 dinis
381 1815 685 1877 explicantur
717 1814 884 1863 Harm
925 1815 1010 1864 lib.
1051 1815 1112 1863 V.

364 1887 504 1936 Num
543 1887 691 1937 aliud
725 1888 874 1936 habes
911 1885 1282 1948 documentum,
1318 1894 1523 1949 praeter
1561 1889 1692 1937 illud
1716 1904 1776 1939 ex
1797 1888 2090 1951 fiyurauum
2116 1889 2314 1938 duabus
2338 1888 2468 1936 clas-

216 1960 371 2022 sibus,
423 1961 557 2023 ylobi
602 1961 813 2010 Telluris
862 1963 918 2009 in
967 1959 1182 2010 locando
1223 1963 1563 2023 praecipuam
1610 1965 1865 2012 rationem
1914 1962 2179 2011 habitam?
2230 1960 2467 2025 Equidem

217 2034 467 2082 fortuitum
504 2048 599 2082 non
639 2040 738 2095 est,
779 2033 911 2097 quod
948 2033 1182 2095 Telluris,
1221 2033 1370 2082 medii
1407 2033 1649 2097 planetae,
1688 2034 1901 2084 medium
1938 2034 2248 2084 intervallum
2287 2049 2318 2083 a
2353 2032 2468 2082 Sole

216 2108 433 2169 praecise
471 2106 732 2156 admodum
771 2107 1017 2155 invenitur
1053 2107 1214 2156 medio
1252 2106 1362 2155 loco
1400 2107 1765 2170 proportionale
1803 2109 1928 2155 inter
1957 2107 2130 2156 Martis
2167 2108 2467 2172 superiorum
2545 2112 2548 2114 ’

218 2179 370 2227 infimi
419 2179 728 2228 intervallum
779 2179 1122 2228 brevissimum
1171 2185 1219 2228 et
1266 2178 1473 2228 Veneris
1524 2180 1802 2229 inferiorum
1856 2182 2068 2243 supremi
2114 2179 2466 2243 longissimum.

218 2252 342 2301 Nam
382 2258 435 2299 ut
472 2267 618 2315 supra
657 2253 865 2313 dictum,
914 2254 1127 2315 spatium
1175 2253 1298 2301 inter
1335 2251 1545 2301 Martem
1595 2260 1643 2302 et
1679 2252 1919 2303 Venerem
1957 2267 2044 2316 pro
2084 2253 2277 2302 Tellure
2316 2251 2464 2301 relin-

220 2325 459 2387 quebatur
506 2339 591 2388 per
641 2326 978 2388 inscriptiones
1023 2325 1252 2388 figurales
1300 2324 1602 2374 indefinitum
1654 2331 1703 2374 et
1739 2325 1903 2374 laxum
1942 2332 1990 2374 et
2026 2327 2097 2374 sic
2134 2325 2367 2387 liberum,
2419 2326 2466 2372 in

220 2411 318 2460 quo
356 2396 619 2447 dividendo
657 2413 743 2461 per
781 2398 945 2446 orbem
983 2397 1194 2447 Telluris
1233 2397 1314 2447 vel
1351 2397 1474 2447 haec
1515 2397 1594 2447 vel
1633 2397 1732 2447 alia
1767 2400 2037 2461 proporti0,
2083 2400 2124 2447 si
2162 2398 2333 2449 melior
2370 2397 2468 2446 alia

217 2471 402 2532 fuisset,
443 2472 644 2534 exprimi
682 2477 862 2534 posset.
939 2469 1133 2519 Medius
1171 2472 1320 2532 igitur
1356 2471 1449 2519 iste
1489 2470 1717 2520 classium
1753 2471 2052 2534 figuralium,
2093 2471 2282 2521 medius
2319 2485 2468 2534 supe-

217 2544 396 2593 riorum
436 2549 484 2593 et
521 2544 798 2592 inferiorum
835 2542 1142 2606 planetarum
1179 2545 1354 2607 paries,
1393 2543 1605 2594 mediare
1643 2546 1790 2593 etiam
1828 2546 2120 2608 geometrice
2161 2544 2343 2595 debuit.

369 2616 507 2680 Quid
541 2619 702 2679 iyitur
737 2616 962 2679 definivit
996 2620 1219 2680 spatium
1255 2617 1400 2677 illud,
1442 2616 1580 2680 quod
1612 2631 1719 2666 non
1755 2617 2058 2681 definierunt
2081 2615 2466 2680 inscriptiones?

218 2689 323 2736 Etsi
361 2696 434 2738 est
471 2690 626 2751 figura
666 2689 906 2752 quaedam
945 2695 1103 2750 aucta,
1142 2689 1479 2739 dodecae‘dron
1518 2690 1707 2739 scilicet
1742 2690 2032 2752 aculeatum,
2074 2705 2200 2754 quae
2230 2690 2325 2740 hoc
2350 2703 2467 2752 spa-

219 2764 338 2809 tium
378 2761 751 2826 deprehenditur
790 2762 988 2811 definire
1026 2769 1126 2811 tam
1164 2769 1404 2823 accurate,
1444 2777 1591 2826 quam
1632 2765 1844 2825 spatium
1884 2765 2007 2812 inter
2040 2762 2219 2813 Jovem
2259 2770 2307 2812 et
2333 2762 2468 2810 Mar-

221 2841 316 2883 tem
357 2834 580 2884 definitur
617 2850 648 2884 a
685 2835 943 2896 tetrae‘dro,
982 2850 1072 2885 nec
1110 2835 1241 2885 illius
1280 2835 1590 2899 imperfectae
1627 2835 1811 2899 figurae
1850 2837 2112 2885 associatio
2146 2837 2207 2886 ad
2234 2840 2466 2899 cognatas

220 2921 359 2969 suaS,
401 2907 735 2957 dodecaedron
776 2914 825 2958 et
861 2907 1163 2970 icosae'dron,
1203 2923 1294 2957 sua
1332 2910 1520 2957 ratione
1559 2922 1721 2958 carere
1761 2908 1976 2958 videtur:
2016 2915 2178 2958 tamen
2217 2923 2306 2958 nec
2345 2909 2467 2957 haec

219 2994 310 3028 nec
347 2994 666 3045 quaecunque
706 2981 804 3030 alia
842 2983 1003 3045 spatia
1039 2981 1176 3030 solae
1213 2981 1398 3043 figurae
1438 2980 1673 3030 definiunt
1719 2988 1916 3043 exacte,
1977 2981 2064 3032 sed
2110 2983 2331 3032 relictum
2378 2981 2469 3030 fuit

219 3052 313 3101 hoc
350 3068 525 3102 munus
562 3055 751 3104 ornatui
790 3054 1074 3104 harmonico
1111 3060 1360 3116 motuum,
1415 3056 1500 3118 qui
1552 3055 1646 3104 sibi
1696 3054 1968 3118 postulavit
2004 3054 2220 3118 aliquam
2258 3057 2306 3103 in
2346 3052 2470 3103 defi-⁵

221 3125 409 3174 niendis
450 3136 618 3178 exacte
656 3129 828 3191 spatiis
866 3127 1000 3177 hisce
1037 3127 1325 3178 libertatem.

311 3241 399 3291 IV.
469 3244 567 3292 De
614 3245 1216 3306 praecipuorum
1267 3242 1521 3291 mundi
1578 3255 1978 3306 corporum
2031 3243 2245 3292 inter
2295 3256 2371 3292 se
2458 3246 2554 3319 ,

995 3315 1676 3380 proportionibus.

377 3415 514 3464 Unde
551 3431 711 3465 censes
746 3420 951 3466 initium
988 3418 1283 3481 faciendum
1321 3432 1418 3467 esse
1453 3416 1735 3480 indaqandi
1773 3430 2044 3478 corporum
2078 3411 2470 3479 proportiones?
2550 3404 2554 3463 }

224 3488 271 3536 A
309 3488 528 3548 Tellure,
586 3485 633 3553 1)
676 3495 731 3536 ut
780 3489 1025 3539 domicilio
1077 3498 1326 3540 creaturae
1378 3488 1812 3553 contemplatrieiS,
1869 3487 1922 3552 2)
1962 3489 2277 3552 ejusdemque
2324 3489 2467 3537 etiam
2550 3492 2554 3499 '

225 3563 447 3624 imaginis
485 3561 579 3608 Dei
618 3563 859 3622 creatoriS‚
902 3563 954 3626 3)
994 3562 1200 3625 legimus
1240 3565 1367 3612 enim
1405 3565 1454 3610 in
1493 3563 1660 3611 divino
1692 3561 1849 3622 Mose,
1890 3562 2021 3623 quod
2058 3564 2198 3610 initio
2236 3558 2468 3611 creaverit
2520 3560 2551 3625 ¹¹

223 3634 361 3683 Deus
399 3632 601 3682 Coelum
639 3639 687 3681 et
724 3633 936 3682 Terram.
1014 3635 1067 3698 4)
1105 3637 1194 3684 Est
1242 3638 1390 3685 etiam
1427 3635 1638 3685 Telluris
1685 3634 1814 3683 orbis
1853 3634 2067 3683 medium
2103 3634 2307 3698 figurale
2346 3634 2467 3680 inter
2543 3631 2550 3678 ’ἶ

224 3707 448 3770 planetas
487 3712 535 3755 et
571 3706 838 3755 communis
877 3706 1070 3754 illorum
1106 3711 1366 3768 maceries,
1421 3715 1470 3757 et
1506 3710 1631 3757 inter
1664 3706 1783 3755 fines
1821 3706 2127 3768 planetarum
2164 3708 2465 3769 superiorum
2543 3716 2548 3732 ⁸

225 3780 595 3841 inferiorumque
654 3780 802 3827 etiam
858 3781 1202 3840 geometricum
1257 3781 1468 3831 medium
1497 3778 1896 3844 proportionale.
1996 3777 2046 3846 5)
2083 3781 2309 3843 Denique
2360 3779 2466 3839 ipsa

226 3852 406 3902 fabrica
441 3851 807 3916 proportionum
844 3849 1015 3901 harum
1054 3851 1232 3903 clamat
1269 3854 1399 3904 elata
1437 3867 1572 3916 voce,
1614 3853 1776 3903 Deum
1814 3858 2078 3903 creatorem
2102 3854 2152 3901 in
2189 3862 2465 3903 accommo-
