2554 4140
201 121 304 169 448
1031 110 1270 167 Epitomes
1299 111 1617 156 Astronomiae

201 278 358 312 causa
409 259 749 309 diversitatis?
821 257 952 320 Quia
1002 258 1128 307 duae
1176 258 1283 320 jam
1332 257 1478 306 modo
1531 258 1690 308 dictae
1742 273 1918 308 causae
1969 275 2135 309 arcum
2185 262 2233 308 in
2283 260 2455 309 humili

207 336 565 393 abbreviantes,
607 335 654 379 in
698 334 1062 395 comparatione
1100 331 1402 379 diversorum
1430 330 1734 394 planetarum
1772 347 1867 380 non
1895 339 2108 396 aequant
2132 335 2231 381 vim
2259 336 2456 396 primae,
2550 393 2554 405 Ι

201 423 366 457 arcum
419 408 461 455 ei
516 400 687 454 humili
737 405 940 467 longum
991 405 1182 465 dantis;
1231 409 1282 451 at
1334 406 1380 450 in
1433 418 1531 452 uno
1584 404 1752 466 aliquo
1799 420 1966 460 secum
2004 408 2110 470 ipso
2160 415 2456 469 comparato,

199 482 383 544 primae
434 478 658 528 effectum
707 483 955 540 superant.
1033 477 1151 524 Cum
1205 478 1332 523 enim
1384 477 1559 525 ambae
1620 476 1867 540 pendeant
1917 494 1947 527 a
1994 479 2280 540 velocitate,
2337 479 2458 527 haec

197 551 718 610 velocitasffinferioris
757 565 816 599 ex
856 549 1047 598 duobus
1087 554 1161 597 est
1200 547 1507 597 solummodo
1545 550 1796 613 sesquiplo
1835 551 2006 614 majori
2047 553 2094 598 in
2129 554 2457 617 proportione,

200 641 346 689 quam
385 625 725 687 propinquitas
762 622 1022 683 intervalli,
1063 627 1118 669 ut
1154 620 1278 668 libro
1317 621 1406 668 IV.
1445 621 1529 670 sol.
1573 623 1692 673 350.
1735 622 2234 686 demonstratum3‘at
2273 627 2321 671 in
2360 639 2457 673 uno

203 704 251 748 et
290 697 461 749 eodem
498 697 714 760 planeta,
753 695 966 744 inferiori
1004 695 1152 752 facte,
1193 692 1430 742 velocitas
1458 696 1587 744 circa
1614 701 1831 743 centrum
1856 695 1987 744 Solis
2025 704 2099 746 est
2134 697 2279 760 plane
2307 695 2457 761 duplo

203 771 402 834 majoris
441 764 768 835 proportionis
808 782 954 830 quam
992 767 1355 830 propinquitas3
1410 767 1539 830 quod
1588 768 1947 817 demonstratur
1992 769 2119 819 libro
2159 770 2328 820 itidem
2366 769 2456 820 IV.

197 845 280 894 fol.
323 845 442 892 351.
486 845 608 892 373.
646 847 1004 904 usurpaturque
1039 839 1165 887 libro
1204 839 1266 888 V.

347 929 485 993 Quid
511 927 636 977 hine
671 930 900 990 sequitur
934 928 993 974 in
1023 925 1264 987 planetas
1299 929 1581 987 superiores
1617 929 1944 982 coniunctos?
2016 932 2228 981 Saturno
2256 932 2453 995 quidem

208 1003 390 1052 directo
439 1004 585 1052 ceteri
627 1002 769 1063 jungi
814 1013 909 1047 non
949 1002 1184 1061 possunt,
1232 999 1324 1045 nisi
1374 1007 1422 1047 et
1471 1000 1563 1062 ipsi
1618 1000 1817 1067 directi,
1872 1010 1920 1053 et
1972 1005 2119 1054 Marti
2176 1006 2458 1069 retrogrado

200 1078 342 1126 ceteri
382 1089 478 1123 non
518 1075 611 1122 nisi
650 1079 696 1123 et
736 1075 828 1135 ipsi
868 1071 1150 1134 retrogradi.
1224 1071 1293 1118 At
1317 1069 1526 1120 Saturno
1552 1075 1834 1135 retrogrado
1868 1080 2107 1140 contingit
2133 1080 2280 1127 etiam
2312 1079 2454 1142 jungi

198 1149 378 1199 Jovem
418 1155 466 1196 et
504 1147 712 1196 Martem
751 1146 976 1206 directos,
1017 1146 1090 1193 sic
1126 1144 1273 1193 etiam
1311 1142 1431 1193 Jovi
1468 1148 1751 1208 retrogrado
1790 1149 1998 1200 Martem
2039 1152 2292 1201 directum.

348 1222 521 1306 Quare
571 1220 879 1280 luminaria,
931 1218 1019 1267 Sol
1065 1223 1111 1266 et
1148 1217 1330 1278 Luna,
1387 1231 1493 1267 non
1538 1221 1692 1268 ctiam
1741 1222 1875 1284 fiunt
1919 1224 2259 1287 retroqrada?
2346 1224 2457 1274 Non
2518 1251 2525 1262 -

198 1294 327 1356 ide0,
369 1296 485 1357 quia
521 1292 781 1341 luminaria
819 1296 955 1352 sunt,
1005 1290 1091 1340 sed
1130 1289 1360 1354 quodque
1398 1305 1537 1339 suam
1574 1292 1638 1340 ob
1677 1307 1903 1356 causam3
1943 1296 2028 1346 Sol
2069 1296 2289 1360 quidem,
2341 1296 2505 1360 quia-¹

205 1368 357 1426 Terra
405 1366 545 1414 illum
585 1366 916 1428 quiescentem
957 1365 1200 1425 circumit,
1251 1378 1419 1412 omnes
1471 1365 1620 1427 igitur
1658 1369 1845 1418 visivae
1894 1384 2000 1419 sese
2042 1376 2212 1419 secant
2263 1372 2309 1417 in
2349 1372 2457 1434 ipso

206 1441 320 1490 Sole
360 1445 408 1489 et
446 1440 515 1489 sic
552 1453 742 1502 semper
778 1440 827 1485 in
866 1436 1038 1487 eadem
1076 1433 1230 1486 Solis
1242 1435 1417 1499 plaga,
1469 1451 1717 1500 nunquam
1757 1442 1804 1488 in
1845 1445 2113 1505 contraria3
2159 1443 2300 1492 Luna
2339 1457 2457 1493 vero

198 1500 325 1574 ideo,
365 1514 482 1598 quia
518 1514 625 1575 ipsa
660 1512 861 1561 Terram
899 1518 1113 1562 euntem
1132 1510 1366 1570 circumit,
1405 1523 1596 1574 semper
1636 1512 1851 1564 velocior
1889 1518 2014 1566 circa
2048 1515 2269 1578 Terram,
2308 1531 2455 1580 quam

2533 1592 2543 1610 ι

200 1587 350 1636 Terra
389 1587 518 1634 circa
556 1584 744 1646 Solem,
774 1585 869 1633 ubi
908 1585 1159 1631 minimum
1198 1581 1490 1647 undecuplo.

347 1658 574 1707 Nullane
612 1659 719 1707 alia
757 1672 818 1707 cx
854 1657 1108 1721 hypothesi
1140 1662 1356 1718 possunt
1386 1669 1570 1705 causae
1606 1657 1751 1706 reddi
1774 1659 1960 1710 harum
1990 1661 2460 1724 apparentiam?
2509 1627 2540 1715 ,δ

199 1731 378 1781 Omnia
428 1731 550 1781 haec
603 1738 651 1781 et
701 1729 896 1795 singula
932 1735 1201 1793 sequuntur
1239 1743 1356 1778 sane
1396 1731 1543 1778 etiam
1597 1742 1655 1779 ex
1708 1731 1969 1796 hypothesi
2009 1735 2217 1797 Brahei,
2270 1737 2319 1784 in
2360 1749 2459 1800 qua

197 1806 499 1868 relinquatur
537 1803 734 1868 quidem
785 1803 955 1853 eadem
995 1802 1249 1867 dispositio
1288 1801 1455 1850 mundi
1492 1802 1688 1852 mobilis
1736 1812 1784 1855 et
1832 1807 1882 1854 in
1924 1808 2030 1871 ejus
2068 1808 2230 1858 medio
2282 1822 2458 1874 corpus
2528 1795 2554 1879 ἴς

198 1877 358 1939 Solis,
407 1881 454 1926 in
496 1892 593 1940 quo
635 1879 774 1927 orbes
814 1890 982 1925 omncs
1021 1875 1174 1925 veluti
1214 1877 1456 1924 communi
1495 1877 1639 1925 clavo
1675 1879 1783 1927 sint
1821 1882 2056 1943 connexi,
2107 1887 2160 1931 at
2196 1895 2282 1947 pro
2320 1887 2456 1932 motu
2528 1903 2554 1927 Δ,

203 1952 383 2000 Terrae
422 1965 585 1999 annuo
625 1952 751 1999 circa
790 1949 955 1999 Solem
994 1948 1080 1999 Sol
1130 1950 1342 1998 vicissim
1382 1950 1509 1998 circa
1547 1948 1747 1999 Terram
1787 1958 1891 2012 cat,
1942 1960 2144 2018 gestans
2195 1961 2242 2005 et
2282 1954 2458 2005 luxans
2528 1963 2549 2015 ’,

197 2030 353 2074 totum
392 2030 607 2089 systema
644 2023 995 2089 planetarium;
1033 2021 1228 2085 qualem
1266 2022 1531 2071 luxationis
1557 2030 1740 2072 motum
1782 2023 2025 2090 depictum
2060 2027 2215 2077 habes
2251 2027 2339 2077 lib.
2366 2025 2456 2076 IV.
2497 2026 2513 2078 ,⁴

203 2098 287 2149 sol.
335 2097 456 2147 354.
534 2095 645 2159 Qua
681 2095 929 2161 Tychonis
967 2095 1144 2145 Brahei
1193 2094 1452 2159 hypothesi
1502 2097 1572 2145 sic
1613 2104 1828 2147 correcta
1875 2100 2053 2150 satisfit
2100 2102 2456 2163 astronomiae3
2515 2094 2526 2164 ]

110 2207 117 2212 -
198 2177 250 2220 at
287 2168 404 2232 quid
426 2164 503 2219 'ex
538 2169 744 2234 physica
779 2170 937 2232 possit
973 2170 1173 2234 opponi,
1211 2169 1494 2231 praesertim
1532 2167 1593 2217 de
1632 2173 1967 2233 penetratione
2002 2175 2254 2237 regionum
2279 2173 2454 2223 Martis

199 2249 246 2294 et
284 2242 428 2303 Solis,
469 2241 528 2291 de
566 2242 660 2291 hoc
695 2242 810 2291 vide
849 2241 979 2291 dicto
1017 2240 1155 2306 loco,
1193 2242 1477 2304 praesertim
1515 2240 1599 2291 sol.
1641 2243 1762 2294 356.

349 2315 488 2380 Quid
523 2322 592 2364 est
628 2316 895 2365 anomalia
932 2317 1357 2375 commutationis,
1398 2314 1525 2377 quid
1546 2315 1799 2378 elonyatio
1836 2333 1871 2366 a
1897 2318 2011 2367 Sole
2050 2325 2095 2367 et
2120 2320 2232 2381 quis
2258 2319 2457 2367 utrius-

202 2405 298 2452 que
345 2388 606 2451 anyulus?
677 2388 802 2438 Sunt
854 2402 995 2437 arcus
1049 2386 1301 2451 eclipticae
1351 2402 1382 2435 a
1434 2401 1550 2436 vero
1597 2387 1709 2437 loco
1748 2388 1880 2439 Solis
1928 2393 1975 2439 in
2017 2406 2075 2440 ca
2114 2393 2354 2440 numerati
2403 2392 2454 2438 in
2505 2426 2512 2443 .

205 2463 586 2525 consequentia,
609 2461 693 2511 ille
731 2475 887 2524 usque
925 2459 987 2510 ad
1026 2459 1256 2523 planetae
1292 2458 1454 2508 locum
1481 2463 1798 2511 eccentricum
1825 2465 1871 2510 in
1901 2465 2140 2528 ecliptica,
2181 2466 2274 2514 iste
2301 2477 2461 2527 usque.

201 2535 263 2584 ad
303 2540 617 2599 apparentem
658 2549 746 2584 seu
783 2536 942 2582 visum
982 2532 1209 2596 planetae
1236 2533 1416 2583 locum.
1491 2534 1718 2596 Angnlus
1743 2550 1860 2585 vero
1889 2540 2141 2601 utriusque
2179 2542 2460 2587 numeratur
2499 2567 2515 2576 .,

199 2609 281 2657 vel
317 2611 364 2656 in
408 2609 757 2671 consequentia
793 2622 824 2656 a
850 2606 959 2656 loco
984 2605 1128 2666 Solis,
1173 2605 1248 2655 vel
1276 2607 1323 2654 in
1352 2606 1706 2669 antecedentia,
1746 2614 1800 2657 ut
1835 2611 1899 2658 sit
1936 2625 2127 2674 semper
2162 2612 2321 2659 minor
2343 2621 2492 2674 griv-⁴

202 2682 343 2731 dibus
376 2682 493 2730 180.
554 2682 894 2743 Dicunturque
932 2695 962 2728 a
999 2681 1145 2728 rebus
1185 2680 1327 2742 ipsis,
1367 2679 1450 2728 ille
1484 2681 1695 2743 angulus
1733 2682 1796 2730 ad
1821 2682 2000 2745 Solem,
2040 2686 2133 2734 iste
2159 2683 2369 2746 angulus
2393 2678 2467 2732 ad·
2553 2702 2554 2711 ¹

199 2755 414 2804 Terram.
456 2758 509 2802 In
525 2757 752 2803 schemate
767 2758 841 2804 85.
858 2756 934 2801 TC
950 2755 1155 2807 estlinea
1170 2757 1262 2802 veri
1278 2756 1366 2802 loci
1383 2755 1518 2813 Solis,
1550 2755 1653 2801 Sole
1674 2758 1720 2802 in
1738 2758 1782 2811 S,
1812 2758 1997 2816 planeta
2020 2771 2126 2804 vero
2157 2758 2203 2802 in
2222 2758 2258 2802 P
2289 2756 2454 2815 posito,

181 2825 308 2869 'SPL
341 2828 412 2868 est
442 2823 562 2868 linea
591 2822 679 2868 loci
711 2823 955 2867 eccentrici
991 2821 1203 2878 planetae
1233 2822 1279 2866 in
1310 2821 1543 2879 ecliptica,
1583 2823 1630 2867 in
1659 2824 1801 2868 veteri
1839 2824 1987 2884 forma
2015 2829 2138 2870 esset
2166 2823 2270 2879 TN,
2315 2821 2456 2879 ipsiu

201 2892 270 2937 SL
301 2890 539 2948 paraHeIa,
579 2895 626 2934 et
655 2889 773 2935 TPV
805 2893 876 2933 est
905 2889 1027 2933 linea
1055 2887 1139 2933 visi
1169 2888 1256 2934 loci
1287 2887 1519 2945 planetae3
1563 2901 1702 2946 quare
1733 2888 1842 2934 CSL
1882 2894 1953 2934 est
1983 2888 2178 2945 angulus
2216 2891 2456 2934 commum

199 2958 347 3013 tionis,
380 2957 494 3003 CTV
524 2957 716 3013 angulus
745 2954 1061 3013 elongationis.

350 3032 612 3097 Quomodo
649 3035 912 3081 invenitur
949 3032 1173 3094 annulus
1210 3030 1504 3079 anomaliae
1529 3030 1976 3080 commutationis?
2049 3030 2311 3078 Subtracto
2348 3028 2480 3097 loeo,

206 3109 314 3155 viso
353 3106 481 3155 Solis
529 3121 560 3154 a
605 3105 715 3155 loco
764 3107 1033 3155 eccentrico
1084 3103 1312 3167 planetae
1363 3102 1425 3152 ad
1478 3104 1750 3167 eclipticam
1800 3103 2029 3166 reduct03
2079 3102 2159 3152 vel
2207 3102 2357 3166 hujus
2391 3101 2455 3159 ab
2542 3113 2551 3134 ⁵

202 3180 315 3238 illo,
353 3185 407 3227 ut
441 3178 626 3228 scilicet
662 3181 822 3227 minus
862 3175 1166 3228 semicirculo
1204 3175 1519 3238 relinquatur.

352 3252 488 3315 Quid
524 3259 593 3300 est
626 3253 914 3315 parallaxis
952 3250 1122 3302 orbis?
1147 3245 1214 3314 Ἡ)
1285 3249 1373 3298 Est
1418 3248 1691 3299 differentia
1728 3248 2016 3312 angulorum
2062 3246 2452 3300 commutationis

204 3330 252 3373 et
289 3323 640 3386 elongatiorriS‚
692 3325 1063 3388 appellaturque
1104 3323 1250 3373 etiam
1290 3322 1500 3384 angulus
1539 3322 1602 3370 ad
1639 3322 1913 3386 planetam,
1961 3323 2009 3368 in
2050 3321 2297 3370 schemate
2335 3316 2461 3369 ΤΡ8Ἰ

203 3396 285 3445 vel
322 3397 466 3444 PTN.
544 3397 762 3462 Cumque
801 3397 1066 3461 parallaxis
1103 3410 1278 3460 graece
1318 3397 1380 3444 sit
1418 3395 1574 3457 idem,
1621 3394 1754 3458 quod
1789 3395 1941 3443 latine
1981 3395 2317 3454 commutatio,
2369 3396 2453 3443 θεὲ

204 3468 363 3518 venda
419 3474 494 3517 est
544 3471 864 3532 ambiguitas3
911 3477 1170 3532 utrumque
1210 3475 1285 3517 est
1321 3469 1552 3530 angulus,
1603 3467 1687 3518 ille
1725 3467 2000 3517 anomaliae
2047 3465 2451 3524 commutationis)

203 3542 283 3591 hic
335 3545 725 3591 commutationis
774 3545 942 3605 ipsius.
1019 3541 1164 3591 Orbis
1213 3555 1331 3590 vero
1383 3556 1491 3590 cum
1544 3541 1744 3600 dicitur,
1795 3540 2108 3603 subintellige
2159 3538 2323 3601 magni
2374 3533 2452 3595 ve}

204 3616 355 3675 annui
393 3613 623 3674 Telluris,
667 3618 782 3676 qnia
819 3617 898 3664 hic
939 3617 1068 3665 orbis
1108 3615 1243 3663 illam
1269 3617 1550 3677 apparentis
1589 3613 1681 3662 loci
1710 3614 2139 3661 commutationem
2178 3626 2267 3662 seu
2292 3610 2451 3661 trans·

202 3689 435 3737 lationem
474 3702 532 3735 ex
573 3687 612 3734 L
650 3689 698 3734 in
738 3688 784 3735 V
823 3695 1065 3737 causatur.
1143 3686 1437 3749 Quanquam
1486 3687 1580 3735 bac
1626 3685 1867 3748 parallaxi
1916 3689 1963 3733 in
2016 3684 2222 3734 Tabulis
2259 3680 2448 3778 Rudol-

203 3762 365 3826 phinis
402 3761 603 3810 seorsim
640 3774 738 3807 non
777 3762 970 3811 utimur

355 3841 565 3906 Quanta
584 3846 652 3888 est
687 3842 919 3888 maxima
939 3841 1227 3902 paraliae-is
1263 3839 1396 3888 orbis
1431 3841 1488 3886 in
1514 3835 1760 3899 sinyulis?
1806 3835 1864 3883 In
1890 3836 2099 3886 Saturno
2138 3841 2213 3885 est
2238 3833 2449 3894 minima,
