<?xml version="1.0" encoding="UTF-8"?>
<!DOCTYPE html PUBLIC "-//W3C//DTD XHTML 1.0 Transitional//EN"
    "http://www.w3.org/TR/xhtml1/DTD/xhtml1-transitional.dtd">
<html xmlns="http://www.w3.org/1999/xhtml" xml:lang="en" lang="en">
 <head>
  <title>
</title>
<meta http-equiv="Content-Type" content="text/html;charset=utf-8" />
  <meta name='ocr-system' content='tesseract 3.04.00' />
  <meta name='ocr-capabilities' content='ocr_page ocr_carea ocr_par ocr_line ocrx_word'/>
</head>
<body>
  <div class='ocr_page' id='page_1' title='image "./operaomniaedidit06kepluoft_0023.png"; bbox 0 0 2560 4100; ppageno 0'>
   <div class='ocr_carea' id='block_1_1' title="bbox 1035 86 2431 140">
    <p class='ocr_par' dir='ltr' id='par_1_1' title="bbox 1035 86 2431 140">
     <span class='ocr_line' id='line_1_1' title="bbox 1035 86 2431 140; baseline -0.007 -6"><span class='ocrx_word' id='word_1_1' title='bbox 1035 87 1321 134; x_wconf 84' lang='lat' dir='ltr'>Prooemium</span> <span class='ocrx_word' id='word_1_2' title='bbox 1342 86 1562 133; x_wconf 74' lang='lat' dir='ltr'>Editoris.</span> <span class='ocrx_word' id='word_1_3' title='bbox 2094 110 2097 113; x_wconf 59' lang='lat'><strong>&gt;</strong></span> <span class='ocrx_word' id='word_1_4' title='bbox 2174 122 2179 126; x_wconf 90' lang='lat'>.</span> <span class='ocrx_word' id='word_1_5' title='bbox 2399 87 2431 140; x_wconf 80' lang='lat'>9</span> 
     </span>
    </p>
   </div>
   <div class='ocr_carea' id='block_1_2' title="bbox 169 230 2494 1625">
    <p class='ocr_par' dir='ltr' id='par_1_2' title="bbox 172 230 2436 521">
     <span class='ocr_line' id='line_1_2' title="bbox 176 230 2436 305; baseline -0.003 -16"><span class='ocrx_word' id='word_1_6' title='bbox 176 240 492 305; x_wconf 81' lang='lat' dir='ltr'><strong>hypotheses.</strong></span> <span class='ocrx_word' id='word_1_7' title='bbox 569 230 946 286; x_wconf 86' lang='lat' dir='ltr'>Revolutionem</span> <span class='ocrx_word' id='word_1_8' title='bbox 985 236 1163 287; x_wconf 90' lang='lat' dir='ltr'>Terrae</span> <span class='ocrx_word' id='word_1_9' title='bbox 1202 237 1424 286; x_wconf 85' lang='lat' dir='ltr'>diurnam</span> <span class='ocrx_word' id='word_1_10' title='bbox 1470 236 1598 286; x_wconf 90' lang='lat' dir='ltr'>circa</span> <span class='ocrx_word' id='word_1_11' title='bbox 1646 250 1788 284; x_wconf 90' lang='lat' dir='ltr'>suum</span> <span class='ocrx_word' id='word_1_12' title='bbox 1828 252 1970 287; x_wconf 88' lang='lat' dir='ltr'>axem</span> <span class='ocrx_word' id='word_1_13' title='bbox 2007 242 2254 298; x_wconf 86' lang='lat' dir='ltr'>astruens,</span> <span class='ocrx_word' id='word_1_14' title='bbox 2304 236 2436 286; x_wconf 90' lang='lat' dir='ltr'>veri-</span> 
     </span>
     <span class='ocr_line' id='line_1_3' title="bbox 172 304 2436 397; baseline -0.001 -35"><span class='ocrx_word' id='word_1_15' title='bbox 172 313 328 362; x_wconf 89' lang='lat' dir='ltr'>simile</span> <span class='ocrx_word' id='word_1_16' title='bbox 368 326 474 361; x_wconf 89' lang='lat' dir='ltr'>esse</span> <span class='ocrx_word' id='word_1_17' title='bbox 512 315 690 371; x_wconf 91' lang='lat' dir='ltr'>censet,</span> <span class='ocrx_word' id='word_1_18' title='bbox 730 304 944 373; x_wconf 82' lang='lat' dir='ltr'>reliquos</span> <span class='ocrx_word' id='word_1_19' title='bbox 984 326 1180 397; x_wconf 82' lang='lat' dir='ltr'>quoque</span> <span class='ocrx_word' id='word_1_20' title='bbox 1218 311 1441 374; x_wconf 83' lang='lat' dir='ltr'>planetas</span> <span class='ocrx_word' id='word_1_21' title='bbox 1482 310 1700 358; x_wconf 91' lang='lat' dir='ltr'>converti</span> <span class='ocrx_word' id='word_1_22' title='bbox 1739 311 1865 360; x_wconf 86' lang='lat' dir='ltr'>circa</span> <span class='ocrx_word' id='word_1_23' title='bbox 1902 326 2020 360; x_wconf 92' lang='lat' dir='ltr'>suos</span> <span class='ocrx_word' id='word_1_24' title='bbox 2058 325 2190 360; x_wconf 77' lang='lat' dir='ltr'>axeS.</span> <span class='ocrx_word' id='word_1_25' title='bbox 2255 310 2436 359; x_wconf 81' lang='lat' dir='ltr'>Terrae</span> 
     </span>
     <span class='ocr_line' id='line_1_4' title="bbox 176 378 2431 451; baseline -0 -18"><span class='ocrx_word' id='word_1_26' title='bbox 176 378 508 451; x_wconf 85' lang='lat' dir='ltr'>„gyrationis“</span> <span class='ocrx_word' id='word_1_27' title='bbox 564 399 713 433; x_wconf 88' lang='lat' dir='ltr'>causa</span> <span class='ocrx_word' id='word_1_28' title='bbox 765 386 942 447; x_wconf 90' lang='lat' dir='ltr'>partim</span> <span class='ocrx_word' id='word_1_29' title='bbox 992 386 1039 432; x_wconf 90' lang='lat' dir='ltr'>in</span> <span class='ocrx_word' id='word_1_30' title='bbox 1091 387 1200 448; x_wconf 90' lang='lat' dir='ltr'>ipsa</span> <span class='ocrx_word' id='word_1_31' title='bbox 1250 383 1448 433; x_wconf 83' lang='lat' dir='ltr'>Tellure</span> <span class='ocrx_word' id='word_1_32' title='bbox 1503 382 1782 445; x_wconf 89' lang='lat' dir='ltr'>quaerenda</span> <span class='ocrx_word' id='word_1_33' title='bbox 1835 389 1941 445; x_wconf 89' lang='lat' dir='ltr'>est,</span> <span class='ocrx_word' id='word_1_34' title='bbox 1996 385 2262 447; x_wconf 90' lang='lat' dir='ltr'>partimin</span> <span class='ocrx_word' id='word_1_35' title='bbox 2299 382 2431 433; x_wconf 85' lang='lat' dir='ltr'>Sole.</span> 
     </span>
     <span class='ocr_line' id='line_1_5' title="bbox 172 449 2437 525; baseline -0.001 -18"><span class='ocrx_word' id='word_1_36' title='bbox 172 460 335 520; x_wconf 90' lang='lat' dir='ltr'>Terra,</span> <span class='ocrx_word' id='word_1_37' title='bbox 377 459 428 507; x_wconf 90' lang='lat' dir='ltr'>vi</span> <span class='ocrx_word' id='word_1_38' title='bbox 465 449 664 506; x_wconf 83' lang='lat' dir='ltr'>m6trice</span> <span class='ocrx_word' id='word_1_39' title='bbox 702 459 892 507; x_wconf 84' lang='lat' dir='ltr'>interna</span> <span class='ocrx_word' id='word_1_40' title='bbox 931 458 1156 525; x_wconf 86' lang='lat' dir='ltr'>impulsa,</span> <span class='ocrx_word' id='word_1_41' title='bbox 1197 471 1358 506; x_wconf 89' lang='lat' dir='ltr'>annuo</span> <span class='ocrx_word' id='word_1_42' title='bbox 1398 458 1558 519; x_wconf 89' lang='lat' dir='ltr'>spatio</span> <span class='ocrx_word' id='word_1_43' title='bbox 1598 456 1730 505; x_wconf 90' lang='lat' dir='ltr'>solas</span> <span class='ocrx_word' id='word_1_44' title='bbox 1754 458 1858 506; x_wconf 89' lang='lat'>360</span> <span class='ocrx_word' id='word_1_45' title='bbox 1884 458 2216 506; x_wconf 81' lang='lat' dir='ltr'>revolutiones</span> <span class='ocrx_word' id='word_1_46' title='bbox 2242 457 2437 515; x_wconf 85' lang='lat' dir='ltr'>faceret,</span> 
     </span>
    </p>

    <p class='ocr_par' dir='ltr' id='par_1_3' title="bbox 169 521 2494 1625">
     <span class='ocr_line' id='line_1_6' title="bbox 173 521 2481 600; baseline -0.001 -20"><span class='ocrx_word' id='word_1_47' title='bbox 173 534 256 595; x_wconf 91' lang='lat' dir='ltr'>qui</span> <span class='ocrx_word' id='word_1_48' title='bbox 293 546 520 580; x_wconf 91' lang='lat' dir='ltr'>numerus</span> <span class='ocrx_word' id='word_1_49' title='bbox 560 530 886 594; x_wconf 89' lang='lat' dir='ltr'>archetypalis</span> <span class='ocrx_word' id='word_1_50' title='bbox 928 537 1002 580; x_wconf 90' lang='lat' dir='ltr'>est</span> <span class='ocrx_word' id='word_1_51' title='bbox 1039 539 1086 579; x_wconf 92' lang='lat' dir='ltr'>et</span> <span class='ocrx_word' id='word_1_52' title='bbox 1118 531 1387 580; x_wconf 90' lang='lat' dir='ltr'>rationibus</span> <span class='ocrx_word' id='word_1_53' title='bbox 1413 530 1707 578; x_wconf 82' lang='lat' dir='ltr'><strong>harmonicis</strong></span> <span class='ocrx_word' id='word_1_54' title='bbox 1735 531 2038 593; x_wconf 69' lang='lat' dir='ltr'>conjunctim,</span> <span class='ocrx_word' id='word_1_55' title='bbox 2078 531 2294 593; x_wconf 90' lang='lat' dir='ltr'>reliquae</span> <span class='ocrx_word' id='word_1_56' title='bbox 2324 525 2433 600; x_wconf 80' lang='lat' dir='ltr'>5¹s4</span> <span class='ocrx_word' id='word_1_57' title='bbox 2475 521 2481 526; x_wconf 65' lang='grc'><strong>’</strong></span> 
     </span>
     <span class='ocr_line' id='line_1_7' title="bbox 169 602 2435 668; baseline -0 -15"><span class='ocrx_word' id='word_1_58' title='bbox 169 605 502 654; x_wconf 85' lang='lat' dir='ltr'>revolutiones</span> <span class='ocrx_word' id='word_1_59' title='bbox 541 603 780 653; x_wconf 89' lang='lat' dir='ltr'>acc-edunt</span> <span class='ocrx_word' id='word_1_60' title='bbox 816 611 1013 668; x_wconf 88' lang='lat' dir='ltr'>propter</span> <span class='ocrx_word' id='word_1_61' title='bbox 1050 605 1384 667; x_wconf 89' lang='lat' dir='ltr'>adjumentum</span> <span class='ocrx_word' id='word_1_62' title='bbox 1427 618 1486 652; x_wconf 89' lang='lat' dir='ltr'>ex</span> <span class='ocrx_word' id='word_1_63' title='bbox 1525 602 1656 652; x_wconf 89' lang='lat' dir='ltr'>Sole.</span> <span class='ocrx_word' id='word_1_64' title='bbox 1731 603 1841 652; x_wconf 91' lang='lat' dir='ltr'>Hoc</span> <span class='ocrx_word' id='word_1_65' title='bbox 1869 605 2234 652; x_wconf 83' lang='lat' dir='ltr'>incitamentum</span> <span class='ocrx_word' id='word_1_66' title='bbox 2260 619 2291 652; x_wconf 88' lang='lat' dir='ltr'>a</span> <span class='ocrx_word' id='word_1_67' title='bbox 2318 603 2435 652; x_wconf 89' lang='lat' dir='ltr'>Sole</span> 
     </span>
     <span class='ocr_line' id='line_1_8' title="bbox 169 675 2436 741; baseline -0 -16"><span class='ocrx_word' id='word_1_68' title='bbox 169 681 372 728; x_wconf 89' lang='lat' dir='ltr'>veniens</span> <span class='ocrx_word' id='word_1_69' title='bbox 410 677 676 727; x_wconf 82' lang='lat' dir='ltr'>verisimile</span> <span class='ocrx_word' id='word_1_70' title='bbox 717 685 790 726; x_wconf 89' lang='lat' dir='ltr'>est</span> <span class='ocrx_word' id='word_1_71' title='bbox 827 678 931 741; x_wconf 83' lang='lat' dir='ltr'>fieri</span> <span class='ocrx_word' id='word_1_72' title='bbox 968 677 1213 727; x_wconf 84' lang='lat' dir='ltr'>mediante</span> <span class='ocrx_word' id='word_1_73' title='bbox 1253 676 1382 726; x_wconf 89' lang='lat' dir='ltr'>Solis</span> <span class='ocrx_word' id='word_1_74' title='bbox 1418 675 1616 737; x_wconf 91' lang='lat' dir='ltr'>lumine,</span> <span class='ocrx_word' id='word_1_75' title='bbox 1661 676 1792 739; x_wconf 91' lang='lat' dir='ltr'>quod</span> <span class='ocrx_word' id='word_1_76' title='bbox 1819 677 2003 725; x_wconf 89' lang='lat' dir='ltr'>Telluri</span> <span class='ocrx_word' id='word_1_77' title='bbox 2030 677 2309 738; x_wconf 83' lang='lat' dir='ltr'>infunditur,</span> <span class='ocrx_word' id='word_1_78' title='bbox 2349 691 2436 741; x_wconf 93' lang='lat' dir='ltr'>per</span> 
     </span>
     <span class='ocr_line' id='line_1_9' title="bbox 169 750 2438 815; baseline -0 -16"><span class='ocrx_word' id='word_1_79' title='bbox 169 751 574 800; x_wconf 89' lang='lat' dir='ltr'>illuminationem</span> <span class='ocrx_word' id='word_1_80' title='bbox 612 750 958 814; x_wconf 85' lang='lat' dir='ltr'>hemisphaerii</span> <span class='ocrx_word' id='word_1_81' title='bbox 997 751 1127 813; x_wconf 88' lang='lat' dir='ltr'>ejus:</span> <span class='ocrx_word' id='word_1_82' title='bbox 1166 751 1373 815; x_wconf 89' lang='lat' dir='ltr'>physica</span> <span class='ocrx_word' id='word_1_83' title='bbox 1410 751 1646 815; x_wconf 78' lang='lat' dir='ltr'>aequatio,</span> <span class='ocrx_word' id='word_1_84' title='bbox 1681 751 1926 813; x_wconf 77' lang='lat' dir='ltr'>temporis</span> <span class='ocrx_word' id='word_1_85' title='bbox 1950 750 2168 812; x_wconf 86' lang='lat' dir='ltr'>postulat</span> <span class='ocrx_word' id='word_1_86' title='bbox 2195 753 2438 814; x_wconf 91' lang='lat' dir='ltr'>inaequa-</span> 
     </span>
     <span class='ocr_line' id='line_1_10' title="bbox 173 821 2435 886; baseline 0 -14"><span class='ocrx_word' id='word_1_87' title='bbox 173 825 245 874; x_wconf 90' lang='lat' dir='ltr'>les</span> <span class='ocrx_word' id='word_1_88' title='bbox 284 825 461 873; x_wconf 86' lang='lat' dir='ltr'>Terrae</span> <span class='ocrx_word' id='word_1_89' title='bbox 500 824 833 873; x_wconf 86' lang='lat' dir='ltr'>revolutiones</span> <span class='ocrx_word' id='word_1_90' title='bbox 874 825 1092 886; x_wconf 83' lang='lat' dir='ltr'>diurnas3</span> <span class='ocrx_word' id='word_1_91' title='bbox 1148 824 1438 872; x_wconf 88' lang='lat' dir='ltr'>illuminatio</span> <span class='ocrx_word' id='word_1_92' title='bbox 1477 837 1594 872; x_wconf 92' lang='lat' dir='ltr'>vero</span> <span class='ocrx_word' id='word_1_93' title='bbox 1632 823 1810 872; x_wconf 87' lang='lat' dir='ltr'>Terrae</span> <span class='ocrx_word' id='word_1_94' title='bbox 1849 823 1987 872; x_wconf 86' lang='lat' dir='ltr'>fortis</span> <span class='ocrx_word' id='word_1_95' title='bbox 2027 823 2108 872; x_wconf 92' lang='lat' dir='ltr'>vel</span> <span class='ocrx_word' id='word_1_96' title='bbox 2143 821 2321 872; x_wconf 77' lang='lat' dir='ltr'>&#39;debilis</span> <span class='ocrx_word' id='word_1_97' title='bbox 2360 828 2435 873; x_wconf 92' lang='lat' dir='ltr'>est</span> 
     </span>
     <span class='ocr_line' id='line_1_11' title="bbox 169 892 2435 961; baseline -0.001 -15"><span class='ocrx_word' id='word_1_98' title='bbox 169 892 228 947; x_wconf 79' lang='lat' dir='ltr'>in&#39;</span> <span class='ocrx_word' id='word_1_99' title='bbox 256 898 623 948; x_wconf 87' lang='lat' dir='ltr'>intervallorum</span> <span class='ocrx_word' id='word_1_100' title='bbox 661 900 990 960; x_wconf 85' lang='lat' dir='ltr'>proportione,</span> <span class='ocrx_word' id='word_1_101' title='bbox 1032 912 1182 960; x_wconf 89' lang='lat' dir='ltr'>quare</span> <span class='ocrx_word' id='word_1_102' title='bbox 1222 899 1366 961; x_wconf 91' lang='lat' dir='ltr'>copia</span> <span class='ocrx_word' id='word_1_103' title='bbox 1403 896 1601 945; x_wconf 91' lang='lat' dir='ltr'>luminis</span> <span class='ocrx_word' id='word_1_104' title='bbox 1639 911 1829 960; x_wconf 90' lang='lat' dir='ltr'>semper</span> <span class='ocrx_word' id='word_1_105' title='bbox 1869 899 2063 945; x_wconf 89' lang='lat' dir='ltr'>varians</span> <span class='ocrx_word' id='word_1_106' title='bbox 2105 903 2220 960; x_wconf 89' lang='lat' dir='ltr'>apta</span> <span class='ocrx_word' id='word_1_107' title='bbox 2259 903 2331 945; x_wconf 87' lang='lat' dir='ltr'>est</span> <span class='ocrx_word' id='word_1_108' title='bbox 2370 896 2435 946; x_wconf 88' lang='lat' dir='ltr'>ad</span> 
     </span>
     <span class='ocr_line' id='line_1_12' title="bbox 170 969 2440 1035; baseline -0.001 -15"><span class='ocrx_word' id='word_1_109' title='bbox 170 971 547 1034; x_wconf 86' lang='lat' dir='ltr'>dispensandam</span> <span class='ocrx_word' id='word_1_110' title='bbox 584 986 671 1035; x_wconf 89' lang='lat' dir='ltr'>per</span> <span class='ocrx_word' id='word_1_111' title='bbox 707 986 887 1019; x_wconf 92' lang='lat' dir='ltr'>annum</span> <span class='ocrx_word' id='word_1_112' title='bbox 907 970 1033 1019; x_wconf 89' lang='lat' dir='ltr'>hanc</span> <span class='ocrx_word' id='word_1_113' title='bbox 1053 971 1470 1032; x_wconf 83' lang='lat' dir='ltr'>accelerationem,</span> <span class='ocrx_word' id='word_1_114' title='bbox 1510 985 1636 1033; x_wconf 89' lang='lat' dir='ltr'>quae</span> <span class='ocrx_word' id='word_1_115' title='bbox 1662 972 1786 1020; x_wconf 89' lang='lat' dir='ltr'>inter</span> <span class='ocrx_word' id='word_1_116' title='bbox 1805 970 1908 1019; x_wconf 90' lang='lat' dir='ltr'>dies</span> <span class='ocrx_word' id='word_1_117' title='bbox 1933 971 2153 1033; x_wconf 88' lang='lat' dir='ltr'>singulos</span> <span class='ocrx_word' id='word_1_118' title='bbox 2182 969 2440 1027; x_wconf 84' lang='lat' dir='ltr'>distributa</span> 
     </span>
     <span class='ocr_line' id='line_1_13' title="bbox 174 1044 2433 1109; baseline -0.002 -15"><span class='ocrx_word' id='word_1_119' title='bbox 174 1045 373 1094; x_wconf 85' lang='lat' dir='ltr'>exhibet</span> <span class='ocrx_word' id='word_1_120' title='bbox 419 1045 555 1093; x_wconf 90' lang='lat' dir='ltr'>illam</span> <span class='ocrx_word' id='word_1_121' title='bbox 603 1047 945 1107; x_wconf 85' lang='lat' dir='ltr'>aequationem</span> <span class='ocrx_word' id='word_1_122' title='bbox 994 1047 1241 1107; x_wconf 79' lang='lat' dir='ltr'>temporis,</span> <span class='ocrx_word' id='word_1_123' title='bbox 1317 1044 1670 1093; x_wconf 89' lang='lat' dir='ltr'>Revolutiones</span> <span class='ocrx_word' id='word_1_124' title='bbox 1724 1044 2290 1109; x_wconf 78' lang='lat' dir='ltr'>omniumplanetarum</span> <span class='ocrx_word' id='word_1_125' title='bbox 2328 1045 2433 1107; x_wconf 90' lang='lat' dir='ltr'>pri-</span> 
     </span>
     <span class='ocr_line' id='line_1_14' title="bbox 170 1117 2436 1181; baseline -0 -15"><span class='ocrx_word' id='word_1_126' title='bbox 170 1121 431 1168; x_wconf 90' lang='lat' dir='ltr'>mariorum</span> <span class='ocrx_word' id='word_1_127' title='bbox 471 1121 597 1167; x_wconf 90' lang='lat' dir='ltr'>cient</span> <span class='ocrx_word' id='word_1_128' title='bbox 634 1133 720 1181; x_wconf 88' lang='lat' dir='ltr'>per</span> <span class='ocrx_word' id='word_1_129' title='bbox 762 1119 1037 1180; x_wconf 86' lang='lat' dir='ltr'>„speciem“</span> <span class='ocrx_word' id='word_1_130' title='bbox 1081 1118 1295 1181; x_wconf 88' lang='lat' dir='ltr'>corporis</span> <span class='ocrx_word' id='word_1_131' title='bbox 1334 1119 1410 1165; x_wconf 89' lang='lat' dir='ltr'>sui</span> <span class='ocrx_word' id='word_1_132' title='bbox 1452 1117 1790 1175; x_wconf 81' lang='lat' dir='ltr'>circumvoluti</span> <span class='ocrx_word' id='word_1_133' title='bbox 1839 1132 2113 1181; x_wconf 84' lang='lat' dir='ltr'>egressam,</span> <span class='ocrx_word' id='word_1_134' title='bbox 2149 1120 2323 1180; x_wconf 79' lang='lat' dir='ltr'>&#39;aeque</span> <span class='ocrx_word' id='word_1_135' title='bbox 2377 1131 2436 1165; x_wconf 90' lang='lat' dir='ltr'>ac</span> 
     </span>
     <span class='ocr_line' id='line_1_15' title="bbox 173 1187 2438 1257; baseline -0.001 -16"><span class='ocrx_word' id='word_1_136' title='bbox 173 1192 260 1241; x_wconf 84' lang='lat' dir='ltr'>Sol</span> <span class='ocrx_word' id='word_1_137' title='bbox 296 1194 433 1255; x_wconf 90' lang='lat' dir='ltr'>ipse,</span> <span class='ocrx_word' id='word_1_138' title='bbox 484 1191 710 1256; x_wconf 86' lang='lat' dir='ltr'>planetas</span> <span class='ocrx_word' id='word_1_139' title='bbox 748 1190 1069 1243; x_wconf 85' lang='lat' dir='ltr'>secundarios</span> <span class='ocrx_word' id='word_1_140' title='bbox 1102 1187 1306 1257; x_wconf 89' lang='lat' dir='ltr'>(Lunas)</span> <span class='ocrx_word' id='word_1_141' title='bbox 1346 1191 1686 1253; x_wconf 87' lang='lat' dir='ltr'>efficiuntque,</span> <span class='ocrx_word' id='word_1_142' title='bbox 1737 1197 1790 1240; x_wconf 94' lang='lat' dir='ltr'>ut</span> <span class='ocrx_word' id='word_1_143' title='bbox 1828 1191 2104 1240; x_wconf 89' lang='lat' dir='ltr'>secundarii</span> <span class='ocrx_word' id='word_1_144' title='bbox 2143 1192 2191 1238; x_wconf 93' lang='lat' dir='ltr'>in</span> <span class='ocrx_word' id='word_1_145' title='bbox 2233 1189 2438 1239; x_wconf 89' lang='lat' dir='ltr'>eandem</span> 
     </span>
     <span class='ocr_line' id='line_1_16' title="bbox 170 1264 2441 1329; baseline -0 -16"><span class='ocrx_word' id='word_1_146' title='bbox 170 1266 367 1329; x_wconf 87' lang='lat' dir='ltr'>plagam</span> <span class='ocrx_word' id='word_1_147' title='bbox 407 1270 686 1328; x_wconf 86' lang='lat' dir='ltr'>sequantur.</span> <span class='ocrx_word' id='word_1_148' title='bbox 765 1264 843 1312; x_wconf 92' lang='lat' dir='ltr'>Ad</span> <span class='ocrx_word' id='word_1_149' title='bbox 881 1265 1008 1313; x_wconf 91' lang='lat' dir='ltr'>hanc</span> <span class='ocrx_word' id='word_1_150' title='bbox 1045 1279 1160 1313; x_wconf 89' lang='lat' dir='ltr'>vero</span> <span class='ocrx_word' id='word_1_151' title='bbox 1199 1266 1301 1313; x_wconf 92' lang='lat' dir='ltr'>vim</span> <span class='ocrx_word' id='word_1_152' title='bbox 1339 1267 1596 1313; x_wconf 90' lang='lat' dir='ltr'>motoriam</span> <span class='ocrx_word' id='word_1_153' title='bbox 1634 1264 1940 1327; x_wconf 86' lang='lat' dir='ltr'>planetarum</span> <span class='ocrx_word' id='word_1_154' title='bbox 1978 1266 2321 1328; x_wconf 85' lang='lat' dir='ltr'>primariorum</span> <span class='ocrx_word' id='word_1_155' title='bbox 2354 1278 2441 1320; x_wconf 85' lang='lat' dir='ltr'>ac-</span> 
     </span>
     <span class='ocr_line' id='line_1_17' title="bbox 176 1337 2442 1401; baseline -0.001 -13"><span class='ocrx_word' id='word_1_156' title='bbox 176 1339 306 1388; x_wconf 90' lang='lat' dir='ltr'>cedit</span> <span class='ocrx_word' id='word_1_157' title='bbox 343 1340 434 1398; x_wconf 33' lang='lat' dir='ltr'>vis,</span> <span class='ocrx_word' id='word_1_158' title='bbox 459 1355 484 1389; x_wconf 90' lang='lat' dir='ltr'>e</span> <span class='ocrx_word' id='word_1_159' title='bbox 524 1338 638 1387; x_wconf 85' lang='lat' dir='ltr'>Sole</span> <span class='ocrx_word' id='word_1_160' title='bbox 680 1340 894 1398; x_wconf 90' lang='lat' dir='ltr'>veniens,</span> <span class='ocrx_word' id='word_1_161' title='bbox 934 1337 1066 1387; x_wconf 90' lang='lat' dir='ltr'>illam</span> <span class='ocrx_word' id='word_1_162' title='bbox 1107 1340 1155 1385; x_wconf 93' lang='lat' dir='ltr'>in</span> <span class='ocrx_word' id='word_1_163' title='bbox 1193 1337 1449 1386; x_wconf 91' lang='lat' dir='ltr'>movendis</span> <span class='ocrx_word' id='word_1_164' title='bbox 1489 1338 1790 1387; x_wconf 88' lang='lat' dir='ltr'>secundariis</span> <span class='ocrx_word' id='word_1_165' title='bbox 1818 1338 2090 1401; x_wconf 80' lang='lat' dir='ltr'>adjuvans3</span> <span class='ocrx_word' id='word_1_166' title='bbox 2130 1338 2180 1386; x_wconf 90' lang='lat' dir='ltr'>id</span> <span class='ocrx_word' id='word_1_167' title='bbox 2206 1338 2442 1401; x_wconf 87' lang='lat' dir='ltr'>probatur</span> 
     </span>
     <span class='ocr_line' id='line_1_18' title="bbox 170 1404 2457 1476; baseline -0.001 -15"><span class='ocrx_word' id='word_1_168' title='bbox 170 1428 258 1476; x_wconf 89' lang='lat' dir='ltr'>per</span> <span class='ocrx_word' id='word_1_169' title='bbox 296 1413 690 1461; x_wconf 90' lang='lat' dir='ltr'>observationem</span> <span class='ocrx_word' id='word_1_170' title='bbox 728 1412 1004 1476; x_wconf 87' lang='lat' dir='ltr'>Tychonis,</span> <span class='ocrx_word' id='word_1_171' title='bbox 1063 1410 1194 1474; x_wconf 91' lang='lat' dir='ltr'>quod</span> <span class='ocrx_word' id='word_1_172' title='bbox 1234 1411 1374 1459; x_wconf 89' lang='lat' dir='ltr'>Luna</span> <span class='ocrx_word' id='word_1_173' title='bbox 1411 1412 1459 1458; x_wconf 92' lang='lat' dir='ltr'>in</span> <span class='ocrx_word' id='word_1_174' title='bbox 1501 1411 1690 1474; x_wconf 90' lang='lat' dir='ltr'>copulis</span> <span class='ocrx_word' id='word_1_175' title='bbox 1730 1427 1919 1475; x_wconf 91' lang='lat' dir='ltr'>semper</span> <span class='ocrx_word' id='word_1_176' title='bbox 1958 1412 2158 1461; x_wconf 70' lang='lat' dir='ltr'>celeriOr</span> <span class='ocrx_word' id='word_1_177' title='bbox 2185 1404 2298 1472; x_wconf 74' lang='lat' dir='ltr'>³fiat,</span> <span class='ocrx_word' id='word_1_178' title='bbox 2325 1417 2457 1468; x_wconf 67' lang='lat' dir='ltr'>,tar--</span> 
     </span>
     <span class='ocr_line' id='line_1_19' title="bbox 177 1484 2494 1549; baseline -0 -15"><span class='ocrx_word' id='word_1_179' title='bbox 177 1486 282 1535; x_wconf 90' lang='lat' dir='ltr'>dior</span> <span class='ocrx_word' id='word_1_180' title='bbox 319 1488 367 1533; x_wconf 93' lang='lat' dir='ltr'>in</span> <span class='ocrx_word' id='word_1_181' title='bbox 410 1486 631 1549; x_wconf 91' lang='lat' dir='ltr'>quadris,</span> <span class='ocrx_word' id='word_1_182' title='bbox 680 1501 824 1548; x_wconf 91' lang='lat' dir='ltr'>quam</span> <span class='ocrx_word' id='word_1_183' title='bbox 864 1485 956 1534; x_wconf 85' lang='lat' dir='ltr'>fert</span> <span class='ocrx_word' id='word_1_184' title='bbox 992 1487 1117 1534; x_wconf 90' lang='lat' dir='ltr'>ratio</span> <span class='ocrx_word' id='word_1_185' title='bbox 1158 1486 1442 1546; x_wconf 87' lang='lat' dir='ltr'>eccentrici,</span> <span class='ocrx_word' id='word_1_186' title='bbox 1482 1487 1587 1534; x_wconf 88' lang='lat' dir='ltr'>sine</span> <span class='ocrx_word' id='word_1_187' title='bbox 1625 1492 1852 1549; x_wconf 88' lang='lat' dir='ltr'>respectu</span> <span class='ocrx_word' id='word_1_188' title='bbox 1893 1484 2232 1536; x_wconf 86' lang='lat' dir='ltr'>distantiarum</span> <span class='ocrx_word' id='word_1_189' title='bbox 2256 1485 2443 1533; x_wconf 85' lang='lat' dir='ltr'>-L&#39;unae</span> <span class='ocrx_word' id='word_1_190' title='bbox 2491 1487 2494 1492; x_wconf 84' lang='lat'>&#39;</span> 
     </span>
     <span class='ocr_line' id='line_1_20' title="bbox 173 1542 2468 1625; baseline 0 -17"><span class='ocrx_word' id='word_1_191' title='bbox 173 1576 203 1608; x_wconf 89' lang='lat' dir='ltr'>a</span> <span class='ocrx_word' id='word_1_192' title='bbox 241 1545 400 1608; x_wconf 87' lang='lat' dir='ltr'>Terra</span> <span class='ocrx_word' id='word_1_193' title='bbox 431 1562 677 1625; x_wconf 75' lang='lat' dir='ltr'>(variatio</span> <span class='ocrx_word' id='word_1_194' title='bbox 717 1557 1003 1623; x_wconf 87' lang='lat' dir='ltr'>Tychonis).</span> <span class='ocrx_word' id='word_1_195' title='bbox 1081 1558 1191 1620; x_wconf 91' lang='lat' dir='ltr'>Qua</span> <span class='ocrx_word' id='word_1_196' title='bbox 1230 1560 1417 1607; x_wconf 90' lang='lat' dir='ltr'>ratione</span> <span class='ocrx_word' id='word_1_197' title='bbox 1457 1564 1505 1606; x_wconf 90' lang='lat' dir='ltr'>et</span> <span class='ocrx_word' id='word_1_198' title='bbox 1545 1560 1722 1622; x_wconf 91' lang='lat' dir='ltr'>quibus</span> <span class='ocrx_word' id='word_1_199' title='bbox 1763 1559 1822 1608; x_wconf 90' lang='lat' dir='ltr'>de</span> <span class='ocrx_word' id='word_1_200' title='bbox 1863 1561 2024 1608; x_wconf 90' lang='lat' dir='ltr'>causis</span> <span class='ocrx_word' id='word_1_201' title='bbox 2063 1558 2193 1608; x_wconf 90' lang='lat' dir='ltr'>haec</span> <span class='ocrx_word' id='word_1_202' title='bbox 2223 1542 2468 1609; x_wconf 75' lang='lat' dir='ltr'>motuum&#39;</span> 
     </span>
    </p>
   </div>
   <div class='ocr_carea' id='block_1_3' title="bbox 173 1611 2533 1718">
    <p class='ocr_par' dir='ltr' id='par_1_4' title="bbox 173 1611 2533 1718">
     <span class='ocr_line' id='line_1_21' title="bbox 173 1611 2533 1718; baseline -0 -37"><span class='ocrx_word' id='word_1_203' title='bbox 173 1633 342 1682; x_wconf 92' lang='lat' dir='ltr'>Lunae</span> <span class='ocrx_word' id='word_1_204' title='bbox 382 1632 708 1696; x_wconf 89' lang='lat' dir='ltr'>inaequalitas</span> <span class='ocrx_word' id='word_1_205' title='bbox 749 1633 1056 1718; x_wconf 87' lang='lat' dir='ltr'>dispensetur</span> <span class='ocrx_word' id='word_1_206' title='bbox 1083 1633 1424 1696; x_wconf 80' lang='lat' dir='ltr'>explicaturuS,</span> <span class='ocrx_word' id='word_1_207' title='bbox 1466 1623 1534 1681; x_wconf 89' lang='lat' dir='ltr'>sic</span> <span class='ocrx_word' id='word_1_208' title='bbox 1565 1633 1812 1682; x_wconf 85' lang='lat' dir='ltr'>exorditur</span> <span class='ocrx_word' id='word_1_209' title='bbox 1837 1621 2104 1696; x_wconf 60' lang='lat' dir='ltr'>Keplerusr</span> <span class='ocrx_word' id='word_1_210' title='bbox 2144 1634 2294 1681; x_wconf 84' lang='lat' dir='ltr'>nulla</span> <span class='ocrx_word' id='word_1_211' title='bbox 2314 1623 2445 1695; x_wconf 69' lang='lat' dir='ltr'>pars</span> <span class='ocrx_word' id='word_1_212' title='bbox 2497 1611 2533 1660; x_wconf 38' lang='lat' dir='ltr'><em>s</em></span> 
     </span>
    </p>
   </div>
   <div class='ocr_carea' id='block_1_4' title="bbox 165 1705 2472 1918">
    <p class='ocr_par' dir='ltr' id='par_1_5' title="bbox 165 1705 2519 1918">
     <span class='ocr_line' id='line_1_22' title="bbox 165 1705 2445 1770; baseline 0 -16"><span class='ocrx_word' id='word_1_213' title='bbox 165 1708 405 1770; x_wconf 77' lang='lat' dir='ltr'>physicae</span> <span class='ocrx_word' id='word_1_214' title='bbox 443 1707 655 1755; x_wconf 82' lang='lat' dir='ltr'>coelestis</span> <span class='ocrx_word' id='word_1_215' title='bbox 691 1707 785 1755; x_wconf 81' lang='lat' dir='ltr'>hac</span> <span class='ocrx_word' id='word_1_216' title='bbox 821 1708 935 1768; x_wconf 80' lang='lat' dir='ltr'>ipsa</span> <span class='ocrx_word' id='word_1_217' title='bbox 975 1706 1228 1770; x_wconf 77' lang='lat' dir='ltr'>difficilior</span> <span class='ocrx_word' id='word_1_218' title='bbox 1263 1707 1369 1770; x_wconf 80' lang='lat' dir='ltr'>fuit</span> <span class='ocrx_word' id='word_1_219' title='bbox 1405 1707 1676 1768; x_wconf 60' lang='lat' dir='ltr'>emplicatu.</span> <span class='ocrx_word' id='word_1_220' title='bbox 1755 1705 1894 1768; x_wconf 84' lang='lat' dir='ltr'>Quae</span> <span class='ocrx_word' id='word_1_221' title='bbox 1935 1706 2319 1758; x_wconf 84' lang='lat' dir='ltr'>demonstratio</span> <span class='ocrx_word' id='word_1_222' title='bbox 2335 1721 2445 1755; x_wconf 90' lang='lat' dir='ltr'>cum</span> 
     </span>
     <span class='ocr_line' id='line_1_23' title="bbox 170 1778 2442 1868; baseline 0 -39"><span class='ocrx_word' id='word_1_223' title='bbox 170 1781 342 1843; x_wconf 89' lang='lat' dir='ltr'>paucis</span> <span class='ocrx_word' id='word_1_224' title='bbox 393 1785 606 1843; x_wconf 88' lang='lat' dir='ltr'>nequeat</span> <span class='ocrx_word' id='word_1_225' title='bbox 654 1782 891 1843; x_wconf 90' lang='lat' dir='ltr'>proponi,</span> <span class='ocrx_word' id='word_1_226' title='bbox 943 1778 1174 1829; x_wconf 90' lang='lat' dir='ltr'>lectorem</span> <span class='ocrx_word' id='word_1_227' title='bbox 1226 1779 1513 1842; x_wconf 86' lang='lat' dir='ltr'>ablegamus</span> <span class='ocrx_word' id='word_1_228' title='bbox 1566 1779 1628 1829; x_wconf 91' lang='lat' dir='ltr'>ad</span> <span class='ocrx_word' id='word_1_229' title='bbox 1666 1779 1786 1830; x_wconf 84' lang='lat' dir='ltr'>folia</span> <span class='ocrx_word' id='word_1_230' title='bbox 1823 1783 1976 1843; x_wconf 90' lang='lat' dir='ltr'>partis</span> <span class='ocrx_word' id='word_1_231' title='bbox 2013 1780 2174 1843; x_wconf 90' lang='lat' dir='ltr'>hujus</span> <span class='ocrx_word' id='word_1_232' title='bbox 2188 1779 2442 1868; x_wconf 78' lang='lat' dir='ltr'>secundae</span> 
     </span>
     <span class='ocr_line' id='line_1_24' title="bbox 169 1853 2472 1918; baseline -0.003 -15"><span class='ocrx_word' id='word_1_233' title='bbox 169 1859 431 1918; x_wconf 89' lang='lat' dir='ltr'>postrema,</span> <span class='ocrx_word' id='word_1_234' title='bbox 468 1854 648 1917; x_wconf 19' lang='lat' dir='ltr'>‘quibus</span> <span class='ocrx_word' id='word_1_235' title='bbox 689 1853 1036 1903; x_wconf 89' lang='lat' dir='ltr'>demonstratio</span> <span class='ocrx_word' id='word_1_236' title='bbox 1076 1853 1162 1902; x_wconf 91' lang='lat' dir='ltr'>illa</span> <span class='ocrx_word' id='word_1_237' title='bbox 1207 1853 1495 1902; x_wconf 88' lang='lat' dir='ltr'>absolvitur.</span> <span class='ocrx_word' id='word_1_238' title='bbox 2187 1869 2194 1878; x_wconf 84' lang='lat'><strong>·</strong></span> <span class='ocrx_word' id='word_1_239' title='bbox 2342 1870 2346 1876; x_wconf 93' lang='lat'>·</span> <span class='ocrx_word' id='word_1_240' title='bbox 2470 1862 2472 1864; x_wconf 83' lang='lat'>·</span> 
     </span>
    </p>
   </div>
   <div class='ocr_carea' id='block_1_5' title="bbox 319 1897 2548 1990">
    <p class='ocr_par' dir='ltr' id='par_1_6' title="bbox 319 1897 2548 1990">
     <span class='ocr_line' id='line_1_25' title="bbox 319 1897 2548 1990; baseline -0.001 -13"><span class='ocrx_word' id='word_1_241' title='bbox 319 1929 455 1977; x_wconf 83' lang='lat' dir='ltr'>Pars</span> <span class='ocrx_word' id='word_1_242' title='bbox 492 1929 655 1976; x_wconf 82' lang='lat' dir='ltr'>tertia.</span> <span class='ocrx_word' id='word_1_243' title='bbox 733 1928 809 1976; x_wconf 92' lang='lat' dir='ltr'>De</span> <span class='ocrx_word' id='word_1_244' title='bbox 863 1927 1214 1989; x_wconf 89' lang='lat' dir='ltr'>inaequalitate</span> <span class='ocrx_word' id='word_1_245' title='bbox 1259 1932 1478 1975; x_wconf 90' lang='lat' dir='ltr'>motuum</span> <span class='ocrx_word' id='word_1_246' title='bbox 1529 1925 1850 1989; x_wconf 89' lang='lat' dir='ltr'>planetarum.</span> <span class='ocrx_word' id='word_1_247' title='bbox 1926 1897 2310 1990; x_wconf 75' lang='lat' dir='ltr'>Inaequalitates</span> <span class='ocrx_word' id='word_1_248' title='bbox 2349 1908 2489 1986; x_wconf 51' lang='lat' dir='ltr'>,hae-1</span> <span class='ocrx_word' id='word_1_249' title='bbox 2544 1924 2548 1929; x_wconf 86' lang='grc'><strong>’</strong></span> 
     </span>
    </p>
   </div>
   <div class='ocr_carea' id='block_1_6' title="bbox 173 1996 2498 2064">
    <p class='ocr_par' dir='ltr' id='par_1_7' title="bbox 173 1996 2498 2064">
     <span class='ocr_line' id='line_1_26' title="bbox 173 1996 2498 2064; baseline 0 -16"><span class='ocrx_word' id='word_1_250' title='bbox 173 2007 286 2049; x_wconf 90' lang='lat' dir='ltr'>sunt</span> <span class='ocrx_word' id='word_1_251' title='bbox 339 2002 514 2064; x_wconf 89' lang='lat' dir='ltr'>partim</span> <span class='ocrx_word' id='word_1_252' title='bbox 570 2015 744 2061; x_wconf 88' lang='lat' dir='ltr'>verae,</span> <span class='ocrx_word' id='word_1_253' title='bbox 798 2001 972 2064; x_wconf 88' lang='lat' dir='ltr'>partim</span> <span class='ocrx_word' id='word_1_254' title='bbox 1030 2001 1325 2063; x_wconf 89' lang='lat' dir='ltr'>proveniunt</span> <span class='ocrx_word' id='word_1_255' title='bbox 1379 1999 1901 2063; x_wconf 68' lang='lat' dir='ltr'>ex,visus&#39;sallacia;</span> <span class='ocrx_word' id='word_1_256' title='bbox 1944 1996 2127 2050; x_wconf 74' lang='lat' dir='ltr'>vaddita</span> <span class='ocrx_word' id='word_1_257' title='bbox 2178 2006 2251 2055; x_wconf 84' lang='lat' dir='ltr'>est</span> <span class='ocrx_word' id='word_1_258' title='bbox 2300 2001 2441 2049; x_wconf 74' lang='lat' dir='ltr'>vete&#39;-</span> <span class='ocrx_word' id='word_1_259' title='bbox 2494 2052 2498 2055; x_wconf 13' lang='grc' dir='ltr'><em>Α</em></span> 
     </span>
    </p>
   </div>
   <div class='ocr_carea' id='block_1_7' title="bbox 168 2065 2551 2212">
    <p class='ocr_par' dir='ltr' id='par_1_8' title="bbox 168 2065 2551 2212">
     <span class='ocr_line' id='line_1_27' title="bbox 171 2065 2551 2137; baseline -0 -15"><span class='ocrx_word' id='word_1_260' title='bbox 171 2090 275 2122; x_wconf 92' lang='lat' dir='ltr'>rum</span> <span class='ocrx_word' id='word_1_261' title='bbox 335 2076 575 2124; x_wconf 88' lang='lat' dir='ltr'>sententia</span> <span class='ocrx_word' id='word_1_262' title='bbox 623 2073 683 2123; x_wconf 92' lang='lat' dir='ltr'>de</span> <span class='ocrx_word' id='word_1_263' title='bbox 732 2075 808 2123; x_wconf 91' lang='lat' dir='ltr'>his</span> <span class='ocrx_word' id='word_1_264' title='bbox 858 2074 1292 2137; x_wconf 89' lang='lat' dir='ltr'>inaequalitatibus</span> <span class='ocrx_word' id='word_1_265' title='bbox 1348 2080 1394 2123; x_wconf 92' lang='lat' dir='ltr'>et</span> <span class='ocrx_word' id='word_1_266' title='bbox 1457 2075 1611 2136; x_wconf 91' lang='lat' dir='ltr'>ipsius</span> <span class='ocrx_word' id='word_1_267' title='bbox 1674 2074 1892 2137; x_wconf 85' lang='lat' dir='ltr'>Kepleri.</span> <span class='ocrx_word' id='word_1_268' title='bbox 1938 2089 1950 2125; x_wconf 82' lang='grc'>·,</span> <span class='ocrx_word' id='word_1_269' title='bbox 1969 2070 2152 2124; x_wconf 82' lang='lat' dir='ltr'>Terrae</span> <span class='ocrx_word' id='word_1_270' title='bbox 2186 2065 2475 2126; x_wconf 62' lang='lat' dir='ltr'>Gilbertusf·</span> <span class='ocrx_word' id='word_1_271' title='bbox 2545 2069 2551 2135; x_wconf 77' lang='lat' dir='ltr'>J</span> 
     </span>
     <span class='ocr_line' id='line_1_28' title="bbox 168 2144 2488 2212; baseline 0 -17"><span class='ocrx_word' id='word_1_272' title='bbox 168 2150 219 2195; x_wconf 91' lang='lat' dir='ltr'>in</span> <span class='ocrx_word' id='word_1_273' title='bbox 264 2148 607 2212; x_wconf 89' lang='lat' dir='ltr'>„philosophia</span> <span class='ocrx_word' id='word_1_274' title='bbox 644 2148 951 2211; x_wconf 84' lang='lat' dir='ltr'>magnetica“</span> <span class='ocrx_word' id='word_1_275' title='bbox 996 2149 1166 2196; x_wconf 88' lang='lat' dir='ltr'>tribuit</span> <span class='ocrx_word' id='word_1_276' title='bbox 1203 2153 1426 2197; x_wconf 89' lang='lat' dir='ltr'>naturam</span> <span class='ocrx_word' id='word_1_277' title='bbox 1465 2149 1814 2211; x_wconf 86' lang='lat' dir='ltr'>magneticam:</span> <span class='ocrx_word' id='word_1_278' title='bbox 1857 2148 1993 2210; x_wconf 81' lang='lat' dir='ltr'>quod</span> <span class='ocrx_word' id='word_1_279' title='bbox 2030 2144 2444 2211; x_wconf 57' lang='lat' dir='ltr'>iyitur&#39;jest‘unus</span> <span class='ocrx_word' id='word_1_280' title='bbox 2483 2205 2488 2210; x_wconf 24' lang='grc' dir='ltr'>ι</span> 
     </span>
    </p>
   </div>
   <div class='ocr_carea' id='block_1_8' title="bbox 165 2220 2494 2657">
    <p class='ocr_par' dir='ltr' id='par_1_9' title="bbox 165 2220 2494 2657">
     <span class='ocr_line' id='line_1_29' title="bbox 168 2220 2492 2285; baseline -0.001 -15"><span class='ocrx_word' id='word_1_281' title='bbox 168 2227 229 2271; x_wconf 69' lang='lat' dir='ltr'>ex·</span> <span class='ocrx_word' id='word_1_282' title='bbox 264 2225 546 2284; x_wconf 79' lang='lat' dir='ltr'>primariis,</span> <span class='ocrx_word' id='word_1_283' title='bbox 596 2221 761 2271; x_wconf 81' lang='lat' dir='ltr'>Tellus</span> <span class='ocrx_word' id='word_1_284' title='bbox 797 2237 1009 2285; x_wconf 76' lang='lat' dir='ltr'>nempe,</span> <span class='ocrx_word' id='word_1_285' title='bbox 1033 2222 1089 2269; x_wconf 84' lang='lat' dir='ltr'>id</span> <span class='ocrx_word' id='word_1_286' title='bbox 1126 2236 1223 2270; x_wconf 82' lang='lat' dir='ltr'>esse</span> <span class='ocrx_word' id='word_1_287' title='bbox 1260 2237 1682 2284; x_wconf 79' lang='lat' dir='ltr'>unumquemque</span> <span class='ocrx_word' id='word_1_288' title='bbox 1719 2224 2115 2283; x_wconf 70' lang='lat' dir='ltr'>primariorum,</span> <span class='ocrx_word' id='word_1_289' title='bbox 2140 2220 2440 2273; x_wconf 49' lang='lat' dir='ltr'>¹absurdum,</span> <span class='ocrx_word' id='word_1_290' title='bbox 2488 2251 2492 2255; x_wconf 83' lang='lat'>·</span> 
     </span>
     <span class='ocr_line' id='line_1_30' title="bbox 165 2295 2443 2360; baseline 0 -16"><span class='ocrx_word' id='word_1_291' title='bbox 165 2311 496 2359; x_wconf 77' lang='lat' dir='ltr'>nequaquam</span> <span class='ocrx_word' id='word_1_292' title='bbox 536 2301 605 2344; x_wconf 79' lang='lat' dir='ltr'>est</span> <span class='ocrx_word' id='word_1_293' title='bbox 639 2311 729 2344; x_wconf 88' lang='lat' dir='ltr'>nec</span> <span class='ocrx_word' id='word_1_294' title='bbox 768 2296 1072 2344; x_wconf 75' lang='lat' dir='ltr'>incredibile.</span> <span class='ocrx_word' id='word_1_295' title='bbox 1151 2295 1457 2358; x_wconf 82' lang='lat' dir='ltr'>Comparatis</span> <span class='ocrx_word' id='word_1_296' title='bbox 1486 2295 1793 2358; x_wconf 88' lang='lat' dir='ltr'>planetarum</span> <span class='ocrx_word' id='word_1_297' title='bbox 1833 2296 2114 2360; x_wconf 89' lang='lat' dir='ltr'>corporibus</span> <span class='ocrx_word' id='word_1_298' title='bbox 2154 2305 2268 2353; x_wconf 84' lang='lat' dir='ltr'>cum.</span> <span class='ocrx_word' id='word_1_299' title='bbox 2302 2310 2443 2357; x_wconf 84' lang='lat' dir='ltr'>mag-</span> 
     </span>
     <span class='ocr_line' id='line_1_31' title="bbox 166 2369 2494 2432; baseline 0 -15"><span class='ocrx_word' id='word_1_300' title='bbox 166 2370 390 2430; x_wconf 81' lang='lat' dir='ltr'>netibUS,</span> <span class='ocrx_word' id='word_1_301' title='bbox 439 2370 617 2432; x_wconf 89' lang='lat' dir='ltr'>quibus</span> <span class='ocrx_word' id='word_1_302' title='bbox 653 2369 930 2421; x_wconf 88' lang='lat' dir='ltr'>tribuuntur</span> <span class='ocrx_word' id='word_1_303' title='bbox 963 2369 1145 2432; x_wconf 83' lang='lat' dir='ltr'>fibrae,</span> <span class='ocrx_word' id='word_1_304' title='bbox 1198 2384 1325 2432; x_wconf 90' lang='lat' dir='ltr'>quae</span> <span class='ocrx_word' id='word_1_305' title='bbox 1364 2371 1414 2416; x_wconf 90' lang='lat' dir='ltr'>in</span> <span class='ocrx_word' id='word_1_306' title='bbox 1438 2369 1758 2432; x_wconf 87' lang='lat' dir='ltr'>&#39;planetarum</span> <span class='ocrx_word' id='word_1_307' title='bbox 1798 2370 2082 2432; x_wconf 89' lang='lat' dir='ltr'>corporibus</span> <span class='ocrx_word' id='word_1_308' title='bbox 2122 2370 2345 2417; x_wconf 83' lang='lat' dir='ltr'>similiter</span> <span class='ocrx_word' id='word_1_309' title='bbox 2371 2375 2442 2423; x_wconf 52' lang='lat' dir='ltr'>za‘c</span> <span class='ocrx_word' id='word_1_310' title='bbox 2489 2377 2494 2383; x_wconf 83' lang='lat'><strong><em>&#39;</em></strong></span> 
     </span>
     <span class='ocr_line' id='line_1_32' title="bbox 168 2441 2439 2506; baseline -0 -16"><span class='ocrx_word' id='word_1_311' title='bbox 168 2445 218 2490; x_wconf 89' lang='lat' dir='ltr'>in</span> <span class='ocrx_word' id='word_1_312' title='bbox 257 2450 484 2506; x_wconf 84' lang='lat' dir='ltr'>magnete</span> <span class='ocrx_word' id='word_1_313' title='bbox 524 2442 810 2491; x_wconf 83' lang='lat' dir='ltr'>distributae</span> <span class='ocrx_word' id='word_1_314' title='bbox 851 2442 1178 2503; x_wconf 86' lang='lat' dir='ltr'>assumuntur,</span> <span class='ocrx_word' id='word_1_315' title='bbox 1218 2448 1379 2491; x_wconf 92' lang='lat' dir='ltr'>motus</span> <span class='ocrx_word' id='word_1_316' title='bbox 1418 2442 1723 2505; x_wconf 89' lang='lat' dir='ltr'>planetarum</span> <span class='ocrx_word' id='word_1_317' title='bbox 1761 2445 1832 2491; x_wconf 90' lang='lat' dir='ltr'>sic</span> <span class='ocrx_word' id='word_1_318' title='bbox 1871 2443 2198 2506; x_wconf 81' lang='lat' dir='ltr'>explicantur:</span> <span class='ocrx_word' id='word_1_319' title='bbox 2241 2441 2439 2505; x_wconf 87' lang='lat' dir='ltr'>quando</span> 
     </span>
     <span class='ocr_line' id='line_1_33' title="bbox 169 2515 2439 2580; baseline -0.001 -15"><span class='ocrx_word' id='word_1_320' title='bbox 169 2517 399 2566; x_wconf 85' lang='lat' dir='ltr'>fibrarum</span> <span class='ocrx_word' id='word_1_321' title='bbox 436 2518 818 2580; x_wconf 89' lang='lat' dir='ltr'>magneticarum</span> <span class='ocrx_word' id='word_1_322' title='bbox 857 2523 1064 2579; x_wconf 88' lang='lat' dir='ltr'>utraque</span> <span class='ocrx_word' id='word_1_323' title='bbox 1105 2522 1320 2565; x_wconf 86' lang='lat' dir='ltr'>extrema</span> <span class='ocrx_word' id='word_1_324' title='bbox 1358 2516 1630 2579; x_wconf 88' lang='lat' dir='ltr'>aequaliter</span> <span class='ocrx_word' id='word_1_325' title='bbox 1681 2533 1711 2565; x_wconf 93' lang='lat' dir='ltr'>a</span> <span class='ocrx_word' id='word_1_326' title='bbox 1761 2515 1875 2565; x_wconf 87' lang='lat' dir='ltr'>Sole</span> <span class='ocrx_word' id='word_1_327' title='bbox 1928 2516 2135 2577; x_wconf 88' lang='lat' dir='ltr'>distant,</span> <span class='ocrx_word' id='word_1_328' title='bbox 2165 2522 2305 2565; x_wconf 84' lang='lat' dir='ltr'>-tunc</span> <span class='ocrx_word' id='word_1_329' title='bbox 2352 2515 2439 2564; x_wconf 85' lang='lat' dir='ltr'>Sol</span> 
     </span>
     <span class='ocr_line' id='line_1_34' title="bbox 170 2582 2439 2657; baseline -0.001 -18"><span class='ocrx_word' id='word_1_330' title='bbox 170 2605 262 2639; x_wconf 90' lang='lat' dir='ltr'>nec</span> <span class='ocrx_word' id='word_1_331' title='bbox 300 2589 501 2654; x_wconf 86' lang='lat' dir='ltr'>expellit</span> <span class='ocrx_word' id='word_1_332' title='bbox 538 2591 786 2652; x_wconf 83' lang='lat' dir='ltr'>planetam</span> <span class='ocrx_word' id='word_1_333' title='bbox 825 2604 916 2640; x_wconf 89' lang='lat' dir='ltr'>nec</span> <span class='ocrx_word' id='word_1_334' title='bbox 953 2590 1129 2642; x_wconf 81' lang='lat' dir='ltr'>allicit,</span> <span class='ocrx_word' id='word_1_335' title='bbox 1181 2595 1438 2657; x_wconf 84' lang='lat' dir='ltr'>promovet</span> <span class='ocrx_word' id='word_1_336' title='bbox 1488 2604 1606 2638; x_wconf 90' lang='lat' dir='ltr'>vero</span> <span class='ocrx_word' id='word_1_337' title='bbox 1655 2590 1792 2637; x_wconf 92' lang='lat' dir='ltr'>illum</span> <span class='ocrx_word' id='word_1_338' title='bbox 1830 2592 2071 2639; x_wconf 88' lang='lat' dir='ltr'>rotatione</span> <span class='ocrx_word' id='word_1_339' title='bbox 2110 2588 2187 2637; x_wconf 84' lang='lat' dir='ltr'>sni</span> <span class='ocrx_word' id='word_1_340' title='bbox 2225 2582 2439 2652; x_wconf 90' lang='lat' dir='ltr'>corporis</span> 
     </span>
    </p>
   </div>
   <div class='ocr_carea' id='block_1_9' title="bbox 22 2663 2436 2732">
    <p class='ocr_par' dir='ltr' id='par_1_10' title="bbox 22 2663 2436 2732">
     <span class='ocr_line' id='line_1_35' title="bbox 22 2663 2436 2732; baseline -0.001 -18"><span class='ocrx_word' id='word_1_341' title='bbox 22 2687 29 2732; x_wconf 73' lang='lat'>.&#39;</span> <span class='ocrx_word' id='word_1_342' title='bbox 82 2701 89 2725; x_wconf 25' lang='grc'>-,</span> <span class='ocrx_word' id='word_1_343' title='bbox 169 2671 220 2714; x_wconf 91' lang='lat' dir='ltr'>et</span> <span class='ocrx_word' id='word_1_344' title='bbox 258 2665 440 2728; x_wconf 91' lang='lat' dir='ltr'>speciei</span> <span class='ocrx_word' id='word_1_345' title='bbox 482 2666 714 2726; x_wconf 84' lang='lat' dir='ltr'>emissae3</span> <span class='ocrx_word' id='word_1_346' title='bbox 764 2664 858 2712; x_wconf 93' lang='lat' dir='ltr'>hoc</span> <span class='ocrx_word' id='word_1_347' title='bbox 904 2670 1049 2726; x_wconf 87' lang='lat' dir='ltr'>pacto</span> <span class='ocrx_word' id='word_1_348' title='bbox 1089 2669 1312 2726; x_wconf 83' lang='lat' dir='ltr'>promoto</span> <span class='ocrx_word' id='word_1_349' title='bbox 1351 2663 1573 2726; x_wconf 84' lang='lat' dir='ltr'>planeta,</span> <span class='ocrx_word' id='word_1_350' title='bbox 1621 2663 1850 2712; x_wconf 86' lang='lat' dir='ltr'>fibrarum</span> <span class='ocrx_word' id='word_1_351' title='bbox 1890 2670 2105 2713; x_wconf 90' lang='lat' dir='ltr'>extrema</span> <span class='ocrx_word' id='word_1_352' title='bbox 2143 2663 2255 2725; x_wconf 90' lang='lat' dir='ltr'>illa,</span> <span class='ocrx_word' id='word_1_353' title='bbox 2309 2677 2436 2724; x_wconf 89' lang='lat' dir='ltr'>quae</span> 
     </span>
    </p>
   </div>
   <div class='ocr_carea' id='block_1_10' title="bbox 167 2736 2441 2874">
    <p class='ocr_par' dir='ltr' id='par_1_11' title="bbox 167 2736 2441 2874">
     <span class='ocr_line' id='line_1_36' title="bbox 169 2736 2441 2800; baseline -0.002 -13"><span class='ocrx_word' id='word_1_354' title='bbox 169 2737 275 2787; x_wconf 89' lang='lat' dir='ltr'>Soli</span> <span class='ocrx_word' id='word_1_355' title='bbox 315 2739 471 2787; x_wconf 89' lang='lat' dir='ltr'>amica</span> <span class='ocrx_word' id='word_1_356' title='bbox 508 2743 644 2799; x_wconf 91' lang='lat' dir='ltr'>sunt,</span> <span class='ocrx_word' id='word_1_357' title='bbox 696 2737 936 2800; x_wconf 89' lang='lat' dir='ltr'>paulatim</span> <span class='ocrx_word' id='word_1_358' title='bbox 976 2738 1294 2786; x_wconf 87' lang='lat' dir='ltr'>obvertuntur</span> <span class='ocrx_word' id='word_1_359' title='bbox 1332 2736 1461 2786; x_wconf 84' lang='lat' dir='ltr'>Soli:</span> <span class='ocrx_word' id='word_1_360' title='bbox 1514 2742 1629 2786; x_wconf 91' lang='lat' dir='ltr'>tunc</span> <span class='ocrx_word' id='word_1_361' title='bbox 1666 2737 1844 2800; x_wconf 86' lang='lat' dir='ltr'>globus</span> <span class='ocrx_word' id='word_1_362' title='bbox 1881 2739 2053 2800; x_wconf 91' lang='lat' dir='ltr'>incipit</span> <span class='ocrx_word' id='word_1_363' title='bbox 2091 2751 2121 2784; x_wconf 91' lang='lat' dir='ltr'>a</span> <span class='ocrx_word' id='word_1_364' title='bbox 2159 2736 2274 2786; x_wconf 86' lang='lat' dir='ltr'>Sole</span> <span class='ocrx_word' id='word_1_365' title='bbox 2314 2736 2441 2784; x_wconf 91' lang='lat' dir='ltr'>trahi</span> 
     </span>
     <span class='ocr_line' id='line_1_37' title="bbox 167 2811 2440 2874; baseline -0.002 -13"><span class='ocrx_word' id='word_1_366' title='bbox 167 2818 216 2861; x_wconf 90' lang='lat' dir='ltr'>et</span> <span class='ocrx_word' id='word_1_367' title='bbox 256 2813 518 2860; x_wconf 89' lang='lat' dir='ltr'>introrsum</span> <span class='ocrx_word' id='word_1_368' title='bbox 561 2824 728 2860; x_wconf 88' lang='lat' dir='ltr'>versus</span> <span class='ocrx_word' id='word_1_369' title='bbox 768 2811 932 2860; x_wconf 87' lang='lat' dir='ltr'>Solem</span> <span class='ocrx_word' id='word_1_370' title='bbox 969 2813 1222 2874; x_wconf 88' lang='lat' dir='ltr'>recipitur,</span> <span class='ocrx_word' id='word_1_371' title='bbox 1275 2811 1411 2860; x_wconf 90' lang='lat' dir='ltr'>velut</span> <span class='ocrx_word' id='word_1_372' title='bbox 1459 2811 1508 2856; x_wconf 88' lang='lat' dir='ltr'>in</span> <span class='ocrx_word' id='word_1_373' title='bbox 1547 2812 1877 2873; x_wconf 89' lang='lat' dir='ltr'>angustiorem</span> <span class='ocrx_word' id='word_1_374' title='bbox 1917 2812 2159 2859; x_wconf 91' lang='lat' dir='ltr'>ambitum</span> <span class='ocrx_word' id='word_1_375' title='bbox 2197 2815 2246 2860; x_wconf 87' lang='lat' dir='ltr'>et</span> <span class='ocrx_word' id='word_1_376' title='bbox 2282 2812 2440 2869; x_wconf 83' lang='lat' dir='ltr'>virtu-</span> 
     </span>
    </p>
   </div>
   <div class='ocr_carea' id='block_1_11' title="bbox 55 2867 2437 2949">
    <p class='ocr_par' dir='ltr' id='par_1_12' title="bbox 55 2867 2437 2949">
     <span class='ocr_line' id='line_1_38' title="bbox 55 2867 2437 2949; baseline -0 -15"><span class='ocrx_word' id='word_1_377' title='bbox 55 2867 94 2934; x_wconf 58' lang='grc' dir='ltr'>’.ε</span> <span class='ocrx_word' id='word_1_378' title='bbox 168 2891 266 2933; x_wconf 88' lang='lat' dir='ltr'>tem</span> <span class='ocrx_word' id='word_1_379' title='bbox 307 2890 616 2949; x_wconf 85' lang='lat' dir='ltr'>prensantem</span> <span class='ocrx_word' id='word_1_380' title='bbox 655 2885 929 2946; x_wconf 84' lang='lat' dir='ltr'>fortiorem3</span> <span class='ocrx_word' id='word_1_381' title='bbox 985 2885 1248 2946; x_wconf 83' lang='lat' dir='ltr'>fortissima</span> <span class='ocrx_word' id='word_1_382' title='bbox 1288 2891 1362 2934; x_wconf 89' lang='lat' dir='ltr'>est</span> <span class='ocrx_word' id='word_1_383' title='bbox 1398 2884 1522 2932; x_wconf 91' lang='lat' dir='ltr'>haec</span> <span class='ocrx_word' id='word_1_384' title='bbox 1560 2886 1743 2945; x_wconf 77' lang='lat' dir='ltr'>virtUS,</span> <span class='ocrx_word' id='word_1_385' title='bbox 1781 2887 1824 2933; x_wconf 90' lang='lat' dir='ltr'>si</span> <span class='ocrx_word' id='word_1_386' title='bbox 1861 2886 2020 2933; x_wconf 91' lang='lat' dir='ltr'>amica</span> <span class='ocrx_word' id='word_1_387' title='bbox 2056 2884 2285 2947; x_wconf 90' lang='lat' dir='ltr'>planetae</span> <span class='ocrx_word' id='word_1_388' title='bbox 2323 2899 2437 2947; x_wconf 91' lang='lat' dir='ltr'>pars</span> 
     </span>
    </p>
   </div>
   <div class='ocr_carea' id='block_1_12' title="bbox 169 2957 2441 3021">
    <p class='ocr_par' dir='ltr' id='par_1_13' title="bbox 169 2957 2441 3021">
     <span class='ocr_line' id='line_1_39' title="bbox 169 2957 2441 3021; baseline -0.001 -14"><span class='ocrx_word' id='word_1_389' title='bbox 169 2964 277 3008; x_wconf 90' lang='lat' dir='ltr'>tota</span> <span class='ocrx_word' id='word_1_390' title='bbox 314 2959 378 3007; x_wconf 90' lang='lat' dir='ltr'>ad</span> <span class='ocrx_word' id='word_1_391' title='bbox 419 2957 585 3008; x_wconf 88' lang='lat' dir='ltr'>Solem</span> <span class='ocrx_word' id='word_1_392' title='bbox 625 2972 860 3007; x_wconf 90' lang='lat' dir='ltr'>conversa</span> <span class='ocrx_word' id='word_1_393' title='bbox 878 2963 966 3019; x_wconf 90' lang='lat' dir='ltr'>est,</span> <span class='ocrx_word' id='word_1_394' title='bbox 1007 2957 1152 3008; x_wconf 88' lang='lat' dir='ltr'>idest</span> <span class='ocrx_word' id='word_1_395' title='bbox 1188 2960 1230 3007; x_wconf 93' lang='lat' dir='ltr'>si</span> <span class='ocrx_word' id='word_1_396' title='bbox 1268 2958 1418 3007; x_wconf 90' lang='lat' dir='ltr'>fibrae</span> <span class='ocrx_word' id='word_1_397' title='bbox 1457 2960 1763 3019; x_wconf 88' lang='lat' dir='ltr'>magneticae</span> <span class='ocrx_word' id='word_1_398' title='bbox 1801 2964 1935 3007; x_wconf 90' lang='lat' dir='ltr'>recta</span> <span class='ocrx_word' id='word_1_399' title='bbox 1975 2957 2246 3021; x_wconf 91' lang='lat' dir='ltr'>diriguntur</span> <span class='ocrx_word' id='word_1_400' title='bbox 2283 2959 2332 3005; x_wconf 92' lang='lat' dir='ltr'>in</span> <span class='ocrx_word' id='word_1_401' title='bbox 2362 2959 2441 3020; x_wconf 75' lang='lat' dir='ltr'>ip-</span> 
     </span>
    </p>
   </div>
   <div class='ocr_carea' id='block_1_13' title="bbox 74 3027 2440 3536">
    <p class='ocr_par' dir='ltr' id='par_1_14' title="bbox 74 3027 2440 3536">
     <span class='ocr_line' id='line_1_40' title="bbox 75 3027 2440 3095; baseline -0 -15"><span class='ocrx_word' id='word_1_402' title='bbox 75 3027 104 3090; x_wconf 39' lang='lat'>,3</span> <span class='ocrx_word' id='word_1_403' title='bbox 166 3047 275 3081; x_wconf 89' lang='lat' dir='ltr'>sum</span> <span class='ocrx_word' id='word_1_404' title='bbox 314 3032 494 3082; x_wconf 87' lang='lat' dir='ltr'>Solem.</span> <span class='ocrx_word' id='word_1_405' title='bbox 570 3032 698 3080; x_wconf 91' lang='lat' dir='ltr'>Hinc</span> <span class='ocrx_word' id='word_1_406' title='bbox 737 3034 896 3095; x_wconf 89' lang='lat' dir='ltr'>pergit</span> <span class='ocrx_word' id='word_1_407' title='bbox 934 3046 1146 3081; x_wconf 89' lang='lat' dir='ltr'>crescere</span> <span class='ocrx_word' id='word_1_408' title='bbox 1187 3031 1421 3081; x_wconf 90' lang='lat' dir='ltr'>velocitas</span> <span class='ocrx_word' id='word_1_409' title='bbox 1443 3031 1593 3092; x_wconf 90' lang='lat' dir='ltr'>globi,</span> <span class='ocrx_word' id='word_1_410' title='bbox 1634 3033 1815 3095; x_wconf 90' lang='lat' dir='ltr'>quippe</span> <span class='ocrx_word' id='word_1_411' title='bbox 1845 3031 2153 3082; x_wconf 90' lang='lat' dir='ltr'>decrescente</span> <span class='ocrx_word' id='word_1_412' title='bbox 2182 3031 2440 3080; x_wconf 85' lang='lat' dir='ltr'>intervallo</span> 
     </span>
     <span class='ocr_line' id='line_1_41' title="bbox 74 3105 2440 3168; baseline -0.002 -11"><span class='ocrx_word' id='word_1_413' title='bbox 74 3105 100 3157; x_wconf 76' lang='grc' dir='ltr'>’ἵ</span> <span class='ocrx_word' id='word_1_414' title='bbox 167 3107 292 3154; x_wconf 89' lang='lat' dir='ltr'>inter</span> <span class='ocrx_word' id='word_1_415' title='bbox 330 3106 495 3156; x_wconf 86' lang='lat' dir='ltr'>Solem</span> <span class='ocrx_word' id='word_1_416' title='bbox 535 3111 582 3154; x_wconf 92' lang='lat' dir='ltr'>et</span> <span class='ocrx_word' id='word_1_417' title='bbox 620 3105 903 3168; x_wconf 85' lang='lat' dir='ltr'>planetam3</span> <span class='ocrx_word' id='word_1_418' title='bbox 937 3107 1130 3154; x_wconf 86' lang='lat' dir='ltr'>interim</span> <span class='ocrx_word' id='word_1_419' title='bbox 1168 3118 1284 3154; x_wconf 89' lang='lat' dir='ltr'>vero</span> <span class='ocrx_word' id='word_1_420' title='bbox 1323 3120 1409 3168; x_wconf 89' lang='lat' dir='ltr'>per</span> <span class='ocrx_word' id='word_1_421' title='bbox 1447 3119 1756 3167; x_wconf 89' lang='lat' dir='ltr'>progressum</span> <span class='ocrx_word' id='word_1_422' title='bbox 1795 3105 2026 3168; x_wconf 89' lang='lat' dir='ltr'>planetae</span> <span class='ocrx_word' id='word_1_423' title='bbox 2064 3111 2278 3154; x_wconf 89' lang='lat' dir='ltr'>mutatur</span> <span class='ocrx_word' id='word_1_424' title='bbox 2317 3106 2440 3153; x_wconf 87' lang='lat' dir='ltr'>situs</span> 
     </span>
     <span class='ocr_line' id='line_1_42' title="bbox 91 3178 2436 3242; baseline 0 -17"><span class='ocrx_word' id='word_1_425' title='bbox 91 3213 102 3225; x_wconf 62' lang='grc'>.,</span> <span class='ocrx_word' id='word_1_426' title='bbox 165 3179 410 3241; x_wconf 88' lang='lat' dir='ltr'>fibrarum,</span> <span class='ocrx_word' id='word_1_427' title='bbox 452 3194 578 3242; x_wconf 87' lang='lat' dir='ltr'>quae</span> <span class='ocrx_word' id='word_1_428' title='bbox 616 3180 709 3227; x_wconf 89' lang='lat' dir='ltr'>sibi</span> <span class='ocrx_word' id='word_1_429' title='bbox 750 3180 867 3241; x_wconf 89' lang='lat' dir='ltr'>ipsis</span> <span class='ocrx_word' id='word_1_430' title='bbox 907 3193 1097 3242; x_wconf 89' lang='lat' dir='ltr'>semper</span> <span class='ocrx_word' id='word_1_431' title='bbox 1134 3178 1399 3241; x_wconf 88' lang='lat' dir='ltr'>parallelae</span> <span class='ocrx_word' id='word_1_432' title='bbox 1437 3184 1635 3227; x_wconf 89' lang='lat' dir='ltr'>manent</span> <span class='ocrx_word' id='word_1_433' title='bbox 1673 3194 1759 3242; x_wconf 91' lang='lat' dir='ltr'>per</span> <span class='ocrx_word' id='word_1_434' title='bbox 1796 3185 1952 3228; x_wconf 89' lang='lat' dir='ltr'>totum</span> <span class='ocrx_word' id='word_1_435' title='bbox 1980 3179 2148 3229; x_wconf 90' lang='lat' dir='ltr'>circuli</span> <span class='ocrx_word' id='word_1_436' title='bbox 2174 3180 2436 3228; x_wconf 90' lang='lat' dir='ltr'>ambitum:</span> 
     </span>
     <span class='ocr_line' id='line_1_43' title="bbox 76 3235 2438 3316; baseline -0.002 -10"><span class='ocrx_word' id='word_1_437' title='bbox 76 3235 98 3306; x_wconf 52' lang='lat' dir='ltr'>f</span> <span class='ocrx_word' id='word_1_438' title='bbox 167 3255 354 3302; x_wconf 91' lang='lat' dir='ltr'>amicae</span> <span class='ocrx_word' id='word_1_439' title='bbox 391 3253 621 3302; x_wconf 91' lang='lat' dir='ltr'>fibrarum</span> <span class='ocrx_word' id='word_1_440' title='bbox 659 3258 823 3316; x_wconf 89' lang='lat' dir='ltr'>partes</span> <span class='ocrx_word' id='word_1_441' title='bbox 863 3254 1019 3315; x_wconf 88' lang='lat' dir='ltr'>magis</span> <span class='ocrx_word' id='word_1_442' title='bbox 1058 3256 1310 3315; x_wconf 86' lang='lat' dir='ltr'>magisque</span> <span class='ocrx_word' id='word_1_443' title='bbox 1350 3266 1376 3300; x_wconf 91' lang='lat' dir='ltr'>e</span> <span class='ocrx_word' id='word_1_444' title='bbox 1416 3250 1546 3299; x_wconf 87' lang='lat' dir='ltr'>Solis</span> <span class='ocrx_word' id='word_1_445' title='bbox 1598 3259 1862 3316; x_wconf 90' lang='lat' dir='ltr'>conspectu</span> <span class='ocrx_word' id='word_1_446' title='bbox 1918 3255 2148 3315; x_wconf 91' lang='lat' dir='ltr'>veniunt,</span> <span class='ocrx_word' id='word_1_447' title='bbox 2213 3253 2438 3301; x_wconf 91' lang='lat' dir='ltr'>inimicae</span> 
     </span>
     <span class='ocr_line' id='line_1_44' title="bbox 80 3324 2434 3397; baseline -0.001 -23"><span class='ocrx_word' id='word_1_448' title='bbox 80 3339 106 3397; x_wconf 24' lang='grc' dir='ltr'>’ὲ</span> <span class='ocrx_word' id='word_1_449' title='bbox 165 3326 237 3375; x_wconf 90' lang='lat' dir='ltr'>illi</span> <span class='ocrx_word' id='word_1_450' title='bbox 277 3327 620 3387; x_wconf 86' lang='lat' dir='ltr'>obvertuntur,</span> <span class='ocrx_word' id='word_1_451' title='bbox 675 3326 852 3387; x_wconf 91' lang='lat' dir='ltr'>donec,</span> <span class='ocrx_word' id='word_1_452' title='bbox 906 3324 1107 3374; x_wconf 89' lang='lat' dir='ltr'>dimidia</span> <span class='ocrx_word' id='word_1_453' title='bbox 1156 3326 1383 3374; x_wconf 86' lang='lat' dir='ltr'>circuitus</span> <span class='ocrx_word' id='word_1_454' title='bbox 1420 3330 1557 3388; x_wconf 89' lang='lat' dir='ltr'>parte</span> <span class='ocrx_word' id='word_1_455' title='bbox 1595 3333 1818 3388; x_wconf 89' lang='lat' dir='ltr'>peracta,</span> <span class='ocrx_word' id='word_1_456' title='bbox 1874 3326 2003 3376; x_wconf 90' lang='lat' dir='ltr'>idem</span> <span class='ocrx_word' id='word_1_457' title='bbox 2041 3328 2164 3375; x_wconf 90' lang='lat' dir='ltr'>situs</span> <span class='ocrx_word' id='word_1_458' title='bbox 2204 3326 2434 3375; x_wconf 89' lang='lat' dir='ltr'>fibrarum</span> 
     </span>
     <span class='ocr_line' id='line_1_45' title="bbox 91 3399 2433 3463; baseline -0.001 -13"><span class='ocrx_word' id='word_1_459' title='bbox 91 3408 110 3429; x_wconf 80' lang='lat'>&#39;⁰</span> <span class='ocrx_word' id='word_1_460' title='bbox 168 3402 345 3461; x_wconf 88' lang='lat' dir='ltr'>existit,</span> <span class='ocrx_word' id='word_1_461' title='bbox 388 3403 473 3463; x_wconf 84' lang='lat' dir='ltr'>qui</span> <span class='ocrx_word' id='word_1_462' title='bbox 511 3402 647 3448; x_wconf 91' lang='lat' dir='ltr'>initio</span> <span class='ocrx_word' id='word_1_463' title='bbox 686 3406 862 3448; x_wconf 90' lang='lat' dir='ltr'>motus.</span> <span class='ocrx_word' id='word_1_464' title='bbox 939 3399 1077 3447; x_wconf 89' lang='lat' dir='ltr'>Tunc</span> <span class='ocrx_word' id='word_1_465' title='bbox 1117 3404 1277 3448; x_wconf 90' lang='lat' dir='ltr'>cessat</span> <span class='ocrx_word' id='word_1_466' title='bbox 1313 3400 1487 3448; x_wconf 90' lang='lat' dir='ltr'>iterum</span> <span class='ocrx_word' id='word_1_467' title='bbox 1527 3402 1683 3448; x_wconf 91' lang='lat' dir='ltr'>omnis</span> <span class='ocrx_word' id='word_1_468' title='bbox 1722 3401 1947 3449; x_wconf 90' lang='lat' dir='ltr'>fibrarum</span> <span class='ocrx_word' id='word_1_469' title='bbox 1985 3405 2221 3450; x_wconf 87' lang='lat' dir='ltr'>attractus</span> <span class='ocrx_word' id='word_1_470' title='bbox 2249 3406 2296 3449; x_wconf 92' lang='lat' dir='ltr'>et</span> <span class='ocrx_word' id='word_1_471' title='bbox 2321 3399 2433 3463; x_wconf 87' lang='lat' dir='ltr'>pla-</span> 
     </span>
     <span class='ocr_line' id='line_1_46' title="bbox 95 3471 2436 3536; baseline 0 -15"><span class='ocrx_word' id='word_1_472' title='bbox 95 3475 98 3477; x_wconf 83' lang='grc'><strong>’</strong></span> <span class='ocrx_word' id='word_1_473' title='bbox 166 3479 278 3522; x_wconf 91' lang='lat' dir='ltr'>neta</span> <span class='ocrx_word' id='word_1_474' title='bbox 319 3479 393 3523; x_wconf 88' lang='lat' dir='ltr'>est</span> <span class='ocrx_word' id='word_1_475' title='bbox 431 3473 534 3522; x_wconf 87' lang='lat' dir='ltr'>Soli</span> <span class='ocrx_word' id='word_1_476' title='bbox 577 3475 917 3533; x_wconf 88' lang='lat' dir='ltr'>vicinissimus,</span> <span class='ocrx_word' id='word_1_477' title='bbox 961 3487 1108 3536; x_wconf 88' lang='lat' dir='ltr'>quare</span> <span class='ocrx_word' id='word_1_478' title='bbox 1148 3471 1446 3534; x_wconf 87' lang='lat' dir='ltr'>celerrimus,</span> <span class='ocrx_word' id='word_1_479' title='bbox 1490 3475 1671 3536; x_wconf 90' lang='lat' dir='ltr'>quippe</span> <span class='ocrx_word' id='word_1_480' title='bbox 1711 3476 1878 3523; x_wconf 89' lang='lat' dir='ltr'>virtuti</span> <span class='ocrx_word' id='word_1_481' title='bbox 1918 3475 2109 3523; x_wconf 89' lang='lat' dir='ltr'>motrici</span> <span class='ocrx_word' id='word_1_482' title='bbox 2148 3473 2278 3522; x_wconf 84' lang='lat' dir='ltr'>Solis</span> <span class='ocrx_word' id='word_1_483' title='bbox 2317 3487 2436 3536; x_wconf 90' lang='lat' dir='ltr'>pro-</span> 
     </span>
    </p>
   </div>
   <div class='ocr_carea' id='block_1_14' title="bbox 166 3540 2434 3611">
    <p class='ocr_par' dir='ltr' id='par_1_15' title="bbox 166 3540 2434 3611">
     <span class='ocr_line' id='line_1_47' title="bbox 166 3540 2434 3611; baseline -0 -17"><span class='ocrx_word' id='word_1_484' title='bbox 166 3548 340 3596; x_wconf 77' lang='lat' dir='ltr'>ximus·</span> <span class='ocrx_word' id='word_1_485' title='bbox 416 3547 592 3596; x_wconf 86' lang='lat' dir='ltr'>Statim</span> <span class='ocrx_word' id='word_1_486' title='bbox 631 3540 794 3596; x_wconf 85' lang='lat' dir='ltr'>autem</span> <span class='ocrx_word' id='word_1_487' title='bbox 833 3548 1007 3611; x_wconf 89' lang='lat' dir='ltr'>globus</span> <span class='ocrx_word' id='word_1_488' title='bbox 1046 3551 1408 3609; x_wconf 90' lang='lat' dir='ltr'>praetervectus</span> <span class='ocrx_word' id='word_1_489' title='bbox 1447 3546 1576 3596; x_wconf 90' lang='lat' dir='ltr'>hunc</span> <span class='ocrx_word' id='word_1_490' title='bbox 1613 3547 1809 3608; x_wconf 91' lang='lat' dir='ltr'>locum,</span> <span class='ocrx_word' id='word_1_491' title='bbox 1859 3547 2088 3596; x_wconf 89' lang='lat' dir='ltr'>fibrarum</span> <span class='ocrx_word' id='word_1_492' title='bbox 2126 3553 2289 3610; x_wconf 88' lang='lat' dir='ltr'>partes</span> <span class='ocrx_word' id='word_1_493' title='bbox 2330 3546 2434 3594; x_wconf 89' lang='lat' dir='ltr'>dis-</span> 
     </span>
    </p>
   </div>
   <div class='ocr_carea' id='block_1_15' title="bbox 168 3691 2432 3831">
    <p class='ocr_par' dir='ltr' id='par_1_16' title="bbox 168 3691 2432 3831">
     <span class='ocr_line' id='line_1_48' title="bbox 169 3691 2432 3756; baseline -0.002 -14"><span class='ocrx_word' id='word_1_494' title='bbox 169 3707 275 3742; x_wconf 89' lang='lat' dir='ltr'>eam</span> <span class='ocrx_word' id='word_1_495' title='bbox 314 3695 376 3743; x_wconf 91' lang='lat' dir='ltr'>ob</span> <span class='ocrx_word' id='word_1_496' title='bbox 417 3709 613 3743; x_wconf 89' lang='lat' dir='ltr'>causam</span> <span class='ocrx_word' id='word_1_497' title='bbox 649 3694 830 3746; x_wconf 84' lang='lat' dir='ltr'>lentius</span> <span class='ocrx_word' id='word_1_498' title='bbox 886 3694 1106 3744; x_wconf 87' lang='lat' dir='ltr'>incedere</span> <span class='ocrx_word' id='word_1_499' title='bbox 1157 3694 1348 3756; x_wconf 80' lang='lat' dir='ltr'>incipit,</span> <span class='ocrx_word' id='word_1_500' title='bbox 1401 3692 1555 3743; x_wconf 89' lang='lat' dir='ltr'>donec</span> <span class='ocrx_word' id='word_1_501' title='bbox 1604 3695 1653 3742; x_wconf 91' lang='lat' dir='ltr'>in</span> <span class='ocrx_word' id='word_1_502' title='bbox 1699 3694 1861 3744; x_wconf 90' lang='lat' dir='ltr'>medio</span> <span class='ocrx_word' id='word_1_503' title='bbox 1902 3694 2101 3743; x_wconf 90' lang='lat' dir='ltr'>secundi</span> <span class='ocrx_word' id='word_1_504' title='bbox 2140 3691 2432 3742; x_wconf 88' lang='lat' dir='ltr'>semicirculi</span> 
     </span>
     <span class='ocr_line' id='line_1_49' title="bbox 168 3761 2429 3831; baseline 0 -19"><span class='ocrx_word' id='word_1_505' title='bbox 168 3767 218 3812; x_wconf 87' lang='lat' dir='ltr'>in</span> <span class='ocrx_word' id='word_1_506' title='bbox 256 3767 415 3816; x_wconf 87' lang='lat' dir='ltr'>media</span> <span class='ocrx_word' id='word_1_507' title='bbox 453 3770 673 3817; x_wconf 89' lang='lat' dir='ltr'>consistit</span> <span class='ocrx_word' id='word_1_508' title='bbox 712 3768 942 3818; x_wconf 87' lang='lat' dir='ltr'>distantia</span> <span class='ocrx_word' id='word_1_509' title='bbox 978 3784 1008 3816; x_wconf 91' lang='lat' dir='ltr'>a</span> <span class='ocrx_word' id='word_1_510' title='bbox 1034 3766 1162 3827; x_wconf 82' lang='lat' dir='ltr'>Sole,</span> <span class='ocrx_word' id='word_1_511' title='bbox 1205 3765 1319 3815; x_wconf 91' lang='lat' dir='ltr'>dum</span> <span class='ocrx_word' id='word_1_512' title='bbox 1358 3772 1514 3816; x_wconf 91' lang='lat' dir='ltr'>totum</span> <span class='ocrx_word' id='word_1_513' title='bbox 1551 3768 1697 3830; x_wconf 75' lang='lat' dir='ltr'>globi</span> <span class='ocrx_word' id='word_1_514' title='bbox 1728 3768 2137 3831; x_wconf 89' lang='lat' dir='ltr'>hemisphaerium</span> <span class='ocrx_word' id='word_1_515' title='bbox 2177 3761 2429 3813; x_wconf 85' lang='lat' dir='ltr'>inimicum</span> 
     </span>
    </p>
   </div>
   <div class='ocr_carea' id='block_1_16' title="bbox 86 3838 2432 3913">
    <p class='ocr_par' dir='ltr' id='par_1_17' title="bbox 86 3838 2432 3913">
     <span class='ocr_line' id='line_1_50' title="bbox 86 3838 2432 3913; baseline -0.001 -25"><span class='ocrx_word' id='word_1_516' title='bbox 86 3840 100 3873; x_wconf 84' lang='lat'>&#39;-</span> <span class='ocrx_word' id='word_1_517' title='bbox 170 3853 338 3913; x_wconf 86' lang='lat' dir='ltr'>versus</span> <span class='ocrx_word' id='word_1_518' title='bbox 387 3840 548 3893; x_wconf 84' lang='lat' dir='ltr'>Solem</span> <span class='ocrx_word' id='word_1_519' title='bbox 597 3841 842 3905; x_wconf 87' lang='lat' dir='ltr'>dirigitur,</span> <span class='ocrx_word' id='word_1_520' title='bbox 892 3847 940 3892; x_wconf 91' lang='lat' dir='ltr'>et</span> <span class='ocrx_word' id='word_1_521' title='bbox 985 3840 1218 3890; x_wconf 90' lang='lat' dir='ltr'>mediocri</span> <span class='ocrx_word' id='word_1_522' title='bbox 1267 3841 1512 3894; x_wconf 88' lang='lat' dir='ltr'>celeritate</span> <span class='ocrx_word' id='word_1_523' title='bbox 1562 3840 1884 3905; x_wconf 87' lang='lat' dir='ltr'>progreditur.</span> <span class='ocrx_word' id='word_1_524' title='bbox 1962 3841 2079 3891; x_wconf 89' lang='lat' dir='ltr'>Jam</span> <span class='ocrx_word' id='word_1_525' title='bbox 2118 3854 2264 3900; x_wconf 81' lang='lat' dir='ltr'>vere,</span> <span class='ocrx_word' id='word_1_526' title='bbox 2302 3838 2432 3888; x_wconf 89' lang='lat' dir='ltr'>ultra</span> 
     </span>
    </p>
   </div>
   <div class='ocr_carea' id='block_1_17' title="bbox 0 0 122 4100">
    <p class='ocr_par' dir='ltr' id='par_1_18' title="bbox 0 0 122 4100">
     <span class='ocr_line' id='line_1_51' title="bbox 0 0 122 4100; baseline 0 0"><span class='ocrx_word' id='word_1_527' title='bbox 0 0 122 4100; x_wconf 95' lang='lat' dir='ltr'> </span> 
     </span>
    </p>
   </div>
  </div>
 </body>
</html>
