<?xml version="1.0" encoding="UTF-8"?>
<!DOCTYPE html PUBLIC "-//W3C//DTD XHTML 1.0 Transitional//EN"
    "http://www.w3.org/TR/xhtml1/DTD/xhtml1-transitional.dtd">
<html xmlns="http://www.w3.org/1999/xhtml" xml:lang="en" lang="en">
 <head>
  <title>
</title>
<meta http-equiv="Content-Type" content="text/html;charset=utf-8" />
  <meta name='ocr-system' content='tesseract 3.04.00' />
  <meta name='ocr-capabilities' content='ocr_page ocr_carea ocr_par ocr_line ocrx_word'/>
</head>
<body>
  <div class='ocr_page' id='page_1' title='image "./operaomniaedidit06kepluoft_0329.png"; bbox 0 0 2554 4140; ppageno 0'>
   <div class='ocr_carea' id='block_1_1' title="bbox 827 159 2298 219">
    <p class='ocr_par' dir='ltr' id='par_1_1' title="bbox 827 159 2298 219">
     <span class='ocr_line' id='line_1_1' title="bbox 827 159 2298 219; baseline 0.001 -13"><span class='ocrx_word' id='word_1_1' title='bbox 827 162 963 208; x_wconf 88' lang='lat' dir='ltr'><strong><em>Liber</em></strong></span> <span class='ocrx_word' id='word_1_2' title='bbox 994 163 1211 219; x_wconf 77' lang='lat' dir='ltr'><strong>Quartus.</strong></span> <span class='ocrx_word' id='word_1_3' title='bbox 1269 162 1380 206; x_wconf 84' lang='lat' dir='ltr'><strong><em>Pars</em></strong></span> <span class='ocrx_word' id='word_1_4' title='bbox 1411 160 1576 206; x_wconf 86' lang='lat' dir='ltr'><strong><em>Prima.</em></strong></span> <span class='ocrx_word' id='word_1_5' title='bbox 2195 159 2298 212; x_wconf 84' lang='lat'><strong><em>315</em></strong></span> 
     </span>
    </p>
   </div>
   <div class='ocr_carea' id='block_1_2' title="bbox 56 305 2304 447">
    <p class='ocr_par' dir='ltr' id='par_1_2' title="bbox 56 305 2304 447">
     <span class='ocr_line' id='line_1_2' title="bbox 56 305 2304 379; baseline -0.004 -17"><span class='ocrx_word' id='word_1_6' title='bbox 56 314 134 362; x_wconf 89' lang='lat' dir='ltr'><strong><em>sui</em></strong></span> <span class='ocrx_word' id='word_1_7' title='bbox 170 314 379 376; x_wconf 80' lang='lat' dir='ltr'>imagine</span> <span class='ocrx_word' id='word_1_8' title='bbox 413 311 509 360; x_wconf 87' lang='lat' dir='ltr'><strong><em>sibi</em></strong></span> <span class='ocrx_word' id='word_1_9' title='bbox 547 312 849 375; x_wconf 82' lang='lat' dir='ltr'><strong>complaceat</strong></span> <span class='ocrx_word' id='word_1_10' title='bbox 885 327 1035 375; x_wconf 88' lang='lat' dir='ltr'><strong><em>seque</em></strong></span> <span class='ocrx_word' id='word_1_11' title='bbox 1072 314 1232 376; x_wconf 89' lang='lat' dir='ltr'><strong><em>ipsum</em></strong></span> <span class='ocrx_word' id='word_1_12' title='bbox 1269 308 1588 360; x_wconf 88' lang='lat' dir='ltr'><strong><em>illuminando</em></strong></span> <span class='ocrx_word' id='word_1_13' title='bbox 1627 309 1846 371; x_wconf 77' lang='lat' dir='ltr'><strong>illustret,</strong></span> <span class='ocrx_word' id='word_1_14' title='bbox 1888 305 2188 379; x_wconf 79' lang='lat' dir='ltr'><strong><em>calfaciendo</em></strong></span> <span class='ocrx_word' id='word_1_15' title='bbox 2215 308 2304 354; x_wconf 83' lang='lat' dir='ltr'><strong><em>in-</em></strong></span> 
     </span>
     <span class='ocr_line' id='line_1_3' title="bbox 58 385 1199 447; baseline -0.003 -12"><span class='ocrx_word' id='word_1_16' title='bbox 58 386 244 436; x_wconf 91' lang='lat' dir='ltr'><strong><em>cendat.</em></strong></span> <span class='ocrx_word' id='word_1_17' title='bbox 319 385 431 434; x_wconf 91' lang='lat' dir='ltr'><strong><em>Huc</em></strong></span> <span class='ocrx_word' id='word_1_18' title='bbox 466 386 707 447; x_wconf 82' lang='lat' dir='ltr'>pertinent</span> <span class='ocrx_word' id='word_1_19' title='bbox 748 385 974 434; x_wconf 84' lang='lat' dir='ltr'><strong><em>versiculi</em></strong></span> <span class='ocrx_word' id='word_1_20' title='bbox 1013 385 1199 435; x_wconf 90' lang='lat' dir='ltr'><strong><em>melici:</em></strong></span> 
     </span>
    </p>
   </div>
   <div class='ocr_carea' id='block_1_3' title="bbox 745 498 1480 848">
    <p class='ocr_par' dir='ltr' id='par_1_3' title="bbox 748 498 1412 672">
     <span class='ocr_line' id='line_1_4' title="bbox 749 498 1412 557; baseline -0.002 -14"><span class='ocrx_word' id='word_1_21' title='bbox 749 499 892 544; x_wconf 79' lang='lat' dir='ltr'><strong><em>Tuam</em></strong></span> <span class='ocrx_word' id='word_1_22' title='bbox 923 500 1002 557; x_wconf 76' lang='lat' dir='ltr'><strong><em>qui</em></strong></span> <span class='ocrx_word' id='word_1_23' title='bbox 1029 499 1194 555; x_wconf 80' lang='lat' dir='ltr'><strong><em>faciem</em></strong></span> <span class='ocrx_word' id='word_1_24' title='bbox 1222 498 1412 555; x_wconf 75' lang='lat' dir='ltr'><strong><em>inspicis</em></strong></span> 
     </span>
     <span class='ocr_line' id='line_1_5' title="bbox 757 557 1315 615; baseline 0.002 -14"><span class='ocrx_word' id='word_1_25' title='bbox 757 557 1058 615; x_wconf 78' lang='lat' dir='ltr'><strong><em>Undiquaqne</em></strong></span> <span class='ocrx_word' id='word_1_26' title='bbox 1087 558 1315 603; x_wconf 78' lang='lat' dir='ltr'><strong><em>resultans</em></strong></span> 
     </span>
     <span class='ocr_line' id='line_1_6' title="bbox 748 614 1208 672; baseline -0.002 -12"><span class='ocrx_word' id='word_1_27' title='bbox 748 614 960 661; x_wconf 80' lang='lat' dir='ltr'><strong><em>Aetheris</em></strong></span> <span class='ocrx_word' id='word_1_28' title='bbox 986 616 1208 672; x_wconf 68' lang='lat' dir='ltr'><strong><em>umbilico,</em></strong></span> 
     </span>
    </p>

    <p class='ocr_par' dir='ltr' id='par_1_4' title="bbox 745 673 1480 848">
     <span class='ocr_line' id='line_1_7' title="bbox 754 673 1480 732; baseline 0 -14"><span class='ocrx_word' id='word_1_29' title='bbox 754 673 957 719; x_wconf 83' lang='lat' dir='ltr'><strong><em>Vitreum</em></strong></span> <span class='ocrx_word' id='word_1_30' title='bbox 977 688 1066 732; x_wconf 77' lang='lat' dir='ltr'><strong><em>per</em></strong></span> <span class='ocrx_word' id='word_1_31' title='bbox 1092 675 1231 719; x_wconf 80' lang='lat' dir='ltr'><strong><em>inane</em></strong></span> <span class='ocrx_word' id='word_1_32' title='bbox 1258 674 1480 730; x_wconf 79' lang='lat' dir='ltr'><strong><em>fluentum</em></strong></span> 
     </span>
     <span class='ocr_line' id='line_1_8' title="bbox 745 730 1380 791; baseline -0.002 -14"><span class='ocrx_word' id='word_1_33' title='bbox 745 730 1003 791; x_wconf 72' lang='lat' dir='ltr'><strong><em>Fnlanum</em></strong></span> <span class='ocrx_word' id='word_1_34' title='bbox 1032 734 1251 788; x_wconf 80' lang='lat' dir='ltr'><strong><em>scatebra,</em></strong></span> <span class='ocrx_word' id='word_1_35' title='bbox 1284 730 1380 787; x_wconf 84' lang='lat' dir='ltr'><strong><em>Sol,</em></strong></span> 
     </span>
     <span class='ocr_line' id='line_1_9' title="bbox 752 790 1322 848; baseline -0.002 -13"><span class='ocrx_word' id='word_1_36' title='bbox 752 790 879 848; x_wconf 73' lang='lat' dir='ltr'><strong><em>Quae</em></strong></span> <span class='ocrx_word' id='word_1_37' title='bbox 908 792 1080 847; x_wconf 76' lang='lat' dir='ltr'><strong><em>reflexa</em></strong></span> <span class='ocrx_word' id='word_1_38' title='bbox 1108 792 1322 837; x_wconf 82' lang='lat' dir='ltr'><strong><em>resorbet.</em></strong></span> 
     </span>
    </p>
   </div>
   <div class='ocr_carea' id='block_1_4' title="bbox 3 904 2327 2216">
    <p class='ocr_par' dir='ltr' id='par_1_5' title="bbox 3 904 2327 2216">
     <span class='ocr_line' id='line_1_10' title="bbox 203 904 2299 970; baseline -0.003 -13"><span class='ocrx_word' id='word_1_39' title='bbox 203 907 509 969; x_wconf 79' lang='lat' dir='ltr'><strong><em>Copernicus</em></strong></span> <span class='ocrx_word' id='word_1_40' title='bbox 546 912 719 955; x_wconf 85' lang='lat' dir='ltr'><strong><em>tamen</em></strong></span> <span class='ocrx_word' id='word_1_41' title='bbox 757 907 923 957; x_wconf 86' lang='lat' dir='ltr'><strong><em>Solem</em></strong></span> <span class='ocrx_word' id='word_1_42' title='bbox 959 923 1067 958; x_wconf 84' lang='lat' dir='ltr'><strong><em>non</em></strong></span> <span class='ocrx_word' id='word_1_43' title='bbox 1099 911 1304 970; x_wconf 79' lang='lat' dir='ltr'><strong><em>penitus</em></strong></span> <span class='ocrx_word' id='word_1_44' title='bbox 1340 912 1396 957; x_wconf 88' lang='lat' dir='ltr'><strong><em>in</em></strong></span> <span class='ocrx_word' id='word_1_45' title='bbox 1429 911 1599 970; x_wconf 81' lang='lat' dir='ltr'><strong><em>ipsum</em></strong></span> <span class='ocrx_word' id='word_1_46' title='bbox 1629 905 1813 956; x_wconf 79' lang='lat' dir='ltr'><strong><em>mundi</em></strong></span> <span class='ocrx_word' id='word_1_47' title='bbox 1840 911 2067 953; x_wconf 83' lang='lat' dir='ltr'><strong><em>centrum</em></strong></span> <span class='ocrx_word' id='word_1_48' title='bbox 2094 904 2299 966; x_wconf 71' lang='lat' dir='ltr'><strong><em>redeyit.</em></strong></span> 
     </span>
     <span class='ocr_line' id='line_1_11' title="bbox 55 979 2327 1045; baseline -0.002 -16"><span class='ocrx_word' id='word_1_49' title='bbox 55 980 164 1029; x_wconf 90' lang='lat' dir='ltr'><strong><em>Hoc</em></strong></span> <span class='ocrx_word' id='word_1_50' title='bbox 211 980 302 1028; x_wconf 83' lang='lat' dir='ltr'><strong><em>suit</em></strong></span> <span class='ocrx_word' id='word_1_51' title='bbox 350 981 588 1028; x_wconf 89' lang='lat' dir='ltr'><strong><em>intentum</em></strong></span> <span class='ocrx_word' id='word_1_52' title='bbox 626 979 883 1043; x_wconf 87' lang='lat' dir='ltr'><strong><em>Coperniei</em></strong></span> <span class='ocrx_word' id='word_1_53' title='bbox 931 980 1209 1043; x_wconf 85' lang='lat' dir='ltr'><strong><em>ostendere,</em></strong></span> <span class='ocrx_word' id='word_1_54' title='bbox 1266 982 1398 1045; x_wconf 90' lang='lat' dir='ltr'><strong><em>quod</em></strong></span> <span class='ocrx_word' id='word_1_55' title='bbox 1444 980 1601 1030; x_wconf 89' lang='lat' dir='ltr'><strong><em>nodus</em></strong></span> <span class='ocrx_word' id='word_1_56' title='bbox 1651 980 1736 1028; x_wconf 90' lang='lat' dir='ltr'><strong><em>ille</em></strong></span> <span class='ocrx_word' id='word_1_57' title='bbox 1776 979 2044 1028; x_wconf 87' lang='lat' dir='ltr'><strong><em>communis</em></strong></span> <span class='ocrx_word' id='word_1_58' title='bbox 2083 979 2327 1026; x_wconf 73' lang='lat' dir='ltr'><strong><em>omniurnv</em></strong></span> 
     </span>
     <span class='ocr_line' id='line_1_12' title="bbox 53 1050 2303 1118; baseline -0.002 -16"><span class='ocrx_word' id='word_1_59' title='bbox 53 1058 373 1118; x_wconf 83' lang='lat' dir='ltr'><strong><em>systematum</em></strong></span> <span class='ocrx_word' id='word_1_60' title='bbox 410 1053 807 1115; x_wconf 76' lang='lat' dir='ltr'><strong><em>planetariorum,</em></strong></span> <span class='ocrx_word' id='word_1_61' title='bbox 848 1053 908 1102; x_wconf 90' lang='lat' dir='ltr'><strong><em>de</em></strong></span> <span class='ocrx_word' id='word_1_62' title='bbox 947 1069 1044 1117; x_wconf 91' lang='lat' dir='ltr'><strong><em>quo</em></strong></span> <span class='ocrx_word' id='word_1_63' title='bbox 1085 1054 1220 1115; x_wconf 83' lang='lat' dir='ltr'><strong><em>infra,</em></strong></span> <span class='ocrx_word' id='word_1_64' title='bbox 1263 1062 1451 1104; x_wconf 89' lang='lat' dir='ltr'><strong><em>tantum</em></strong></span> <span class='ocrx_word' id='word_1_65' title='bbox 1491 1054 1637 1103; x_wconf 89' lang='lat' dir='ltr'><strong><em>distet</em></strong></span> <span class='ocrx_word' id='word_1_66' title='bbox 1675 1069 1705 1101; x_wconf 88' lang='lat' dir='ltr'><strong><em>a</em></strong></span> <span class='ocrx_word' id='word_1_67' title='bbox 1742 1056 1904 1101; x_wconf 89' lang='lat' dir='ltr'><strong><em>centro</em></strong></span> <span class='ocrx_word' id='word_1_68' title='bbox 1945 1050 2098 1112; x_wconf 90' lang='lat' dir='ltr'><strong><em>Solis,</em></strong></span> <span class='ocrx_word' id='word_1_69' title='bbox 2139 1065 2303 1113; x_wconf 90' lang='lat' dir='ltr'><strong><em>quan-</em></strong></span> 
     </span>
     <span class='ocr_line' id='line_1_13' title="bbox 53 1124 2304 1191; baseline -0.002 -15"><span class='ocrx_word' id='word_1_70' title='bbox 53 1134 154 1176; x_wconf 81' lang='lat' dir='ltr'><strong><em>tam</em></strong></span> <span class='ocrx_word' id='word_1_71' title='bbox 189 1132 380 1176; x_wconf 85' lang='lat' dir='ltr'><strong><em>veteres</em></strong></span> <span class='ocrx_word' id='word_1_72' title='bbox 430 1126 615 1174; x_wconf 86' lang='lat' dir='ltr'><strong><em>faciunt</em></strong></span> <span class='ocrx_word' id='word_1_73' title='bbox 651 1125 780 1175; x_wconf 85' lang='lat' dir='ltr'><strong><em>Solis</em></strong></span> <span class='ocrx_word' id='word_1_74' title='bbox 828 1127 1260 1176; x_wconf 87' lang='lat' dir='ltr'><strong><em>eccentricitatem:</em></strong></span> <span class='ocrx_word' id='word_1_75' title='bbox 1314 1143 1458 1191; x_wconf 86' lang='lat' dir='ltr'><strong><em>quem</em></strong></span> <span class='ocrx_word' id='word_1_76' title='bbox 1506 1127 1687 1176; x_wconf 89' lang='lat' dir='ltr'><strong><em>nodum</em></strong></span> <span class='ocrx_word' id='word_1_77' title='bbox 1739 1127 1842 1189; x_wconf 84' lang='lat' dir='ltr'><strong><em>ipse</em></strong></span> <span class='ocrx_word' id='word_1_78' title='bbox 1882 1130 2099 1173; x_wconf 86' lang='lat' dir='ltr'><strong><em>centrum</em></strong></span> <span class='ocrx_word' id='word_1_79' title='bbox 2136 1124 2304 1172; x_wconf 89' lang='lat' dir='ltr'><strong><em>mundi</em></strong></span> 
     </span>
     <span class='ocr_line' id='line_1_14' title="bbox 53 1197 2305 1263; baseline -0.002 -15"><span class='ocrx_word' id='word_1_80' title='bbox 53 1200 238 1260; x_wconf 76' lang='lat' dir='ltr'><strong><em>statuit,</em></strong></span> <span class='ocrx_word' id='word_1_81' title='bbox 279 1199 418 1247; x_wconf 89' lang='lat' dir='ltr'><strong><em>nulla</em></strong></span> <span class='ocrx_word' id='word_1_82' title='bbox 456 1198 866 1248; x_wconf 84' lang='lat' dir='ltr'><strong><em>demonstratione</em></strong></span> <span class='ocrx_word' id='word_1_83' title='bbox 904 1202 1231 1249; x_wconf 84' lang='lat' dir='ltr'><strong><em>astronomica</em></strong></span> <span class='ocrx_word' id='word_1_84' title='bbox 1268 1201 1485 1262; x_wconf 75' lang='lat' dir='ltr'><strong><em>adactUS,</em></strong></span> <span class='ocrx_word' id='word_1_85' title='bbox 1527 1200 1612 1250; x_wconf 87' lang='lat' dir='ltr'><strong><em>sed</em></strong></span> <span class='ocrx_word' id='word_1_86' title='bbox 1638 1204 1834 1263; x_wconf 90' lang='lat' dir='ltr'><strong><em>propter</em></strong></span> <span class='ocrx_word' id='word_1_87' title='bbox 1872 1197 2029 1246; x_wconf 86' lang='lat' dir='ltr'><strong><em>solam</em></strong></span> <span class='ocrx_word' id='word_1_88' title='bbox 2054 1199 2305 1246; x_wconf 88' lang='lat' dir='ltr'><strong><em>concinni-</em></strong></span> 
     </span>
     <span class='ocr_line' id='line_1_15' title="bbox 53 1270 2304 1332; baseline -0.002 -10"><span class='ocrx_word' id='word_1_89' title='bbox 53 1279 228 1332; x_wconf 84' lang='lat' dir='ltr'><strong><em>tatem,</em></strong></span> <span class='ocrx_word' id='word_1_90' title='bbox 281 1287 343 1320; x_wconf 91' lang='lat' dir='ltr'><strong><em>ne</em></strong></span> <span class='ocrx_word' id='word_1_91' title='bbox 391 1270 601 1321; x_wconf 86' lang='lat' dir='ltr'><strong><em>differret</em></strong></span> <span class='ocrx_word' id='word_1_92' title='bbox 645 1271 726 1321; x_wconf 93' lang='lat' dir='ltr'><strong><em>ille</em></strong></span> <span class='ocrx_word' id='word_1_93' title='bbox 780 1273 935 1321; x_wconf 86' lang='lat' dir='ltr'><strong><em>nodus</em></strong></span> <span class='ocrx_word' id='word_1_94' title='bbox 975 1279 1023 1323; x_wconf 92' lang='lat' dir='ltr'><strong><em>et</em></strong></span> <span class='ocrx_word' id='word_1_95' title='bbox 1061 1274 1314 1323; x_wconf 82' lang='lat' dir='ltr'><strong><em>co&#39;mmune</em></strong></span> <span class='ocrx_word' id='word_1_96' title='bbox 1353 1273 1508 1324; x_wconf 88' lang='lat' dir='ltr'><strong><em>veluti</em></strong></span> <span class='ocrx_word' id='word_1_97' title='bbox 1547 1280 1764 1323; x_wconf 89' lang='lat' dir='ltr'><strong><em>centrum</em></strong></span> <span class='ocrx_word' id='word_1_98' title='bbox 1805 1271 1995 1320; x_wconf 86' lang='lat' dir='ltr'><strong><em>orbium</em></strong></span> <span class='ocrx_word' id='word_1_99' title='bbox 2049 1270 2304 1320; x_wconf 89' lang='lat' dir='ltr'><strong><em>mobilium</em></strong></span> 
     </span>
     <span class='ocr_line' id='line_1_16' title="bbox 54 1345 2308 1410; baseline -0.002 -15"><span class='ocrx_word' id='word_1_100' title='bbox 54 1347 118 1395; x_wconf 90' lang='lat' dir='ltr'><strong><em>ab</em></strong></span> <span class='ocrx_word' id='word_1_101' title='bbox 157 1347 400 1410; x_wconf 87' lang='lat' dir='ltr'><strong><em>ipsissimo</em></strong></span> <span class='ocrx_word' id='word_1_102' title='bbox 440 1351 603 1394; x_wconf 87' lang='lat' dir='ltr'><strong><em>centro</em></strong></span> <span class='ocrx_word' id='word_1_103' title='bbox 640 1345 824 1394; x_wconf 89' lang='lat' dir='ltr'><strong><em>mundi.</em></strong></span> <span class='ocrx_word' id='word_1_104' title='bbox 901 1345 1090 1409; x_wconf 83' lang='lat' dir='ltr'><strong><em>Quodsi</em></strong></span> <span class='ocrx_word' id='word_1_105' title='bbox 1137 1348 1245 1410; x_wconf 88' lang='lat' dir='ltr'><strong><em>quis</em></strong></span> <span class='ocrx_word' id='word_1_106' title='bbox 1284 1348 1409 1396; x_wconf 87' lang='lat' dir='ltr'><strong><em>alius</em></strong></span> <span class='ocrx_word' id='word_1_107' title='bbox 1457 1347 1630 1396; x_wconf 90' lang='lat' dir='ltr'><strong><em>eadem</em></strong></span> <span class='ocrx_word' id='word_1_108' title='bbox 1669 1346 1994 1395; x_wconf 88' lang='lat' dir='ltr'><strong><em>concinnitate</em></strong></span> <span class='ocrx_word' id='word_1_109' title='bbox 2032 1359 2150 1392; x_wconf 86' lang='lat' dir='ltr'><strong><em>usus</em></strong></span> <span class='ocrx_word' id='word_1_110' title='bbox 2189 1358 2308 1392; x_wconf 90' lang='lat' dir='ltr'><strong><em>con-</em></strong></span> 
     </span>
     <span class='ocr_line' id='line_1_17' title="bbox 55 1417 2303 1484; baseline -0.002 -16"><span class='ocrx_word' id='word_1_111' title='bbox 55 1418 249 1468; x_wconf 87' lang='lat' dir='ltr'><strong><em>tendere</em></strong></span> <span class='ocrx_word' id='word_1_112' title='bbox 276 1418 527 1479; x_wconf 86' lang='lat' dir='ltr'><strong><em>volnisset,</em></strong></span> <span class='ocrx_word' id='word_1_113' title='bbox 566 1417 687 1466; x_wconf 91' lang='lat' dir='ltr'><strong><em>illud</em></strong></span> <span class='ocrx_word' id='word_1_114' title='bbox 727 1420 888 1483; x_wconf 87' lang='lat' dir='ltr'><strong><em>potius</em></strong></span> <span class='ocrx_word' id='word_1_115' title='bbox 928 1435 1034 1469; x_wconf 88' lang='lat' dir='ltr'><strong><em>esse</em></strong></span> <span class='ocrx_word' id='word_1_116' title='bbox 1073 1419 1360 1482; x_wconf 84' lang='lat' dir='ltr'><strong><em>cavendum,</em></strong></span> <span class='ocrx_word' id='word_1_117' title='bbox 1401 1435 1461 1470; x_wconf 91' lang='lat' dir='ltr'><strong><em>ne</em></strong></span> <span class='ocrx_word' id='word_1_118' title='bbox 1500 1420 1669 1469; x_wconf 87' lang='lat' dir='ltr'><strong><em>Solem</em></strong></span> <span class='ocrx_word' id='word_1_119' title='bbox 1690 1421 1850 1484; x_wconf 88' lang='lat' dir='ltr'><strong><em>ipsum</em></strong></span> <span class='ocrx_word' id='word_1_120' title='bbox 1889 1433 1918 1467; x_wconf 88' lang='lat' dir='ltr'><strong><em>a</em></strong></span> <span class='ocrx_word' id='word_1_121' title='bbox 1945 1423 2113 1479; x_wconf 53' lang='lat' dir='ltr'><strong><em>centro⁸</em></strong></span> <span class='ocrx_word' id='word_1_122' title='bbox 2137 1417 2303 1466; x_wconf 90' lang='lat' dir='ltr'><strong><em>mundi</em></strong></span> 
     </span>
     <span class='ocr_line' id='line_1_18' title="bbox 26 1491 2309 1556; baseline -0.003 -13"><span class='ocrx_word' id='word_1_123' title='bbox 26 1492 241 1543; x_wconf 61' lang='lat' dir='ltr'><strong><em>:differre</em></strong></span> <span class='ocrx_word' id='word_1_124' title='bbox 278 1491 531 1552; x_wconf 84' lang='lat' dir='ltr'><strong><em>faciamus,</em></strong></span> <span class='ocrx_word' id='word_1_125' title='bbox 569 1497 620 1539; x_wconf 90' lang='lat' dir='ltr'><strong><em>at</em></strong></span> <span class='ocrx_word' id='word_1_126' title='bbox 657 1491 787 1540; x_wconf 92' lang='lat' dir='ltr'><strong><em>nodo</em></strong></span> <span class='ocrx_word' id='word_1_127' title='bbox 827 1492 896 1540; x_wconf 90' lang='lat' dir='ltr'><strong><em>illi</em></strong></span> <span class='ocrx_word' id='word_1_128' title='bbox 934 1494 1146 1556; x_wconf 88' lang='lat' dir='ltr'><strong><em>regionis</em></strong></span> <span class='ocrx_word' id='word_1_129' title='bbox 1183 1493 1436 1542; x_wconf 88' lang='lat' dir='ltr'><strong><em>mobilium</em></strong></span> <span class='ocrx_word' id='word_1_130' title='bbox 1468 1494 1703 1554; x_wconf 87' lang='lat' dir='ltr'><strong><em>sufficere,</em></strong></span> <span class='ocrx_word' id='word_1_131' title='bbox 1743 1497 1797 1541; x_wconf 92' lang='lat' dir='ltr'><strong><em>ut</em></strong></span> <span class='ocrx_word' id='word_1_132' title='bbox 1823 1496 1918 1540; x_wconf 88' lang='lat' dir='ltr'><strong><em>stet</em></strong></span> <span class='ocrx_word' id='word_1_133' title='bbox 1943 1492 2176 1556; x_wconf 87' lang='lat' dir='ltr'><strong><em>proxime,</em></strong></span> <span class='ocrx_word' id='word_1_134' title='bbox 2218 1492 2309 1539; x_wconf 83' lang='lat' dir='ltr'><strong><em>etsi</em></strong></span> 
     </span>
     <span class='ocr_line' id='line_1_19' title="bbox 53 1563 2311 1630; baseline -0.002 -16"><span class='ocrx_word' id='word_1_135' title='bbox 53 1579 152 1614; x_wconf 91' lang='lat' dir='ltr'><strong><em>non</em></strong></span> <span class='ocrx_word' id='word_1_136' title='bbox 189 1565 256 1613; x_wconf 86' lang='lat' dir='ltr'><strong><em>sit</em></strong></span> <span class='ocrx_word' id='word_1_137' title='bbox 293 1563 436 1628; x_wconf 89' lang='lat' dir='ltr'><strong><em>plane</em></strong></span> <span class='ocrx_word' id='word_1_138' title='bbox 475 1566 527 1612; x_wconf 92' lang='lat' dir='ltr'><strong><em>in</em></strong></span> <span class='ocrx_word' id='word_1_139' title='bbox 563 1566 670 1627; x_wconf 86' lang='lat' dir='ltr'><strong><em>ipso</em></strong></span> <span class='ocrx_word' id='word_1_140' title='bbox 711 1571 902 1614; x_wconf 90' lang='lat' dir='ltr'><strong><em>centro:</em></strong></span> <span class='ocrx_word' id='word_1_141' title='bbox 961 1569 1044 1630; x_wconf 87' lang='lat' dir='ltr'><strong><em>qui</em></strong></span> <span class='ocrx_word' id='word_1_142' title='bbox 1083 1567 1176 1616; x_wconf 92' lang='lat' dir='ltr'><strong><em>hoc</em></strong></span> <span class='ocrx_word' id='word_1_143' title='bbox 1214 1568 1414 1630; x_wconf 86' lang='lat' dir='ltr'><strong><em>inquam</em></strong></span> <span class='ocrx_word' id='word_1_144' title='bbox 1453 1566 1743 1617; x_wconf 88' lang='lat' dir='ltr'><strong><em>contendere</em></strong></span> <span class='ocrx_word' id='word_1_145' title='bbox 1783 1565 2051 1623; x_wconf 87' lang='lat' dir='ltr'><strong><em>voluisset,</em></strong></span> <span class='ocrx_word' id='word_1_146' title='bbox 2103 1566 2146 1613; x_wconf 89' lang='lat' dir='ltr'><strong><em>is</em></strong></span> <span class='ocrx_word' id='word_1_147' title='bbox 2189 1563 2311 1611; x_wconf 88' lang='lat' dir='ltr'><strong><em>nihil</em></strong></span> 
     </span>
     <span class='ocr_line' id='line_1_20' title="bbox 56 1638 2309 1704; baseline -0.001 -17"><span class='ocrx_word' id='word_1_148' title='bbox 56 1638 298 1688; x_wconf 84' lang='lat' dir='ltr'><strong><em>turbasset</em></strong></span> <span class='ocrx_word' id='word_1_149' title='bbox 346 1639 395 1685; x_wconf 94' lang='lat' dir='ltr'><strong><em>in</em></strong></span> <span class='ocrx_word' id='word_1_150' title='bbox 442 1639 743 1687; x_wconf 89' lang='lat' dir='ltr'><strong><em>astronomia</em></strong></span> <span class='ocrx_word' id='word_1_151' title='bbox 782 1639 1135 1703; x_wconf 87' lang='lat' dir='ltr'><strong><em>Copernicana.</em></strong></span> <span class='ocrx_word' id='word_1_152' title='bbox 1210 1640 1289 1689; x_wconf 91' lang='lat' dir='ltr'><strong><em>Ita</em></strong></span> <span class='ocrx_word' id='word_1_153' title='bbox 1335 1643 1490 1704; x_wconf 90' lang='lat' dir='ltr'><strong><em>primo</em></strong></span> <span class='ocrx_word' id='word_1_154' title='bbox 1539 1642 1685 1689; x_wconf 87' lang='lat' dir='ltr'><strong><em>etiam</em></strong></span> <span class='ocrx_word' id='word_1_155' title='bbox 1732 1653 1818 1702; x_wconf 91' lang='lat' dir='ltr'><strong><em>per</em></strong></span> <span class='ocrx_word' id='word_1_156' title='bbox 1854 1638 1980 1687; x_wconf 87' lang='lat' dir='ltr'><strong><em>hanc</em></strong></span> <span class='ocrx_word' id='word_1_157' title='bbox 2030 1639 2309 1700; x_wconf 89' lang='lat' dir='ltr'><strong><em>opinionem</em></strong></span> 
     </span>
     <span class='ocr_line' id='line_1_21' title="bbox 50 1711 2311 1777; baseline -0.001 -16"><span class='ocrx_word' id='word_1_158' title='bbox 50 1712 327 1774; x_wconf 83' lang='lat' dir='ltr'><strong><em>Copernici‚</em></strong></span> <span class='ocrx_word' id='word_1_159' title='bbox 369 1711 648 1760; x_wconf 84' lang='lat' dir='ltr'><strong><em>distantiam</em></strong></span> <span class='ocrx_word' id='word_1_160' title='bbox 686 1726 752 1760; x_wconf 86' lang='lat' dir='ltr'><strong><em>sc.</em></strong></span> <span class='ocrx_word' id='word_1_161' title='bbox 793 1712 909 1760; x_wconf 91' lang='lat' dir='ltr'><strong><em>nodi</em></strong></span> <span class='ocrx_word' id='word_1_162' title='bbox 947 1713 1077 1761; x_wconf 88' lang='lat' dir='ltr'><strong><em>illius</em></strong></span> <span class='ocrx_word' id='word_1_163' title='bbox 1116 1729 1146 1762; x_wconf 92' lang='lat' dir='ltr'><strong><em>a</em></strong></span> <span class='ocrx_word' id='word_1_164' title='bbox 1184 1711 1314 1774; x_wconf 85' lang='lat' dir='ltr'><strong><em>Sole,</em></strong></span> <span class='ocrx_word' id='word_1_165' title='bbox 1353 1719 1639 1777; x_wconf 84' lang='lat' dir='ltr'><strong><em>permanent</em></strong></span> <span class='ocrx_word' id='word_1_166' title='bbox 1675 1711 1986 1760; x_wconf 85' lang='lat' dir='ltr'><strong><em>nihilominus</em></strong></span> <span class='ocrx_word' id='word_1_167' title='bbox 2026 1717 2311 1774; x_wconf 87' lang='lat' dir='ltr'><strong><em>argumenta</em></strong></span> 
     </span>
     <span class='ocr_line' id='line_1_22' title="bbox 54 1783 2311 1849; baseline -0.001 -15"><span class='ocrx_word' id='word_1_168' title='bbox 54 1785 229 1834; x_wconf 82' lang='lat' dir='ltr'><strong><em>ultima</em></strong></span> <span class='ocrx_word' id='word_1_169' title='bbox 266 1783 326 1832; x_wconf 91' lang='lat' dir='ltr'><strong><em>de</em></strong></span> <span class='ocrx_word' id='word_1_170' title='bbox 363 1783 474 1833; x_wconf 90' lang='lat' dir='ltr'><strong><em>loco</em></strong></span> <span class='ocrx_word' id='word_1_171' title='bbox 514 1783 645 1833; x_wconf 86' lang='lat' dir='ltr'><strong><em>Solis</em></strong></span> <span class='ocrx_word' id='word_1_172' title='bbox 682 1786 730 1831; x_wconf 91' lang='lat' dir='ltr'><strong><em>in</em></strong></span> <span class='ocrx_word' id='word_1_173' title='bbox 771 1787 879 1849; x_wconf 88' lang='lat' dir='ltr'><strong><em>ipso</em></strong></span> <span class='ocrx_word' id='word_1_174' title='bbox 918 1791 1106 1847; x_wconf 89' lang='lat' dir='ltr'><strong><em>centr0,</em></strong></span> <span class='ocrx_word' id='word_1_175' title='bbox 1155 1786 1369 1836; x_wconf 87' lang='lat' dir='ltr'><strong><em>secundo</em></strong></span> <span class='ocrx_word' id='word_1_176' title='bbox 1412 1801 1525 1836; x_wconf 84' lang='lat' dir='ltr'><strong><em>vero</em></strong></span> <span class='ocrx_word' id='word_1_177' title='bbox 1565 1802 1626 1835; x_wconf 91' lang='lat' dir='ltr'><strong><em>ne</em></strong></span> <span class='ocrx_word' id='word_1_178' title='bbox 1666 1786 1864 1849; x_wconf 90' lang='lat' dir='ltr'><strong><em>quidem</em></strong></span> <span class='ocrx_word' id='word_1_179' title='bbox 1903 1784 2311 1848; x_wconf 85' lang='lat' dir='ltr'><strong><em>acquiescendum</em></strong></span> 
     </span>
     <span class='ocr_line' id='line_1_23' title="bbox 57 1857 2312 1921; baseline -0.002 -11"><span class='ocrx_word' id='word_1_180' title='bbox 57 1863 133 1910; x_wconf 79' lang='lat' dir='ltr'><strong><em>cst</em></strong></span> <span class='ocrx_word' id='word_1_181' title='bbox 166 1857 280 1907; x_wconf 85' lang='lat' dir='ltr'><strong><em>huic</em></strong></span> <span class='ocrx_word' id='word_1_182' title='bbox 319 1858 536 1921; x_wconf 90' lang='lat' dir='ltr'><strong><em>opinioni</em></strong></span> <span class='ocrx_word' id='word_1_183' title='bbox 566 1857 837 1920; x_wconf 86' lang='lat' dir='ltr'><strong><em>Cepernici,</em></strong></span> <span class='ocrx_word' id='word_1_184' title='bbox 879 1860 1011 1921; x_wconf 88' lang='lat' dir='ltr'><strong><em>quod</em></strong></span> <span class='ocrx_word' id='word_1_185' title='bbox 1050 1859 1208 1908; x_wconf 89' lang='lat' dir='ltr'><strong><em>nodus</em></strong></span> <span class='ocrx_word' id='word_1_186' title='bbox 1247 1860 1328 1909; x_wconf 90' lang='lat' dir='ltr'><strong><em>ille</em></strong></span> <span class='ocrx_word' id='word_1_187' title='bbox 1368 1875 1397 1908; x_wconf 88' lang='lat' dir='ltr'><strong><em>a</em></strong></span> <span class='ocrx_word' id='word_1_188' title='bbox 1423 1860 1552 1909; x_wconf 89' lang='lat' dir='ltr'><strong><em>Solis</em></strong></span> <span class='ocrx_word' id='word_1_189' title='bbox 1593 1866 1757 1910; x_wconf 90' lang='lat' dir='ltr'><strong><em>centro</em></strong></span> <span class='ocrx_word' id='word_1_190' title='bbox 1797 1858 1956 1906; x_wconf 84' lang='lat' dir='ltr'><strong><em>distet.</em></strong></span> <span class='ocrx_word' id='word_1_191' title='bbox 2021 1858 2147 1906; x_wconf 89' lang='lat' dir='ltr'><strong><em>Nam</em></strong></span> <span class='ocrx_word' id='word_1_192' title='bbox 2175 1871 2312 1906; x_wconf 91' lang='lat' dir='ltr'><strong><em>com-</em></strong></span> 
     </span>
     <span class='ocr_line' id='line_1_24' title="bbox 54 1929 2308 1996; baseline -0.001 -16"><span class='ocrx_word' id='word_1_193' title='bbox 54 1932 215 1980; x_wconf 72' lang='lat' dir='ltr'><strong><em>munis</em></strong></span> <span class='ocrx_word' id='word_1_194' title='bbox 263 1929 348 1979; x_wconf 94' lang='lat' dir='ltr'><strong><em>ille</em></strong></span> <span class='ocrx_word' id='word_1_195' title='bbox 395 1929 552 1983; x_wconf 89' lang='lat' dir='ltr'><strong><em>nodus</em></strong></span> <span class='ocrx_word' id='word_1_196' title='bbox 600 1932 816 1993; x_wconf 89' lang='lat' dir='ltr'><strong><em>regionis</em></strong></span> <span class='ocrx_word' id='word_1_197' title='bbox 862 1932 1115 1981; x_wconf 89' lang='lat' dir='ltr'><strong><em>mobilium</em></strong></span> <span class='ocrx_word' id='word_1_198' title='bbox 1168 1939 1241 1982; x_wconf 86' lang='lat' dir='ltr'><strong><em>est</em></strong></span> <span class='ocrx_word' id='word_1_199' title='bbox 1292 1934 1342 1981; x_wconf 92' lang='lat' dir='ltr'><strong><em>in</em></strong></span> <span class='ocrx_word' id='word_1_200' title='bbox 1390 1934 1497 1996; x_wconf 86' lang='lat' dir='ltr'><strong><em>ipso</em></strong></span> <span class='ocrx_word' id='word_1_201' title='bbox 1537 1932 1674 1993; x_wconf 88' lang='lat' dir='ltr'><strong><em>Sole,</em></strong></span> <span class='ocrx_word' id='word_1_202' title='bbox 1722 1938 1778 1981; x_wconf 91' lang='lat' dir='ltr'><strong><em>ut</em></strong></span> <span class='ocrx_word' id='word_1_203' title='bbox 1829 1932 1952 1979; x_wconf 82' lang='lat' dir='ltr'><strong><em>infra</em></strong></span> <span class='ocrx_word' id='word_1_204' title='bbox 1998 1931 2308 1994; x_wconf 86' lang='lat' dir='ltr'><strong><em>probabitur:</em></strong></span> 
     </span>
     <span class='ocr_line' id='line_1_25' title="bbox 56 2002 2309 2068; baseline -0.001 -16"><span class='ocrx_word' id='word_1_205' title='bbox 56 2005 221 2068; x_wconf 89' lang='lat' dir='ltr'><strong><em>itaque</em></strong></span> <span class='ocrx_word' id='word_1_206' title='bbox 259 2003 630 2066; x_wconf 86' lang='lat' dir='ltr'><strong><em>quibuscunque</em></strong></span> <span class='ocrx_word' id='word_1_207' title='bbox 669 2005 1177 2054; x_wconf 87' lang='lat' dir='ltr'><strong><em>verisimilitudinibus</em></strong></span> <span class='ocrx_word' id='word_1_208' title='bbox 1217 2004 1297 2055; x_wconf 89' lang='lat' dir='ltr'><strong><em>vel</em></strong></span> <span class='ocrx_word' id='word_1_209' title='bbox 1336 2002 1606 2055; x_wconf 53' lang='lat' dir='ltr'><strong><em>unum‘vel</em></strong></span> <span class='ocrx_word' id='word_1_210' title='bbox 1645 2006 1851 2054; x_wconf 88' lang='lat' dir='ltr'><strong><em>alterum</em></strong></span> <span class='ocrx_word' id='word_1_211' title='bbox 1887 2004 2089 2054; x_wconf 88' lang='lat' dir='ltr'><strong><em>refertur</em></strong></span> <span class='ocrx_word' id='word_1_212' title='bbox 2114 2006 2164 2051; x_wconf 91' lang='lat' dir='ltr'><strong><em>in</em></strong></span> <span class='ocrx_word' id='word_1_213' title='bbox 2193 2019 2309 2053; x_wconf 60' lang='lat' dir='ltr'><strong><em>cen-‘-</em></strong></span> 
     </span>
     <span class='ocr_line' id='line_1_26' title="bbox 52 2076 2309 2144; baseline -0 -18"><span class='ocrx_word' id='word_1_214' title='bbox 52 2084 181 2126; x_wconf 74' lang='lat' dir='ltr'><strong><em>trum</em></strong></span> <span class='ocrx_word' id='word_1_215' title='bbox 220 2078 379 2140; x_wconf 87' lang='lat' dir='ltr'><strong><em>ipsum</em></strong></span> <span class='ocrx_word' id='word_1_216' title='bbox 417 2076 653 2140; x_wconf 85' lang='lat' dir='ltr'><strong><em>sphaerae</em></strong></span> <span class='ocrx_word' id='word_1_217' title='bbox 691 2078 911 2142; x_wconf 86' lang='lat' dir='ltr'><strong><em>fixarum,</em></strong></span> <span class='ocrx_word' id='word_1_218' title='bbox 951 2078 1124 2130; x_wconf 91' lang='lat' dir='ltr'><strong><em>iisdem</em></strong></span> <span class='ocrx_word' id='word_1_219' title='bbox 1165 2079 1311 2129; x_wconf 89' lang='lat' dir='ltr'><strong><em>etiam</em></strong></span> <span class='ocrx_word' id='word_1_220' title='bbox 1347 2079 1585 2144; x_wconf 88' lang='lat' dir='ltr'><strong><em>reliquum</em></strong></span> <span class='ocrx_word' id='word_1_221' title='bbox 1626 2079 1797 2128; x_wconf 91' lang='lat' dir='ltr'><strong><em>eodem</em></strong></span> <span class='ocrx_word' id='word_1_222' title='bbox 1836 2077 2070 2142; x_wconf 87' lang='lat' dir='ltr'><strong><em>redigitur</em></strong></span> <span class='ocrx_word' id='word_1_223' title='bbox 2096 2076 2176 2127; x_wconf 89' lang='lat' dir='ltr'><strong><em>vel</em></strong></span> <span class='ocrx_word' id='word_1_224' title='bbox 2202 2079 2309 2142; x_wconf 85' lang='lat' dir='ltr'><strong><em>ipso</em></strong></span> 
     </span>
     <span class='ocr_line' id='line_1_27' title="bbox 3 2150 681 2216; baseline -0.003 -16"><span class='ocrx_word' id='word_1_225' title='bbox 3 2170 5 2183; x_wconf 85' lang='lat'>=</span> <span class='ocrx_word' id='word_1_226' title='bbox 49 2150 323 2216; x_wconf 79' lang='lat' dir='ltr'><strong><em>Copemico</em></strong></span> <span class='ocrx_word' id='word_1_227' title='bbox 363 2151 681 2216; x_wconf 83' lang='lat' dir='ltr'><strong><em>approbante.</em></strong></span> 
     </span>
    </p>
   </div>
   <div class='ocr_carea' id='block_1_5' title="bbox 523 2246 1843 2347">
    <p class='ocr_par' dir='ltr' id='par_1_6' title="bbox 523 2246 1843 2347">
     <span class='ocr_line' id='line_1_28' title="bbox 523 2246 1843 2347; baseline 0.002 -16"><span class='ocrx_word' id='word_1_228' title='bbox 523 2282 612 2331; x_wconf 72' lang='lat'>1112</span> <span class='ocrx_word' id='word_1_229' title='bbox 663 2282 748 2333; x_wconf 92' lang='lat' dir='ltr'><strong><em>De</em></strong></span> <span class='ocrx_word' id='word_1_230' title='bbox 787 2282 1114 2333; x_wconf 88' lang='lat' dir='ltr'><strong><em>mobilium</em></strong></span> <span class='ocrx_word' id='word_1_231' title='bbox 1152 2282 1564 2347; x_wconf 87' lang='lat' dir='ltr'><strong><em>sphaerarum</em></strong></span> <span class='ocrx_word' id='word_1_232' title='bbox 1604 2246 1843 2333; x_wconf 85' lang='lat' dir='ltr'><strong><em>ordine.</em></strong></span> 
     </span>
    </p>
   </div>
   <div class='ocr_carea' id='block_1_6' title="bbox 0 2391 2314 3051">
    <p class='ocr_par' dir='ltr' id='par_1_7' title="bbox 0 2391 2314 3051">
     <span class='ocr_line' id='line_1_29' title="bbox 205 2391 2309 2465; baseline 0 -17"><span class='ocrx_word' id='word_1_233' title='bbox 205 2398 466 2462; x_wconf 79' lang='lat' dir='ltr'><strong><em>Quomodo</em></strong></span> <span class='ocrx_word' id='word_1_234' title='bbox 502 2399 891 2462; x_wconf 75' lang='lat' dir='ltr'><strong><em>distinyuuntur</em></strong></span> <span class='ocrx_word' id='word_1_235' title='bbox 928 2403 1062 2448; x_wconf 84' lang='lat' dir='ltr'><strong><em>inter</em></strong></span> <span class='ocrx_word' id='word_1_236' title='bbox 1097 2415 1146 2449; x_wconf 80' lang='lat' dir='ltr'><strong><em>se</em></strong></span> <span class='ocrx_word' id='word_1_237' title='bbox 1178 2401 1454 2464; x_wconf 70' lang='lat' dir='ltr'><strong><em>planetae?</em></strong></span> <span class='ocrx_word' id='word_1_238' title='bbox 1513 2401 1577 2459; x_wconf 59' lang='lat' dir='ltr'><strong><em>In¹</em></strong></span> <span class='ocrx_word' id='word_1_239' title='bbox 1609 2401 1864 2465; x_wconf 87' lang='lat' dir='ltr'><strong><em>primarios</em></strong></span> <span class='ocrx_word' id='word_1_240' title='bbox 1891 2403 1940 2450; x_wconf 88' lang='lat' dir='ltr'><strong><em>et</em></strong></span> <span class='ocrx_word' id='word_1_241' title='bbox 1964 2391 2309 2462; x_wconf 80' lang='lat' dir='ltr'><strong><em>secundarios;</em></strong></span> 
     </span>
     <span class='ocr_line' id='line_1_30' title="bbox 2 2473 2310 2536; baseline 0 -17"><span class='ocrx_word' id='word_1_242' title='bbox 2 2493 9 2536; x_wconf 54' lang='grc' dir='ltr'>ῃ</span> <span class='ocrx_word' id='word_1_243' title='bbox 54 2473 269 2536; x_wconf 81' lang='lat' dir='ltr'><strong><em>&#39;primarii</em></strong></span> <span class='ocrx_word' id='word_1_244' title='bbox 306 2478 444 2533; x_wconf 89' lang='lat' dir='ltr'><strong><em>sunt,</em></strong></span> <span class='ocrx_word' id='word_1_245' title='bbox 495 2486 702 2536; x_wconf 89' lang='lat' dir='ltr'><strong><em>quorum</em></strong></span> <span class='ocrx_word' id='word_1_246' title='bbox 741 2487 943 2536; x_wconf 86' lang='lat' dir='ltr'><strong><em>corpora</em></strong></span> <span class='ocrx_word' id='word_1_247' title='bbox 982 2474 1108 2522; x_wconf 90' lang='lat' dir='ltr'><strong><em>circa</em></strong></span> <span class='ocrx_word' id='word_1_248' title='bbox 1146 2473 1312 2523; x_wconf 90' lang='lat' dir='ltr'><strong><em>Solem</em></strong></span> <span class='ocrx_word' id='word_1_249' title='bbox 1351 2474 1619 2534; x_wconf 86' lang='lat' dir='ltr'><strong><em>vehuntur,</em></strong></span> <span class='ocrx_word' id='word_1_250' title='bbox 1659 2480 1715 2522; x_wconf 92' lang='lat' dir='ltr'><strong><em>ut</em></strong></span> <span class='ocrx_word' id='word_1_251' title='bbox 1753 2475 1876 2523; x_wconf 85' lang='lat' dir='ltr'><strong><em>infra</em></strong></span> <span class='ocrx_word' id='word_1_252' title='bbox 1914 2473 2190 2532; x_wconf 84' lang='lat' dir='ltr'><strong><em>docebitur,</em></strong></span> <span class='ocrx_word' id='word_1_253' title='bbox 2228 2487 2310 2521; x_wconf 88' lang='lat' dir='ltr'><strong><em>se—</em></strong></span> 
     </span>
     <span class='ocr_line' id='line_1_31' title="bbox 0 2537 2309 2626; baseline 0.002 -39"><span class='ocrx_word' id='word_1_254' title='bbox 0 2537 12 2626; x_wconf 45' lang='lat' dir='ltr'><strong><em>l</em></strong></span> <span class='ocrx_word' id='word_1_255' title='bbox 58 2543 275 2595; x_wconf 83' lang='lat' dir='ltr'><strong><em>eundarii</em></strong></span> <span class='ocrx_word' id='word_1_256' title='bbox 313 2550 453 2605; x_wconf 91' lang='lat' dir='ltr'><strong><em>sunt,</em></strong></span> <span class='ocrx_word' id='word_1_257' title='bbox 494 2559 700 2608; x_wconf 89' lang='lat' dir='ltr'><strong><em>quorum</em></strong></span> <span class='ocrx_word' id='word_1_258' title='bbox 739 2545 905 2594; x_wconf 91' lang='lat' dir='ltr'><strong><em>circuli</em></strong></span> <span class='ocrx_word' id='word_1_259' title='bbox 945 2547 1126 2610; x_wconf 87' lang='lat' dir='ltr'><strong><em>proprii</em></strong></span> <span class='ocrx_word' id='word_1_260' title='bbox 1163 2561 1261 2595; x_wconf 92' lang='lat' dir='ltr'><strong><em>non</em></strong></span> <span class='ocrx_word' id='word_1_261' title='bbox 1300 2548 1424 2596; x_wconf 91' lang='lat' dir='ltr'><strong><em>circa</em></strong></span> <span class='ocrx_word' id='word_1_262' title='bbox 1453 2547 1631 2604; x_wconf 90' lang='lat' dir='ltr'><strong><em>Solem,</em></strong></span> <span class='ocrx_word' id='word_1_263' title='bbox 1673 2547 1759 2596; x_wconf 91' lang='lat' dir='ltr'><strong><em>sed</em></strong></span> <span class='ocrx_word' id='word_1_264' title='bbox 1797 2548 1927 2597; x_wconf 88' lang='lat' dir='ltr'><strong><em>circa</em></strong></span> <span class='ocrx_word' id='word_1_265' title='bbox 1965 2561 2113 2595; x_wconf 90' lang='lat' dir='ltr'><strong><em>unum</em></strong></span> <span class='ocrx_word' id='word_1_266' title='bbox 2154 2560 2179 2594; x_wconf 92' lang='lat' dir='ltr'><strong><em>e</em></strong></span> <span class='ocrx_word' id='word_1_267' title='bbox 2209 2547 2309 2610; x_wconf 86' lang='lat' dir='ltr'><strong><em>pri-</em></strong></span> 
     </span>
     <span class='ocr_line' id='line_1_32' title="bbox 0 2615 2310 2686; baseline -0.002 -16"><span class='ocrx_word' id='word_1_268' title='bbox 0 2628 13 2673; x_wconf 64' lang='grc' dir='ltr'><strong><em>ιι</em></strong></span> <span class='ocrx_word' id='word_1_269' title='bbox 58 2619 220 2667; x_wconf 82' lang='lat' dir='ltr'><strong><em>mariis</em></strong></span> <span class='ocrx_word' id='word_1_270' title='bbox 268 2615 477 2681; x_wconf 90' lang='lat' dir='ltr'><strong><em>planetis</em></strong></span> <span class='ocrx_word' id='word_1_271' title='bbox 526 2617 832 2680; x_wconf 88' lang='lat' dir='ltr'><strong><em>ordinantur,</em></strong></span> <span class='ocrx_word' id='word_1_272' title='bbox 886 2619 1163 2682; x_wconf 89' lang='lat' dir='ltr'><strong><em>quibusque</em></strong></span> <span class='ocrx_word' id='word_1_273' title='bbox 1210 2625 1403 2683; x_wconf 87' lang='lat' dir='ltr'><strong><em>praeter</em></strong></span> <span class='ocrx_word' id='word_1_274' title='bbox 1449 2627 1632 2670; x_wconf 90' lang='lat' dir='ltr'><strong><em>motum</em></strong></span> <span class='ocrx_word' id='word_1_275' title='bbox 1670 2622 1918 2686; x_wconf 86' lang='lat' dir='ltr'><strong><em>proprium</em></strong></span> <span class='ocrx_word' id='word_1_276' title='bbox 1967 2621 2095 2668; x_wconf 88' lang='lat' dir='ltr'><strong><em>circa</em></strong></span> <span class='ocrx_word' id='word_1_277' title='bbox 2135 2633 2310 2682; x_wconf 87' lang='lat' dir='ltr'><strong><em>corpus</em></strong></span> 
     </span>
     <span class='ocr_line' id='line_1_33' title="bbox 0 2675 2311 2763; baseline 0 -24"><span class='ocrx_word' id='word_1_278' title='bbox 0 2675 15 2750; x_wconf 67' lang='grc' dir='ltr'><strong><em>Ιὶ</em></strong></span> <span class='ocrx_word' id='word_1_279' title='bbox 58 2692 269 2755; x_wconf 88' lang='lat' dir='ltr'><strong><em>primarii</em></strong></span> <span class='ocrx_word' id='word_1_280' title='bbox 310 2691 456 2738; x_wconf 84' lang='lat' dir='ltr'><strong><em>etiam</em></strong></span> <span class='ocrx_word' id='word_1_281' title='bbox 494 2697 655 2740; x_wconf 90' lang='lat' dir='ltr'><strong><em>motus</em></strong></span> <span class='ocrx_word' id='word_1_282' title='bbox 692 2692 767 2740; x_wconf 89' lang='lat' dir='ltr'><strong><em>sui</em></strong></span> <span class='ocrx_word' id='word_1_283' title='bbox 805 2693 1018 2756; x_wconf 88' lang='lat' dir='ltr'><strong><em>primarii</em></strong></span> <span class='ocrx_word' id='word_1_284' title='bbox 1057 2693 1184 2745; x_wconf 81' lang='lat' dir='ltr'><strong><em>circa</em></strong></span> <span class='ocrx_word' id='word_1_285' title='bbox 1221 2693 1386 2763; x_wconf 80' lang='lat' dir='ltr'><strong><em>Solem</em></strong></span> <span class='ocrx_word' id='word_1_286' title='bbox 1435 2696 1702 2743; x_wconf 85' lang='lat' dir='ltr'><strong><em>communis</em></strong></span> <span class='ocrx_word' id='word_1_287' title='bbox 1755 2699 1856 2755; x_wconf 83' lang='lat' dir='ltr'><strong><em>est3</em></strong></span> <span class='ocrx_word' id='word_1_288' title='bbox 1909 2693 2034 2742; x_wconf 86' lang='lat' dir='ltr'><strong><em>tales</em></strong></span> <span class='ocrx_word' id='word_1_289' title='bbox 2072 2691 2311 2740; x_wconf 84' lang='lat' dir='ltr'><strong><em>Saturnus</em></strong></span> 
     </span>
     <span class='ocr_line' id='line_1_34' title="bbox 0 2748 2314 2845; baseline 0 -33"><span class='ocrx_word' id='word_1_290' title='bbox 0 2748 18 2845; x_wconf 58' lang='lat' dir='ltr'><strong><em>{l</em></strong></span> <span class='ocrx_word' id='word_1_291' title='bbox 56 2761 237 2813; x_wconf 75' lang='lat' dir='ltr'><strong><em>babere</em></strong></span> <span class='ocrx_word' id='word_1_292' title='bbox 274 2777 535 2827; x_wconf 88' lang='lat' dir='ltr'><strong><em>secumque</em></strong></span> <span class='ocrx_word' id='word_1_293' title='bbox 575 2760 931 2814; x_wconf 79' lang='lat' dir='ltr'><strong><em>circumducere</em></strong></span> <span class='ocrx_word' id='word_1_294' title='bbox 969 2764 1176 2813; x_wconf 90' lang='lat' dir='ltr'><strong><em>creditur</em></strong></span> <span class='ocrx_word' id='word_1_295' title='bbox 1214 2765 1359 2827; x_wconf 91' lang='lat' dir='ltr'><strong><em>duos,</em></strong></span> <span class='ocrx_word' id='word_1_296' title='bbox 1410 2768 1495 2830; x_wconf 90' lang='lat' dir='ltr'><strong><em>qui</em></strong></span> <span class='ocrx_word' id='word_1_297' title='bbox 1546 2767 1787 2816; x_wconf 89' lang='lat' dir='ltr'><strong><em>interdum</em></strong></span> <span class='ocrx_word' id='word_1_298' title='bbox 1837 2780 1930 2829; x_wconf 85' lang='lat' dir='ltr'><strong><em>ope</em></strong></span> <span class='ocrx_word' id='word_1_299' title='bbox 1968 2764 2221 2828; x_wconf 88' lang='lat' dir='ltr'><strong><em>telescopii</em></strong></span> <span class='ocrx_word' id='word_1_300' title='bbox 2260 2765 2314 2825; x_wconf 30' lang='lat' dir='ltr'><strong><em>in·</em></strong></span> 
     </span>
     <span class='ocr_line' id='line_1_35' title="bbox 0 2833 2308 2911; baseline 0.002 -30"><span class='ocrx_word' id='word_1_301' title='bbox 0 2833 19 2911; x_wconf 48' lang='lat' dir='ltr'><strong><em>fl</em></strong></span> <span class='ocrx_word' id='word_1_302' title='bbox 61 2841 372 2900; x_wconf 85' lang='lat' dir='ltr'><strong><em>conspectum</em></strong></span> <span class='ocrx_word' id='word_1_303' title='bbox 421 2839 639 2886; x_wconf 84' lang='lat' dir='ltr'><strong><em>veniunt.</em></strong></span> <span class='ocrx_word' id='word_1_304' title='bbox 715 2836 862 2887; x_wconf 88' lang='lat' dir='ltr'><strong><em>Tales</em></strong></span> <span class='ocrx_word' id='word_1_305' title='bbox 911 2837 1108 2901; x_wconf 82' lang='lat' dir='ltr'><strong><em>Jupiter</em></strong></span> <span class='ocrx_word' id='word_1_306' title='bbox 1158 2837 1308 2888; x_wconf 91' lang='lat' dir='ltr'><strong><em>habet</em></strong></span> <span class='ocrx_word' id='word_1_307' title='bbox 1356 2840 1584 2890; x_wconf 81' lang='lat' dir='ltr'><strong><em>circa-se</em></strong></span> <span class='ocrx_word' id='word_1_308' title='bbox 1636 2842 1869 2904; x_wconf 85' lang='lat' dir='ltr'><strong><em>quatuor,</em></strong></span> <span class='ocrx_word' id='word_1_309' title='bbox 1924 2837 2091 2887; x_wconf 84' lang='lat' dir='ltr'><strong><em>Tellus</em></strong></span> <span class='ocrx_word' id='word_1_310' title='bbox 2144 2852 2308 2904; x_wconf 82' lang='lat' dir='ltr'><strong><em>unum,</em></strong></span> 
     </span>
     <span class='ocr_line' id='line_1_36' title="bbox 0 2900 2311 2990; baseline 0.001 -32"><span class='ocrx_word' id='word_1_311' title='bbox 0 2900 24 2990; x_wconf 44' lang='lat' dir='ltr'><strong><em>p}</em></strong></span> <span class='ocrx_word' id='word_1_312' title='bbox 61 2908 199 2959; x_wconf 80' lang='lat' dir='ltr'><strong><em>Luna</em></strong></span> <span class='ocrx_word' id='word_1_313' title='bbox 237 2909 432 2959; x_wconf 88' lang='lat' dir='ltr'><strong><em>dictum.</em></strong></span> <span class='ocrx_word' id='word_1_314' title='bbox 509 2911 586 2958; x_wconf 92' lang='lat' dir='ltr'><strong><em>De</em></strong></span> <span class='ocrx_word' id='word_1_315' title='bbox 625 2909 808 2970; x_wconf 88' lang='lat' dir='ltr'><strong><em>Marte,</em></strong></span> <span class='ocrx_word' id='word_1_316' title='bbox 849 2910 1059 2976; x_wconf 87' lang='lat' dir='ltr'><strong><em>Venere,</em></strong></span> <span class='ocrx_word' id='word_1_317' title='bbox 1098 2911 1355 2973; x_wconf 90' lang='lat' dir='ltr'><strong><em>Mercurio,</em></strong></span> <span class='ocrx_word' id='word_1_318' title='bbox 1395 2914 1636 2976; x_wconf 87' lang='lat' dir='ltr'><strong><em>primariis</em></strong></span> <span class='ocrx_word' id='word_1_319' title='bbox 1675 2920 1721 2962; x_wconf 91' lang='lat' dir='ltr'><strong><em>et</em></strong></span> <span class='ocrx_word' id='word_1_320' title='bbox 1760 2913 1895 2976; x_wconf 76' lang='lat' dir='ltr'><strong><em>ipsiS,</em></strong></span> <span class='ocrx_word' id='word_1_321' title='bbox 1936 2909 2150 2960; x_wconf 89' lang='lat' dir='ltr'><strong><em>nondum</em></strong></span> <span class='ocrx_word' id='word_1_322' title='bbox 2191 2925 2311 2960; x_wconf 90' lang='lat' dir='ltr'><strong><em>con-</em></strong></span> 
     </span>
     <span class='ocr_line' id='line_1_37' title="bbox 0 2982 1615 3051; baseline 0.002 -20"><span class='ocrx_word' id='word_1_323' title='bbox 0 2996 23 3051; x_wconf 60' lang='grc' dir='ltr'><strong><em>μς</em></strong></span> <span class='ocrx_word' id='word_1_324' title='bbox 62 2986 171 3045; x_wconf 75' lang='lat' dir='ltr'><strong><em>stat,</em></strong></span> <span class='ocrx_word' id='word_1_325' title='bbox 212 2997 329 3031; x_wconf 89' lang='lat' dir='ltr'><strong><em>num</em></strong></span> <span class='ocrx_word' id='word_1_326' title='bbox 367 2988 415 3031; x_wconf 92' lang='lat' dir='ltr'><strong><em>et</em></strong></span> <span class='ocrx_word' id='word_1_327' title='bbox 455 2982 524 3032; x_wconf 89' lang='lat' dir='ltr'><strong><em>illi</em></strong></span> <span class='ocrx_word' id='word_1_328' title='bbox 566 2984 767 3032; x_wconf 89' lang='lat' dir='ltr'><strong><em>comites</em></strong></span> <span class='ocrx_word' id='word_1_329' title='bbox 805 2998 892 3032; x_wconf 89' lang='lat' dir='ltr'><strong><em>seu</em></strong></span> <span class='ocrx_word' id='word_1_330' title='bbox 930 2983 1212 3033; x_wconf 85' lang='lat' dir='ltr'><strong><em>satellitium</em></strong></span> <span class='ocrx_word' id='word_1_331' title='bbox 1251 2985 1348 3035; x_wconf 91' lang='lat' dir='ltr'><strong><em>tale</em></strong></span> <span class='ocrx_word' id='word_1_332' title='bbox 1386 2985 1615 3036; x_wconf 88' lang='lat' dir='ltr'><strong><em>habeant.</em></strong></span> 
     </span>
    </p>
   </div>
   <div class='ocr_carea' id='block_1_7' title="bbox 0 3070 2310 3880">
    <p class='ocr_par' dir='ltr' id='par_1_8' title="bbox 0 3070 2310 3880">
     <span class='ocr_line' id='line_1_38' title="bbox 0 3070 2308 3135; baseline 0 -15"><span class='ocrx_word' id='word_1_333' title='bbox 0 3099 25 3127; x_wconf 54' lang='lat' dir='ltr'><strong><em>m</em></strong></span> <span class='ocrx_word' id='word_1_334' title='bbox 206 3070 340 3135; x_wconf 79' lang='lat' dir='ltr'><strong><em>Quot</em></strong></span> <span class='ocrx_word' id='word_1_335' title='bbox 376 3086 493 3133; x_wconf 77' lang='lat' dir='ltr'><strong><em>eryo</em></strong></span> <span class='ocrx_word' id='word_1_336' title='bbox 529 3076 647 3119; x_wconf 82' lang='lat' dir='ltr'><strong><em>sunt</em></strong></span> <span class='ocrx_word' id='word_1_337' title='bbox 673 3072 730 3118; x_wconf 85' lang='lat' dir='ltr'><strong><em>in</em></strong></span> <span class='ocrx_word' id='word_1_338' title='bbox 755 3070 987 3119; x_wconf 68' lang='lat' dir='ltr'><strong><em>doctrina</em></strong></span> <span class='ocrx_word' id='word_1_339' title='bbox 1025 3072 1244 3121; x_wconf 82' lang='lat' dir='ltr'><strong><em>theorica</em></strong></span> <span class='ocrx_word' id='word_1_340' title='bbox 1278 3073 1514 3135; x_wconf 86' lang='lat' dir='ltr'><strong><em>planetae</em></strong></span> <span class='ocrx_word' id='word_1_341' title='bbox 1552 3071 1945 3121; x_wconf 80' lang='lat' dir='ltr'><strong><em>considerandi?</em></strong></span> <span class='ocrx_word' id='word_1_342' title='bbox 1996 3071 2104 3120; x_wconf 91' lang='lat' dir='ltr'><strong><em>Non</em></strong></span> <span class='ocrx_word' id='word_1_343' title='bbox 2144 3071 2308 3135; x_wconf 86' lang='lat' dir='ltr'><strong><em>plures</em></strong></span> 
     </span>
     <span class='ocr_line' id='line_1_39' title="bbox 0 3118 2310 3211; baseline -0.001 -15"><span class='ocrx_word' id='word_1_344' title='bbox 0 3118 28 3196; x_wconf 56' lang='lat' dir='ltr'><strong><em>l}</em></strong></span> <span class='ocrx_word' id='word_1_345' title='bbox 62 3148 270 3208; x_wconf 75' lang='lat' dir='ltr'><strong><em>septem3</em></strong></span> <span class='ocrx_word' id='word_1_346' title='bbox 309 3158 395 3192; x_wconf 86' lang='lat' dir='ltr'><strong><em>sex</em></strong></span> <span class='ocrx_word' id='word_1_347' title='bbox 432 3143 629 3207; x_wconf 93' lang='lat' dir='ltr'><strong><em>quidem</em></strong></span> <span class='ocrx_word' id='word_1_348' title='bbox 670 3143 786 3192; x_wconf 88' lang='lat' dir='ltr'><strong><em>dicti</em></strong></span> <span class='ocrx_word' id='word_1_349' title='bbox 824 3145 1064 3207; x_wconf 87' lang='lat' dir='ltr'><strong><em>primarii:</em></strong></span> <span class='ocrx_word' id='word_1_350' title='bbox 1110 3141 1159 3211; x_wconf 91' lang='lat'><strong><em>1)</em></strong></span> <span class='ocrx_word' id='word_1_351' title='bbox 1191 3144 1443 3204; x_wconf 89' lang='lat' dir='ltr'><strong><em>Saturnus,</em></strong></span> <span class='ocrx_word' id='word_1_352' title='bbox 1487 3142 1537 3210; x_wconf 81' lang='lat'><strong><em>2)</em></strong></span> <span class='ocrx_word' id='word_1_353' title='bbox 1563 3144 1773 3208; x_wconf 86' lang='lat' dir='ltr'><strong><em>Jupiter,</em></strong></span> <span class='ocrx_word' id='word_1_354' title='bbox 1816 3142 1867 3211; x_wconf 91' lang='lat'><strong><em>3)</em></strong></span> <span class='ocrx_word' id='word_1_355' title='bbox 1892 3144 2042 3204; x_wconf 86' lang='lat' dir='ltr'><strong><em>Mars,</em></strong></span> <span class='ocrx_word' id='word_1_356' title='bbox 2082 3141 2133 3210; x_wconf 87' lang='lat'><strong><em>4)</em></strong></span> <span class='ocrx_word' id='word_1_357' title='bbox 2159 3144 2310 3194; x_wconf 89' lang='lat' dir='ltr'><strong><em>Terra</em></strong></span> 
     </span>
     <span class='ocr_line' id='line_1_40' title="bbox 0 3204 2303 3281; baseline -0.001 -13"><span class='ocrx_word' id='word_1_358' title='bbox 0 3204 30 3268; x_wconf 52' lang='grc' dir='ltr'><strong><em>ξι</em></strong></span> <span class='ocrx_word' id='word_1_359' title='bbox 66 3213 167 3279; x_wconf 79' lang='lat' dir='ltr'><strong><em>(Sol</em></strong></span> <span class='ocrx_word' id='word_1_360' title='bbox 202 3216 267 3266; x_wconf 87' lang='lat' dir='ltr'><strong><em>ad</em></strong></span> <span class='ocrx_word' id='word_1_361' title='bbox 305 3216 508 3278; x_wconf 85' lang='lat' dir='ltr'><strong><em>visum),</em></strong></span> <span class='ocrx_word' id='word_1_362' title='bbox 565 3214 614 3281; x_wconf 89' lang='lat'><strong><em>5)</em></strong></span> <span class='ocrx_word' id='word_1_363' title='bbox 653 3216 842 3276; x_wconf 90' lang='lat' dir='ltr'><strong><em>Venus,</em></strong></span> <span class='ocrx_word' id='word_1_364' title='bbox 894 3214 944 3280; x_wconf 87' lang='grc'><strong><em>6)</em></strong></span> <span class='ocrx_word' id='word_1_365' title='bbox 981 3215 1250 3267; x_wconf 86' lang='lat' dir='ltr'><strong><em>Mercurius</em></strong></span> <span class='ocrx_word' id='word_1_366' title='bbox 1290 3223 1338 3267; x_wconf 86' lang='lat' dir='ltr'><strong><em>et</em></strong></span> <span class='ocrx_word' id='word_1_367' title='bbox 1389 3217 1439 3280; x_wconf 84' lang='lat'><strong><em>7)</em></strong></span> <span class='ocrx_word' id='word_1_368' title='bbox 1483 3218 1653 3267; x_wconf 91' lang='lat' dir='ltr'><strong><em>unicus</em></strong></span> <span class='ocrx_word' id='word_1_369' title='bbox 1702 3233 1728 3266; x_wconf 92' lang='lat' dir='ltr'><strong><em>e</em></strong></span> <span class='ocrx_word' id='word_1_370' title='bbox 1765 3218 2094 3278; x_wconf 86' lang='lat' dir='ltr'><strong><em>secundariis,</em></strong></span> <span class='ocrx_word' id='word_1_371' title='bbox 2146 3217 2303 3279; x_wconf 86' lang='lat' dir='ltr'><strong><em>Luna,</em></strong></span> 
     </span>
     <span class='ocr_line' id='line_1_41' title="bbox 3 3287 2310 3353; baseline 0.001 -17"><span class='ocrx_word' id='word_1_372' title='bbox 3 3299 31 3336; x_wconf 44' lang='lat' dir='ltr'><strong><em>l}</em></strong></span> <span class='ocrx_word' id='word_1_373' title='bbox 67 3289 181 3352; x_wconf 75' lang='lat' dir='ltr'><strong><em>qnia</em></strong></span> <span class='ocrx_word' id='word_1_374' title='bbox 213 3287 320 3339; x_wconf 88' lang='lat' dir='ltr'><strong><em>sola</em></strong></span> <span class='ocrx_word' id='word_1_375' title='bbox 357 3290 486 3339; x_wconf 88' lang='lat' dir='ltr'><strong><em>circa</em></strong></span> <span class='ocrx_word' id='word_1_376' title='bbox 522 3289 781 3350; x_wconf 87' lang='lat' dir='ltr'><strong><em>Tellurem,</em></strong></span> <span class='ocrx_word' id='word_1_377' title='bbox 824 3296 1038 3337; x_wconf 87' lang='lat' dir='ltr'><strong><em>nostrum</em></strong></span> <span class='ocrx_word' id='word_1_378' title='bbox 1080 3289 1377 3339; x_wconf 89' lang='lat' dir='ltr'><strong><em>domicilium</em></strong></span> <span class='ocrx_word' id='word_1_379' title='bbox 1406 3289 1647 3353; x_wconf 85' lang='lat' dir='ltr'><strong><em>volvitur3</em></strong></span> <span class='ocrx_word' id='word_1_380' title='bbox 1688 3291 1835 3341; x_wconf 89' lang='lat' dir='ltr'><strong><em>ceteri</em></strong></span> <span class='ocrx_word' id='word_1_381' title='bbox 1876 3290 2148 3342; x_wconf 86' lang='lat' dir='ltr'><strong><em>secundarii</em></strong></span> <span class='ocrx_word' id='word_1_382' title='bbox 2190 3291 2310 3340; x_wconf 89' lang='lat' dir='ltr'><strong><em>nihil</em></strong></span> 
     </span>
     <span class='ocr_line' id='line_1_42' title="bbox 9 3362 2308 3436; baseline 0.001 -25"><span class='ocrx_word' id='word_1_383' title='bbox 9 3378 37 3436; x_wconf 38' lang='lat'><strong><em>,1</em></strong></span> <span class='ocrx_word' id='word_1_384' title='bbox 67 3373 153 3411; x_wconf 79' lang='lat' dir='ltr'><strong><em>nos</em></strong></span> <span class='ocrx_word' id='word_1_385' title='bbox 187 3363 412 3424; x_wconf 87' lang='lat' dir='ltr'><strong><em>attinent,</em></strong></span> <span class='ocrx_word' id='word_1_386' title='bbox 462 3364 546 3425; x_wconf 91' lang='lat' dir='ltr'><strong><em>qui</em></strong></span> <span class='ocrx_word' id='word_1_387' title='bbox 585 3362 793 3412; x_wconf 83' lang='lat' dir='ltr'><strong><em>Telluris</em></strong></span> <span class='ocrx_word' id='word_1_388' title='bbox 831 3376 999 3411; x_wconf 87' lang='lat' dir='ltr'><strong><em>sumus</em></strong></span> <span class='ocrx_word' id='word_1_389' title='bbox 1039 3362 1252 3423; x_wconf 89' lang='lat' dir='ltr'><strong><em>incolae,</em></strong></span> <span class='ocrx_word' id='word_1_390' title='bbox 1306 3376 1395 3411; x_wconf 90' lang='lat' dir='ltr'><strong><em>nec</em></strong></span> <span class='ocrx_word' id='word_1_391' title='bbox 1443 3377 1527 3412; x_wconf 82' lang='lat' dir='ltr'><strong><em>eos</em></strong></span> <span class='ocrx_word' id='word_1_392' title='bbox 1572 3363 1676 3414; x_wconf 89' lang='lat' dir='ltr'><strong><em>sinc</em></strong></span> <span class='ocrx_word' id='word_1_393' title='bbox 1716 3363 1992 3414; x_wconf 88' lang='lat' dir='ltr'><strong><em>lectissimis</em></strong></span> <span class='ocrx_word' id='word_1_394' title='bbox 2031 3363 2308 3429; x_wconf 89' lang='lat' dir='ltr'><strong><em>telescopiis</em></strong></span> 
     </span>
     <span class='ocr_line' id='line_1_43' title="bbox 34 3435 397 3499; baseline -0.003 -14"><span class='ocrx_word' id='word_1_395' title='bbox 34 3445 36 3452; x_wconf 80' lang='grc'>’</span> <span class='ocrx_word' id='word_1_396' title='bbox 68 3435 397 3499; x_wconf 69' lang='lat' dir='ltr'><strong><em>conspicimus.</em></strong></span> 
     </span>
     <span class='ocr_line' id='line_1_44' title="bbox 38 3521 2308 3586; baseline 0 -14"><span class='ocrx_word' id='word_1_397' title='bbox 38 3573 39 3583; x_wconf 53' lang='grc'>,</span> <span class='ocrx_word' id='word_1_398' title='bbox 210 3521 323 3585; x_wconf 82' lang='lat' dir='ltr'><strong><em>Quo</em></strong></span> <span class='ocrx_word' id='word_1_399' title='bbox 359 3523 535 3573; x_wconf 81' lang='lat' dir='ltr'><strong><em>ordine</em></strong></span> <span class='ocrx_word' id='word_1_400' title='bbox 571 3524 795 3586; x_wconf 78' lang='lat' dir='ltr'><strong><em>dispositi</em></strong></span> <span class='ocrx_word' id='word_1_401' title='bbox 832 3530 950 3571; x_wconf 83' lang='lat' dir='ltr'><strong><em>sunt</em></strong></span> <span class='ocrx_word' id='word_1_402' title='bbox 988 3525 1120 3571; x_wconf 84' lang='lat' dir='ltr'><strong><em>inter</em></strong></span> <span class='ocrx_word' id='word_1_403' title='bbox 1156 3536 1205 3570; x_wconf 82' lang='lat' dir='ltr'><strong><em>se</em></strong></span> <span class='ocrx_word' id='word_1_404' title='bbox 1236 3522 1499 3585; x_wconf 73' lang='lat' dir='ltr'><strong><em>planetae,</em></strong></span> <span class='ocrx_word' id='word_1_405' title='bbox 1537 3539 1667 3574; x_wconf 83' lang='lat' dir='ltr'><strong><em>num</em></strong></span> <span class='ocrx_word' id='word_1_406' title='bbox 1703 3526 1760 3572; x_wconf 86' lang='lat' dir='ltr'><strong><em>in</em></strong></span> <span class='ocrx_word' id='word_1_407' title='bbox 1798 3522 1967 3573; x_wconf 77' lang='lat' dir='ltr'><strong><em>eodem</em></strong></span> <span class='ocrx_word' id='word_1_408' title='bbox 2005 3526 2137 3575; x_wconf 86' lang='lat' dir='ltr'><strong><em>coelo</em></strong></span> <span class='ocrx_word' id='word_1_409' title='bbox 2174 3532 2308 3582; x_wconf 70' lang='lat' dir='ltr'><strong><em>sunt,</em></strong></span> 
     </span>
     <span class='ocr_line' id='line_1_45' title="bbox 40 3595 2303 3659; baseline 0.003 -20"><span class='ocrx_word' id='word_1_410' title='bbox 40 3604 138 3641; x_wconf 57' lang='lat'><strong><em>2⁰1⁸</em></strong></span> <span class='ocrx_word' id='word_1_411' title='bbox 183 3595 242 3642; x_wconf 79' lang='lat' dir='ltr'><strong><em>in</em></strong></span> <span class='ocrx_word' id='word_1_412' title='bbox 290 3595 533 3645; x_wconf 78' lang='lat' dir='ltr'><strong><em>diversis?</em></strong></span> <span class='ocrx_word' id='word_1_413' title='bbox 588 3598 737 3646; x_wconf 80' lang='lat' dir='ltr'><strong><em>Visus</em></strong></span> <span class='ocrx_word' id='word_1_414' title='bbox 789 3596 984 3659; x_wconf 86' lang='lat' dir='ltr'><strong><em>quidem</em></strong></span> <span class='ocrx_word' id='word_1_415' title='bbox 1039 3599 1203 3643; x_wconf 90' lang='lat' dir='ltr'><strong><em>omnes</em></strong></span> <span class='ocrx_word' id='word_1_416' title='bbox 1253 3596 1300 3643; x_wconf 88' lang='lat' dir='ltr'><strong><em>in</em></strong></span> <span class='ocrx_word' id='word_1_417' title='bbox 1352 3610 1579 3659; x_wconf 88' lang='lat' dir='ltr'><strong><em>suprema</em></strong></span> <span class='ocrx_word' id='word_1_418' title='bbox 1616 3603 1664 3647; x_wconf 92' lang='lat' dir='ltr'><strong><em>et</em></strong></span> <span class='ocrx_word' id='word_1_419' title='bbox 1701 3596 1939 3647; x_wconf 87' lang='lat' dir='ltr'><strong><em>altissima</em></strong></span> <span class='ocrx_word' id='word_1_420' title='bbox 1977 3598 2062 3647; x_wconf 91' lang='lat' dir='ltr'><strong><em>illa</em></strong></span> <span class='ocrx_word' id='word_1_421' title='bbox 2099 3598 2303 3649; x_wconf 88' lang='lat' dir='ltr'><strong><em>fixarum</em></strong></span> 
     </span>
     <span class='ocr_line' id='line_1_46' title="bbox 0 3662 2303 3734; baseline 0.004 -24"><span class='ocrx_word' id='word_1_422' title='bbox 0 3681 2 3710; x_wconf 87' lang='grc' dir='ltr'>ι</span> <span class='ocrx_word' id='word_1_423' title='bbox 42 3662 272 3728; x_wconf 59' lang='lat' dir='ltr'><strong><em>,sphaera</em></strong></span> <span class='ocrx_word' id='word_1_424' title='bbox 320 3667 526 3719; x_wconf 86' lang='lat' dir='ltr'><strong><em>collocat</em></strong></span> <span class='ocrx_word' id='word_1_425' title='bbox 572 3672 792 3732; x_wconf 88' lang='lat' dir='ltr'><strong><em>interque</em></strong></span> <span class='ocrx_word' id='word_1_426' title='bbox 840 3670 960 3718; x_wconf 84' lang='lat' dir='ltr'><strong><em>fixas</em></strong></span> <span class='ocrx_word' id='word_1_427' title='bbox 1013 3670 1144 3732; x_wconf 85' lang='lat' dir='ltr'><strong><em>ipsas</em></strong></span> <span class='ocrx_word' id='word_1_428' title='bbox 1191 3667 1455 3718; x_wconf 85' lang='lat' dir='ltr'><strong><em>discurrere</em></strong></span> <span class='ocrx_word' id='word_1_429' title='bbox 1503 3671 1744 3734; x_wconf 85' lang='lat' dir='ltr'><strong><em>opinatur.</em></strong></span> <span class='ocrx_word' id='word_1_430' title='bbox 1822 3670 1887 3719; x_wconf 89' lang='lat' dir='ltr'><strong><em>At</em></strong></span> <span class='ocrx_word' id='word_1_431' title='bbox 1926 3672 2050 3721; x_wconf 87' lang='lat' dir='ltr'><strong><em>ratio</em></strong></span> <span class='ocrx_word' id='word_1_432' title='bbox 2091 3672 2303 3719; x_wconf 89' lang='lat' dir='ltr'><strong><em>omnium</em></strong></span> 
     </span>
     <span class='ocr_line' id='line_1_47' title="bbox 0 3740 2303 3807; baseline 0.003 -23"><span class='ocrx_word' id='word_1_433' title='bbox 0 3749 6 3796; x_wconf 65' lang='grc' dir='ltr'><strong>ς</strong></span> <span class='ocrx_word' id='word_1_434' title='bbox 43 3742 336 3800; x_wconf 62' lang='lat' dir='ltr'><strong><em>{temporum</em></strong></span> <span class='ocrx_word' id='word_1_435' title='bbox 372 3743 684 3807; x_wconf 89' lang='lat' dir='ltr'><strong><em>omniumque</em></strong></span> <span class='ocrx_word' id='word_1_436' title='bbox 725 3749 961 3792; x_wconf 87' lang='lat' dir='ltr'><strong><em>sectarum</em></strong></span> <span class='ocrx_word' id='word_1_437' title='bbox 1002 3740 1280 3789; x_wconf 85' lang='lat' dir='ltr'><strong><em>hominibus</em></strong></span> <span class='ocrx_word' id='word_1_438' title='bbox 1318 3740 1563 3792; x_wconf 88' lang='lat' dir='ltr'><strong><em>diversum</em></strong></span> <span class='ocrx_word' id='word_1_439' title='bbox 1601 3745 1800 3794; x_wconf 63' lang='lat' dir='ltr'><strong><em>suasitn</em></strong></span> <span class='ocrx_word' id='word_1_440' title='bbox 1844 3744 1971 3794; x_wconf 87' lang='lat' dir='ltr'><strong><em>Nam</em></strong></span> <span class='ocrx_word' id='word_1_441' title='bbox 2009 3746 2050 3792; x_wconf 87' lang='lat' dir='ltr'><strong><em>si</em></strong></span> <span class='ocrx_word' id='word_1_442' title='bbox 2091 3745 2303 3792; x_wconf 89' lang='lat' dir='ltr'><strong><em>omnium</em></strong></span> 
     </span>
     <span class='ocr_line' id='line_1_48' title="bbox 46 3810 2306 3880; baseline 0.004 -22"><span class='ocrx_word' id='word_1_443' title='bbox 46 3814 234 3863; x_wconf 63' lang='lat' dir='ltr'><strong><em>loentra</em></strong></span> <span class='ocrx_word' id='word_1_444' title='bbox 279 3810 326 3859; x_wconf 90' lang='lat' dir='ltr'><strong><em>in</em></strong></span> <span class='ocrx_word' id='word_1_445' title='bbox 374 3812 543 3866; x_wconf 87' lang='lat' dir='ltr'><strong><em>eodem</em></strong></span> <span class='ocrx_word' id='word_1_446' title='bbox 582 3822 743 3866; x_wconf 86' lang='lat' dir='ltr'><strong><em>essent</em></strong></span> <span class='ocrx_word' id='word_1_447' title='bbox 782 3817 920 3878; x_wconf 90' lang='lat' dir='ltr'><strong><em>orbe,</em></strong></span> <span class='ocrx_word' id='word_1_448' title='bbox 974 3829 1080 3864; x_wconf 83' lang='lat' dir='ltr'><strong><em>curn</em></strong></span> <span class='ocrx_word' id='word_1_449' title='bbox 1123 3812 1373 3862; x_wconf 86' lang='lat' dir='ltr'><strong><em>videamus</em></strong></span> <span class='ocrx_word' id='word_1_450' title='bbox 1411 3814 1522 3866; x_wconf 88' lang='lat' dir='ltr'><strong><em>illos</em></strong></span> <span class='ocrx_word' id='word_1_451' title='bbox 1561 3817 1684 3866; x_wconf 86' lang='lat' dir='ltr'><strong><em>inter</em></strong></span> <span class='ocrx_word' id='word_1_452' title='bbox 1721 3832 1773 3866; x_wconf 90' lang='lat' dir='ltr'><strong><em>se</em></strong></span> <span class='ocrx_word' id='word_1_453' title='bbox 1813 3817 1874 3866; x_wconf 90' lang='lat' dir='ltr'><strong><em>ad</em></strong></span> <span class='ocrx_word' id='word_1_454' title='bbox 1915 3819 2071 3865; x_wconf 87' lang='lat' dir='ltr'><strong><em>visum</em></strong></span> <span class='ocrx_word' id='word_1_455' title='bbox 2111 3817 2306 3880; x_wconf 83' lang='lat' dir='ltr'><strong><em>saepius</em></strong></span> 
     </span>
    </p>
   </div>
  </div>
 </body>
</html>
