2554 4140
207 82 312 160 28'8
615 173 623 179 ⁶
1049 103 1285 161 Epitomes
1314 102 1630 149 Astronomiae

356 253 567 303 Ostende
608 253 948 302 diversitatem
989 255 1378 316 apparitionum
1416 251 1604 301 harum
1643 252 1868 315 exemplo
1904 252 2129 301 Arcturi.
2205 251 2462 301 Arcturum

210 327 381 391 Tycho
422 325 583 375 Brahe
621 325 753 374 locat
791 327 841 372 in
886 322 976 374 18ο
1013 327 1102 374 40‘
1141 325 1342 384 Librae,
1394 323 1482 374 lat.
1525 321 1620 372 31⁰
1657 326 1709 372 3‘
1745 326 1847 379 bor,
1887 325 2015 387 Ergo
2050 324 2158 387 ejus
2195 338 2294 374 asc.
2327 330 2460 383 reeta

126 462 132 468 ·
211 401 331 448 209.
373 401 457 448 24.
510 398 647 447 Coeli
683 397 914 447 mediatio
960 394 1015 445 1⁰
1054 399 1142 446 34‘
1178 397 1384 459 scorpii,
1429 395 1690 446 declinatio
1729 394 1824 446 21⁰
1867 399 1950 447 19‘
1999 397 2102 446 bor.
2177 397 2306 446 Hinc
2350 397 2458 459 ejus

211 477 405 520 ortuum
432 485 439 489 ²
462 477 511 521 et
566 485 827 521 occasuum
881 472 1070 535 species
1127 474 1469 534 computantur
1522 483 1554 518 a
1610 468 1901 531 Maestlino,
1969 475 2024 518 ut
2078 469 2228 520 habet
2279 469 2465 520 tabella

109 567 133 579 -x
210 559 448 608 sequens:

280 612 285 620 ’
1172 625 1260 659 Sole
1282 626 1321 658 tn
1605 625 1790 660 Arcturus

619 677 731 734 ¹³l23.
759 680 905 720 Martii
1106 678 1157 718 2⁰
1186 678 1259 718 24‘
1289 680 1445 719 Arietis
1525 681 1656 725 oritur
1685 680 1859 731 vesperi.

633 738 724 793 “sm
757 739 877 779 Junii
1078 738 1149 780 25,
1188 738 1257 778 18.
1291 737 1456 779 Gemin.
1526 737 1681 777 occidit
1709 749 1847 779 mane.

617 794 726 851 ¹⁶l25.
758 798 874 848 Sept.
1106 797 1151 837 2.
1187 797 1259 837 24.
1290 796 1445 836 Librae
1523 796 1654 836 oritur
1684 807 1776 836 cum
1806 794 1919 836 Sole.

611 859 670 895 29.
702 857 816 908 Sept.
846 858 880 896 9.
906 855 999 895 Oct.
1082 851 1149 896 15.
1185 855 1257 895 40.
1289 854 1444 894 Librae
1522 856 1694 904 emergit
1723 866 1745 893 e
1774 853 1917 894 radiis.

618 911 726 968 ¹⁵l25.
758 915 849 954 Oct.
1113 916 1152 953 1.
1190 915 1259 954 34.
1291 912 1438 964 Scorp.
1526 910 1726 953 culminat
1757 924 1851 952 cum
1879 909 1993 953 Sole.

621 970 734 1027 ¹⁵l25.
762 972 969 1012 Novemb.
1113 973 1155 1013 3.
1220 973 1263 1012 2.
1295 971 1424 1020 Sagit.
1527 969 1759 1011 occultatur
1788 970 1963 1021 vesperi.

639 1029 726 1085 ⁷sn·
757 1031 955 1070 Decemb.
1083 1031 1152 1071 25.
1195 1031 1261 1072 18.
1295 1030 1426 1080 Sagit.
1529 1029 1681 1069 occidit
1713 1041 1806 1069 cum
1836 1028 1949 1070 Sole.

356 1119 484 1182 Ergo
523 1119 586 1168 ab
637 1119 935 1181 aequinoctii
988 1124 1206 1181 tempore
1243 1132 1399 1182 usque
1438 1119 1486 1166 in
1525 1118 1789 1168 solstitium
1825 1117 1947 1178 fere,
1999 1129 2067 1165 se.
2107 1130 2138 1164 a
2177 1118 2263 1166 23.
2302 1114 2468 1165 Martii
2536 1124 2546 1133 ’

212 1206 366 1256 usque
404 1194 452 1240 in
498 1193 577 1240 16.
615 1190 755 1241 Junii
792 1190 935 1241 stella
961 1191 1156 1241 Arcturi
1194 1193 1403 1240 cernitur
1439 1206 1643 1256 pernox,
1682 1197 1814 1240 ortus
1854 1203 1970 1238 vero
2010 1188 2117 1251 ejus
2155 1203 2304 1254 supra
2328 1189 2464 1238 hori-

210 1272 403 1314 zontem
458 1279 761 1328 occasusque
816 1264 908 1313 suh
966 1264 1105 1314 illum
1177 1266 1309 1314 cerni
1361 1279 1477 1328 prae
1536 1263 1634 1313 diei
1697 1263 1806 1313 luce
1872 1277 1970 1311 non
2025 1268 2247 1326 possunt.
2338 1261 2465 1311 Nam

215 1339 300 1388 23.
338 1337 505 1386 Martii
545 1339 705 1387 oriens
746 1339 796 1384 in
834 1340 941 1402 ipso
980 1336 1110 1387 Solis
1151 1351 1328 1387 occasu
1367 1337 1613 1400 longiores
1661 1350 1823 1385 moras
1870 1336 2018 1385 nectit
2057 1348 2204 1399 supra
2240 1334 2470 1384 horizon-

212 1417 328 1472 tem,
368 1424 516 1474 quam
541 1409 629 1459 Sol
666 1410 803 1460 infra.
878 1409 1208 1474 Sequentibus
1247 1410 1419 1459 diebus
1458 1409 1708 1459 occidente
1734 1408 1850 1458 Sole
1889 1411 2124 1457 Arcturus
2157 1407 2262 1470 jam
2304 1409 2468 1456 enisus
2527 1442 2535 1453 .

217 1490 291 1534 est
329 1497 477 1548 supra
512 1482 841 1544 horizontem,
880 1484 950 1531 ita
990 1490 1042 1532 ut
1083 1483 1335 1547 detegatur
1375 1498 1486 1532 cum
1522 1482 1677 1532 stellis
1715 1483 1886 1532 ceteris
1925 1484 2164 1530 exstincta
2198 1480 2307 1530 luce
2346 1479 2466 1542 diei3

215 1555 535 1619 conditurque
573 1555 683 1605 luce
720 1557 969 1620 sequentis
1007 1555 1329 1617 adventante,
1382 1555 1598 1606 nondum
1650 1554 1895 1604 occidens.
1970 1554 2167 1604 Interim
2205 1552 2291 1603 Sol
2338 1554 2473 1603 venit
2534 1550 2544 1556 “

215 1629 278 1679 ad
324 1626 388 1678 1⁰·
417 1631 504 1677 34¹
541 1628 708 1691 Tauri,
748 1636 864 1678 tunc
890 1623 1125 1679 Arcturu's
1164 1628 1288 1679 coeli
1315 1628 1528 1679 medium
1567 1633 1776 1693 occupat
1800 1630 1848 1676 in
1874 1633 2054 1693 puncto
2079 1625 2270 1676 mediae
2294 1627 2468 1687 noctis,

202 1703 496 1766 distantque
546 1708 743 1752 exortus
791 1702 898 1765 ejus
947 1717 1095 1767 supra
1149 1702 1452 1752 horizontem
1503 1708 1552 1752 et
1614 1715 1818 1752 occasus
1879 1701 1970 1750 sub
2021 1714 2133 1750 eum
2184 1698 2473 1763 aequalibus

214 1777 387 1840 spatiis
424 1791 455 1824 a
490 1776 728 1841 principio
767 1782 816 1825 et
851 1775 945 1825 fine
983 1775 1107 1825 lucis
1147 1775 1388 1826 diurnae..

359 1847 544 1898 Ceteris
582 1850 729 1912 igitur
765 1847 920 1897 stellis
957 1849 1006 1896 in
1044 1855 1210 1899 austro
1247 1850 1354 1898 sitis
1392 1848 1566 1899 breves
1604 1855 1719 1897 sunt
1755 1862 1919 1897 morae
1957 1860 2106 1911 supra
2151 1845 2466 1907 horizontem,

219 1936 318 1970 non
357 1928 471 1970 sunt
506 1923 654 1985 igitur
692 1927 961 1987 pemoctes,
1000 1921 1088 1971 sed
1127 1923 1253 1970 intra
1279 1914 1484 1971 eandem
1520 1926 1712 1971 noctem
1739 1927 1787 1970 et
1826 1920 1939 1969 oriri
1964 1927 2012 1969 et
2051 1917 2270 1968 occidere
2295 1917 2473 1967 viden-

214 2001 307 2056 tur,
347 1993 463 2044 Sole
501 1996 549 2043 in
590 2010 755 2044 earum
795 1996 1020 2060 opposito
1048 2002 1305 2057 versante;
1347 1995 1579 2044 Arcturus
1618 2007 1734 2044 vero
1758 1994 1852 2043 hoc
1889 1994 1986 2042 situ
2014 1994 2166 2041 oritur
2203 1997 2317 2040 ante
2343 1989 2473 2040 Solis
2553 2001 2554 2004 ’

217 2082 443 2118 occasum
483 2067 757 2131 occiditque
784 2074 896 2133 post
933 2067 1039 2130 ejus
1064 2075 1298 2129 exortum,
1338 2073 1510 2117 neutra
1548 2070 1656 2116 vice
1695 2067 2000 2132 conspicuus.
2077 2065 2171 2113 Die
2211 2065 2291 2113 16.
2318 2062 2471 2125 Junii,
2516 2076 2533 2089 ·-

216 2141 440 2204 quamvis
479 2141 765 2190 brevissima
802 2155 902 2191 nox
938 2142 1026 2202 sit,
1081 2141 1256 2191 desinit
1292 2147 1456 2190 tamen
1496 2140 1729 2190 Arcturus
1781 2154 1866 2204 per
1916 2144 2071 2193 totam
2118 2136 2254 2186 illam
2291 2135 2473 2199 videri3
2516 2134 2531 2170 '³

221 2215 403 2279 quippe
442 2213 621 2263 oceidit
665 2216 712 2262 in
766 2215 873 2279 ipso
912 2212 1042 2263 Solis
1093 2220 1262 2263 exortu
1299 2213 1511 2277 indeque
1562 2219 1675 2263 ante
1713 2210 1850 2262 illum
1888 2210 2047 2260 adhuc
2086 2210 2145 2259 de
2185 2215 2327 2259 nocte
2366 2224 2472 2260 sese

216 2287 308 2334 sub
361 2286 661 2336 horizontem
716 2302 775 2336 ex
834 2285 989 2336 oculis
1044 2288 1222 2336 nostris
1279 2284 1522 2336 subducit.
1596 2285 1751 2349 Igitur
1798 2300 1828 2335 a
1880 2285 1959 2334 16.
2011 2282 2152 2333 Junii
2203 2297 2359 2346 usque
2409 2281 2473 2332 ad

221 2359 305 2408 25.
343 2359 470 2410 Nov.
511 2374 713 2410 occasus
754 2360 948 2408 Arcturi
996 2361 1045 2407 in
1093 2366 1287 2409 noctem
1338 2359 1529 2418 incidit,
1581 2360 1820 2408 transiens
1872 2357 2107 2423 paulatim
2154 2372 2185 2405 a
2234 2356 2471 2421 principio

219 2434 376 2485 noctis
413 2446 570 2496 usque
609 2432 673 2482 ad
711 2432 818 2495 ejus
845 2432 1020 2482 finem:
1061 2435 1270 2482 cernitur
1295 2434 1443 2495 igitur
1479 2432 1586 2494 ejus
1614 2445 1816 2481 occasus
1854 2445 1940 2495 per
1967 2431 1996 2478 5
2024 2432 2238 2491 integros
2264 2441 2470 2479 menses.

219 2505 449 2555 Vicissim
486 2521 517 2554 a
559 2507 606 2555 9.
647 2503 874 2555 Octobris
922 2511 1056 2554 ortus
1106 2505 1212 2568 ejus
1264 2520 1410 2571 supra
1456 2505 1757 2554 horizontem
1812 2520 1839 2554 e
1877 2502 2007 2553 Solis
2052 2502 2202 2552 radiis
2239 2516 2347 2551 sese
2386 2515 2475 2550 ex-

218 2578 368 2643 plicat
421 2584 683 2642 manetque
741 2593 799 2628 ex
857 2592 915 2627 eo
975 2578 1053 2628 die
1109 2579 1398 2642 conspicuus
1449 2578 1556 2641 eJus
1603 2583 1800 2627 exortus
1851 2590 2005 2640 usque
2055 2575 2119 2625 ad
2172 2577 2255 2624 23.
2296 2574 2476 2636 Martii,

221 2650 444 2714 quando,
495 2658 550 2701 ut
588 2651 795 2713 dictum,
837 2657 948 2715 post
983 2651 1127 2701 finem
1167 2651 1262 2701 diei
1301 2658 1350 2701 et
1386 2652 1456 2700 sic
1495 2653 1544 2698 in
1579 2656 1723 2700 nocte
1770 2650 1883 2699 oriri
1923 2649 2113 2700 desinit.
2188 2648 2321 2697 Inter
2358 2647 2477 2698 haec

218 2724 479 2774 intervalla
506 2727 750 2774 communi
776 2726 936 2789 spatio
962 2726 1209 2789 temporis,
1250 2723 1381 2788 quod
1406 2730 1480 2773 est
1506 2725 1628 2773 inter
1656 2725 1704 2772 9.
1734 2720 1959 2773 Octobris
1987 2728 2035 2772 et
2062 2722 2146 2774 25.
2171 2720 2475 2781 Novembris,

219 2811 306 2863 per
344 2797 448 2847 dies
488 2799 555 2846 47
596 2804 800 2861 uterque
838 2798 887 2845 in
924 2798 1171 2861 proximas
1208 2798 1418 2846 invicem
1455 2802 1624 2846 noctes
1663 2794 1855 2858 incidit,
1909 2802 2010 2845 tam
2048 2799 2246 2845 exortus
2285 2792 2478 2843 Arcturi

223 2885 371 2934 supra
407 2870 724 2932 horizontem,
764 2884 910 2934 quam
950 2884 1154 2920 occasus
1194 2869 1300 2933 ejus
1320 2870 1412 2919 sub
1451 2867 1604 2930 illum,
1643 2870 1787 2918 etsie
1826 2869 2042 2933 conspici
2076 2873 2280 2931 uterque
2319 2871 2497 2938 potest!

143 2969 148 2975 ·
219 2942 334 2992 Sole
381 2945 598 3007 proxime
639 2943 897 2994 Arcturum
946 2948 1227 2993 transeunte
1277 2957 1484 3006 cumque
1525 2956 1585 2992 eo
1634 2941 1825 2990 coelum
1863 2941 2124 2992 mediante.
2198 2940 2267 2988 At
2303 2937 2475 2988 stellae
2500 3001 2511 3006 „

221 3030 392 3064 versus
431 3023 650 3067 austrum
689 3031 716 3066 e
755 3017 1010 3078 contrari0,
1051 3014 1246 3080 quando
1286 3014 1451 3064 Solem
1486 3019 1788 3078 praesentem
1826 3014 2022 3074 hahent,
2063 3014 2208 3078 plane
2244 3026 2342 3062 non
2370 3025 2476 3061 cer-

224 3094 417 3138 nuntur.
493 3090 556 3139 Et
594 3089 836 3140 australes
882 3088 1080 3153 quidem
1116 3087 1563 3154 prius-conduntur
1610 3085 1758 3136 radiis
1796 3086 1926 3136 Solis
1972 3088 2186 3152 vesperi,
2238 3082 2523 3150 posterius

222 3167 401 3210 exeunt
449 3177 476 3212 e
522 3162 672 3212 radiis
722 3177 889 3223 mane,
941 3163 1176 3212 Arcturus
1225 3161 1393 3211 ordine
1444 3162 1682 3210 contrario
1731 3161 1862 3223 prius
1910 3159 2106 3222 quidem
2159 3156 2474 3210 9.·Octobris

223 3234 425 3297 emergit
461 3250 619 3296 mane,
662 3236 902 3300 posterius
939 3250 1056 3285 vero
1098 3236 1183 3284 25.
1220 3234 1513 3284 Novembris
1551 3232 1772 3282 conditur
1810 3234 2018 3296 vesperi.
2444 3230 2446 3232 ’

373 3312 639 3375 Quomodo
688 3317 952 3378 scriptores
988 3321 1212 3364 utuntur
1246 3315 1322 3364 his
1358 3314 1553 3363 ortibus
1596 3319 1642 3363 et
1677 3311 1930 3362 occasibus
1976 3312 2226 3373 siderum,
2282 3316 2329 3359 et
2372 3323 2474 3374 qua
2548 3273 2554 3366 ἒ

223 3386 519 3435 occasione?
573 3386 788 3437 Graecae
834 3389 1058 3438 nationes
1103 3394 1152 3437 et
1201 3402 1261 3436 ex
1298 3386 1491 3436 illorum
1540 3387 1762 3435 instituto
1801 3383 2012 3434 Romani
2050 3385 2327 3447 antiquitus
2365 3389 2474 3432 ute·
2552 3374 2554 3379 ’

224 3459 401 3517 bantur
451 3472 579 3507 anno
628 3462 778 3509 mixto
825 3475 885 3510 ex
923 3460 1103 3510 Lunari
1157 3466 1205 3509 et
1242 3459 1426 3521 Solari,
1469 3459 1606 3509 vunde
1643 3458 1814 3517 fiebat,
1868 3463 1921 3506 ut
1957 3472 2088 3507 nunc
2134 3457 2474 3521 praevenirent
2550 3513 2554 3520 ,

226 3531 391 3582 Solem
444 3536 492 3579 et
538 3545 667 3599 nunc
713 3540 1042 3594 sequerentur.
1120 3532 1240 3582 Cum
1292 3539 1458 3582 autem
1508 3536 1821 3596 tempestates
1861 3532 1976 3578 anni
2021 3544 2119 3579 non
2172 3534 2508 3579 revertantur·
2547 3539 2554 3580 i

229 3618 338 3653 cum
375 3616 573 3653 erroneo
613 3603 918 3666 CalendariO,
958 3606 1042 3654 sed
1083 3621 1192 3656 cum
1230 3605 1344 3655 Sole
1383 3611 1432 3655 et
1469 3605 1718 3654 solstitiis:
1757 3609 1812 3651 ut
1848 3604 1996 3665 igitur
2034 3616 2210 3668 operae
2248 3603 2470 3661 rusticae,

226 3676 536 3737 domesticae,
575 3676 808 3725 militares
834 3691 925 3725 sua
950 3692 1174 3741 quaeque
1212 3684 1501 3743 tempestate
1525 3677 1709 3737 fierent,
1747 3682 1935 3725 veteres
1962 3680 2317 3741 proposuerunt
2342 3678 2471 3724 ortus
2542 3717 2550 3724 .

227 3756 275 3799 et
313 3763 515 3799 occasus
551 3748 765 3798 siderum
803 3748 1080 3798 Calendarii
1117 3751 1251 3810 loco,
1304 3751 1509 3814 quidam.
1540 3749 1846 3799 necessitatis
1886 3746 2068 3811 dictae,
2117 3746 2316 3811 quidam
2354 3745 2471 3796 doc·
2543 3739 2549 3747 ’

226 3824 380 3873 trinae
419 3836 593 3885 causa,
645 3820 778 3886 quod
815 3821 1038 3887 exempla
1076 3821 1352 3873 calendarii
1401 3838 1500 3874 non
1536 3822 1706 3873 haberi
1743 3827 1945 3886 possent
1981 3824 2031 3871 in
2068 3825 2207 3872 tanta
2244 3819 2387 3886 copia
2418 3820 2478 3867 ut
2542 3831 2550 3869 ί
