2554 4140
239 112 343 161 584
919 156 931 171 l
982 107 1037 152 In
1063 106 1310 163 Epitomen
1337 106 1486 152 Notae
1509 105 1726 152 Editoris.

408 256 478 310 79)
510 268 550 307 p.
573 256 673 295 466.
723 255 772 293 In
794 255 900 297 Tab.
922 254 1034 296 Rud.
1060 252 1160 305 Gap.
1187 253 1347 295 XXVI.
1369 254 1456 302 agit
1475 252 1680 304 Koplerus
1701 255 1752 295 de
1778 254 2046 305 „Menstrua
2064 252 2227 298 Lunae
2252 255 2488 299 anomalia

234 328 277 369 et
307 318 681 378 aequationibus“
716 323 758 358 et
786 319 886 358 haee
918 319 970 357 ad
990 319 1208 358 historiam
1229 319 1399 357 illarum
1422 319 1559 357 affert:
1592 317 1892 363 Transeamus
1914 324 1967 362 ad
1987 320 2179 364 alterum
2208 330 2350 374 genus
2381 332 2487 364 ano-

239 387 414 440 maliae,
447 389 741 438 menstruum,
774 381 944 443 36111111
975 381 1163 437 copulas
1195 386 1240 425 et
1271 380 1569 436 quadraturas
1601 380 1719 426 Solis
1749 382 2002 439 alligatum,
2040 384 2169 440 cujus
2201 396 2338 426 causa
2368 396 2488 427 seor-

236 452 319 494 sim
352 449 407 493 de
436 447 571 492 Luna
599 446 686 490 fuit
715 446 938 502 agendum
968 447 1016 491 in
1045 447 1116 492 his
1147 446 1415 504 praeceptis.
1475 447 1528 491 In
1556 446 1643 491 hac
1674 450 1895 494 anomalia
1932 450 2074 494 multo
2105 448 2280 506 patebit
2311 448 2488 493 eviden-

231 517 337 572 tius,
369 525 531 557 causas
570 516 774 556 motuum
806 525 908 557 esse
935 512 1149 570 physicas
1190 526 1243 556 ac
1273 518 1516 568 propterea
1557 526 1648 557 non
1685 513 1898 569 injuriam
1937 528 1965 558 a
1993 528 2064 559 me
2101 514 2267 559 factam
2310 512 2488 558 circulis

232 586 278 625 et
309 577 811 633 orbibus'centrisque,
853 577 1043 634 angulos
1071 577 1118 620 in
1147 582 1354 633 tempora
1383 577 1733 621 admetientibus
1765 580 2086 636 aequabiliter,
2133 578 2254 636 quod
2285 577 2339 621 iis
2370 579 2486 622 vale-

232 645 435 690 dixerim.
498 643 887 698 Ptolemaeus,
932 642 1004 686 cui
1033 648 1367 686 menstruarum
1396 642 1774 698 inaequalitatum
1812 657 1903 688 una
1942 646 2040 689 sola
2081 653 2178 690 erat
2209 650 2340 700 nota,
2387 659 2489 689 cum

232 710 419 767 videret,
452 707 747 766 aequationes
777 706 957 761 Lunae,
996 707 1052 750 de
1085 701 1249 764 quibus
1280 707 1528 763 hactenus,
1568 706 1804 777 provenire
1834 708 2030 764 majores
2057 710 2106 755 in
2138 710 2320 766 quadris
2353 723 2487 766 quam

233 777 280 820 in
313 773 511 830 copulis:
552 779 604 818 ut
633 773 722 818 hoc
753 779 1076 828 assequeretur
1105 773 1405 830 positionibus
1437 772 1530 818 suis
1573 773 1885 831 calculumque
1916 775 2022 834 hnic
2053 776 2355 822 observationi
2386 790 2490 821 con·

229 841 471 896 formaret,
515 838 766 897 epicyclum
796 839 976 897 Lunae,
1024 852 1158 894 quem
1193 839 1356 896 prioris
1395 841 1572 885 solutae
1610 840 1946 896 inaequalitatis
1991 854 2128 886 causa
2162 842 2490 894 introduxerat,

231 906 407 963 docuit,
445 910 572 951 motu
601 917 708 949 vero
749 910 795 949 et
836 904 950 949 reali
987 904 1044 949 ad
1075 904 1264 950 Terram
1294 917 1396 950 sese
1427 904 1664 950 demittere
1702 905 1772 950 bis
1809 905 1856 950 in
1897 919 2078 964 mense,
2126 922 2188 963 sc.
2219 909 2268 954 in
2297 915 2490 966 utraque

231 971 418 1029 quadra.
559 967 564 973 '
1323 967 1329 982 ’

402 1052 503 1097 Hoc
532 1051 597 1094 ita
628 1049 967 1106 creditum-fuit
998 1051 1283 1096 astromomis
1322 1063 1466 1108 usque
1499 1050 1555 1095 ad
1587 1051 2117 1109 Regiomontanum,
2159 1053 2237 1108 qui
2266 1052 2398 1109 vidit,
2443 1053 2482 1097 si

235 1118 423 1176 epicycli
454 1118 745 1175 aequationes
778 1128 835 1158 ex
866 1116 1306 1172 appropinquatione
1340 1117 1503 1161 fierent
1531 1118 1751 1174 majores,
1793 1118 1890 1163 fore
1927 1124 1978 1163 ut
2020 1124 2065 1163 et
2097 1116 2300 1174 corporis
2329 1115 2489 1162 Lunae

233 1184 451 1239 diameter
480 1184 528 1228 in
559 1182 743 1240 quadris
774 1187 1196 1239 repraesentaretur
1225 1183 1371 1238 maJ'or
1400 1183 1588 1228 semisse
1620 1184 1732 1242 ejus,
1767 1184 1888 1240 quod
1914 1184 2054 1228 habet
2084 1184 2129 1228 in
2161 1182 2359 1239 copulis;
2401 1183 2490 1228 hoc

228 1263 335 1295 vero
367 1264 468 1295 cum
497 1248 824 1304 redarguerent
854 1246 1206 1304 observationes,
1239 1247 1403 1293 falsum
1432 1248 1570 1306 igitur
1602 1249 1813 1306 apparuit
1843 1249 1955 1294 illud
1976 1254 2131 1293 tantae
2153 1248 2491 1305 appropinqua-

227 1315 362 1360 tionis
387 1316 561 1372 dogma.
625 1312 994 1370 Copernicus,
1025 1311 1112 1356 hac
1135 1325 1272 1357 causa
1294 1313 1595 1371 phaenomeni
1617 1314 1843 1368 convulsa,
1877 1314 2113 1358 substituit
2141 1313 2290 1369 aliam,
2320 1314 2489 1358 realem

230 1384 276 1424 et
303 1380 461 1437 ipsam,
492 1378 718 1436 epicyclos
750 1378 864 1422 duos
894 1390 976 1433 pro
1007 1377 1284 1422 Ptolemaico
1315 1391 1428 1434 uno;
1471 1377 1687 1434 maiorem
1718 1376 1918 1435 quidem,
1962 1379 2038 1436 qui
2071 1384 2275 1424 centrum
2305 1379 2490 1424 minoris

229 1445 427 1501 veheret,
457 1443 697 1499 minorem,
738 1443 816 1499 qui
845 1443 1024 1487 Lunam
1053 1443 1219 1500 ipsam,
1258 1443 1306 1487 in
1337 1443 1519 1499 quadris
1551 1456 1651 1488 eam
1680 1450 1918 1500 praestans
1949 1445 2296 1490 remotissimam
2326 1457 2355 1489 a
2385 1458 2488 1505 cen·

228 1515 299 1554 tro
329 1509 525 1566 majoris.
667 1561 673 1567 .

403 1574 522 1631 Quid
552 1574 725 1620 faceret
756 1572 963 1630 Tycho,
994 1577 1120 1618 totus
1151 1571 1420 1629 perfectioni
1450 1578 1655 1618 motuum
1686 1579 1796 1620 tunc
1826 1574 2061 1632 addictus,
2101 1575 2148 1637 in
2180 1575 2360 1620 circulis
2390 1589 2490 1633 per-

228 1641 394 1687 fectis?
456 1640 754 1698 Copernicum
793 1638 959 1683 imitari
1001 1638 1135 1684 etiam
1174 1639 1220 1682 in
1258 1645 1519 1683 menstruae
1558 1639 1895 1698 inaequalitatis
1931 1640 2232 1698 positionibus
2270 1646 2366 1686 erat
2409 1641 2491 1686 dif-

227 1708 371 1763 ficile;
399 1706 494 1763 jam
525 1705 696 1751 dudum
728 1704 846 1749 enim
875 1708 1064 1760 propter
1084 1703 1279 1749 solutam
1300 1705 1569 1750 anomaliam
1600 1706 1714 1750 duos
1744 1711 1979 1763 receperat
1999 1706 2242 1764 epicyclos,
2275 1720 2492 1763 quorsum

223 1775 319 1831 jam
358 1777 599 1830 reponeret
637 1773 846 1829 tertium,
893 1785 1026 1828 quem
1059 1772 1337 1828 Copernicus
1377 1771 1502 1819 dedit
1547 1773 1797 1819 anomaliae
1827 1772 2116 1818 menstruae?
2174 1772 2395 1818 Nimirum
2434 1787 2491 1819 ex

231 1839 340 1884 orbe
370 1838 826 1903 Lunae‘decerptum
857 1839 1025 1883 Terrae
1057 1837 1293 1894 applicuit,
1326 1843 1531 1882 centrum
1563 1839 1661 1895 ejus
1693 1838 1850 1884 locans
1881 1838 1926 1882 in
1955 1837 2096 1887 linea,
2128 1850 2243 1894 quae
2274 1837 2492 1894 parallela

230 1908 352 1949 esset
380 1903 527 1948 lineae
557 1905 749 1962 apogaei
781 1903 982 1962 opicycli.
1041 1902 1094 1946 In
1126 1902 1280 1959 hujus,
1307 1902 1402 1958 jam
1422 1916 1514 1948 non
1536 1903 1739 1961 epicycli,
1772 1904 1853 1949 sed
1871 1902 2111 1961 hypocycli
2133 1901 2494 1949 circumferentia

229 1969 371 2014 fixum
410 1974 615 2014 centrum
662 1969 783 2014 orbis
815 1971 994 2026 Lunae,
1040 1969 1154 2014 duos
1186 1968 1362 2025 priores
1395 1969 1622 2026 epicyclos
1661 1969 1928 2024 deferentis,
1973 1967 2038 2013 sic
2066 1967 2277 2012 incedere
2315 1966 2493 2024 jussum

233 2042 318 2093 est,
348 2041 400 2081 ut
430 2036 478 2080 in
510 2035 685 2092 copulis
707 2036 881 2080 veniret
900 2036 945 2078 in
965 2035 1114 2091 ipsum
1136 2041 1340 2080 centrum
1361 2035 1540 2091 Terrae,
1573 2035 1620 2079 in
1641 2034 1824 2091 quadris
1854 2035 1910 2078 ab
1934 2047 1986 2078 eo
2011 2032 2271 2088 longissime
2295 2033 2492 2079 omnium
2533 2044 2548 2066 -’

231 2101 478 2148 recederet.
538 2103 601 2146 Et
642 2107 794 2145 tamen
831 2101 982 2145 adhuc
1020 2100 1153 2144 aliam
1185 2101 1341 2158 Tycho
1384 2101 1689 2146 variationem
1727 2099 2046 2158 deprehendit,
2091 2098 2424 2144 inobservatam
2465 2115 2493 2146 a

230 2166 482 2218 veteribus,
524 2166 655 2222 cujus
688 2165 941 2211 effectrices
972 2165 1202 2210 machinas
1241 2179 1332 2210 non
1363 2170 1434 2210 est
1463 2178 1600 2210 ausus
1641 2165 1810 2210 inferre
1840 2165 2075 2223 systemati
2105 2164 2279 2209 orbium
2308 2166 2509 2221 Lunae;·

230 2231 542 2288 transscripsit
578 2231 716 2287 igitur
756 2244 834 2276 eos
873 2231 962 2288 ipsi
998 2230 1199 2275 zodiaco.
1271 2230 1437 2275 Oculos
1479 2231 1658 2287 aperuit
1698 2230 1763 2274 illi
1803 2230 1987 2275 tandem
2030 2231 2145 2274 haec
2190 2230 2491 2286 inaequalitas

230 2295 408 2348 ultima,
448 2300 499 2339 ut
539 2295 691 2340 videre
731 2295 976 2353 inciperet,
1018 2309 1109 2339 non
1147 2295 1327 2345 circulis
1358 2295 1581 2353 realibus,
1627 2297 1708 2342 sed
1750 2296 1900 2342 causis
1942 2295 2231 2342 naturalibus
2262 2295 2363 2340 aliis
2406 2296 2492 2340 has

232 2361 578 2418 inaequalitates
611 2360 745 2406 effici.

407 2441 526 2499 Quid
567 2454 692 2498 ege,
731 2440 946 2498 Tychone
986 2441 1195 2485 mortuo?
1256 2441 1414 2486 Dicam
1450 2443 1609 2488 verbo:
1655 2441 1824 2487 nodum
1865 2441 2082 2487 Gordium
2124 2438 2238 2486 nihil
2275 2439 2493 2486 attinebat

229 2506 420 2564 solvere,
452 2507 595 2552 secui.
652 2507 763 2551 Post
794 2505 990 2551 diutinas
1022 2507 1141 2550 enim
1173 2507 1591 2566 contemplationeS,
1629 2513 1735 2565 post
1764 2497 2208 2552 transformationem
2237 2520 2328 2551 non
2357 2519 2491 2551 unam

208 2575 389 2631 *(quales
420 2577 561 2617 videre
588 2577 689 2619 licet
717 2574 802 2617 vol.
834 2576 908 2616 ΙΙΙ.
942 2587 982 2626 p.
1017 2578 1102 2617 644
1132 2575 1223 2629 ss),
1262 2573 1445 2619 tandem
1485 2574 1719 2632 apparuit,
1761 2571 2312 2620 anomaliae-menstruae
2353 2583 2492 2616 causa

229 2638 343 2684 nihil
371 2641 636 2686 mutandum
666 2651 750 2683 nec
780 2639 826 2682 in
855 2639 1002 2695 figura
1032 2639 1208 2684 orbitae
1229 2640 1400 2695 Lunae,
1433 2653 1517 2684 nec
1537 2640 1583 2684 in
1611 2641 1709 2696 eJ'us
1729 2637 2002 2694 intervalli83
2035 2649 2214 2682 omnem
2241 2637 2360 2681 enim
2392 2649 2490 2682 eam

232 2705 362 2761 sequi
407 2706 607 2764 rationes
652 2704 1014 2762 illuminationis,
1062 2705 1119 2749 ad
1161 2717 1275 2762 quas
1317 2711 1519 2750 motuum
1568 2704 1998 2761 ejusincitationes
2043 2702 2508 2760 refraenationesque'

226 2771 457 2816 naturales
490 2785 572 2817 seu
601 2770 644 2815 vi
673 2770 789 2814 lucis
819 2769 977 2826 ipsius,
1009 2770 1370 2824 seu,'ministerio
1403 2771 1585 2814 animali
1617 2768 2079 2815 accommodarentur.

401 2837 819 2882 Demonstrationes
858 2836 982 2893 ipsas
1012 2835 1200 2893 longum
1238 2842 1308 2880 est
1337 2836 1411 2880 hic
1442 2836 1692 2892 explicare;
1738 2840 1866 2891 petat
1887 2847 2004 2887 teas,
2053 2835 2131 2891 qui
2161 2833 2402 2889 desiderat,
2433 2846 2490 2879 ex

226 2903 439 2959 Epitoma
471 2902 803 2948 Astronomiae.
862 2901 1010 2956 Magis
1042 2908 1112 2946 est
1142 2915 1200 2945 ex
1228 2901 1438 2946 instituto
1470 2900 1725 2958 praesentis
1758 2900 1937 2957 operis,
1983 2902 2264 2946 schematum
2294 2898 2490 2956 explica„
2516 2927 2518 2930 .

225 2967 347 3012 tione
376 2966 673 3012 fundamenta
703 2973 880 3012 struere
910 2965 1085 3022 calculi,
1130 2979 1188 3010 ne
1207 2966 1273 3013 ,iis
1304 2966 1524 3024 ignoratis
1554 2966 1833 3011 inamoenior
1861 2966 1940 3010 fiat
1973 2966 2134 3012 calculi
2155 2965 2299 3021 labor,
2328 2978 2411 3022 per
2440 2971 2497 3016 se,

228 3031 336 3075 satis
366 3032 596 3077 taediosus
629 3032 684 3077 ob
714 3033 873 3076 miram
904 3031 1163 3076 cautionum
1194 3032 1485 3090 varietatem,
1528 3045 1640 3089 quas
1670 3031 1791 3088 parit
1822 3032 1936 3076 haec
1967 3045 2059 3076 non
2089 3032 2242 3088 posita
2263 3031 2327 3075 *de
2357 3042 2490 3088 nove,
2552 3068 2554 3074 ,

229 3095 309 3140 sed
341 3096 458 3140 ultro
491 3111 547 3141 ex
578 3103 742 3142 natura
772 3096 925 3141 oblata
955 3096 1233 3155 hypothesis.

402 3164 483 3204 His
524 3168 761 3216 praemissis
792 3165 995 3216 Keplerns
1033 3166 1243 3205 schemata
1273 3177 1351 3204 sua
1382 3164 1566 3215 explicat
1597 3168 1714 3212 octo,
1757 3178 1931 3217 qnorum
1963 3177 2087 3217 supra
2116 3163 2230 3216 (ann.
2266 3162 2336 3218 78)
2368 3177 2500 3215 men<
2548 3177 2554 3215 1

187 3223 198 3233 '
229 3221 384 3259 tionem
413 3224 598 3275 feci-nus,
630 3229 670 3264 et
700 3226 854 3275 pergit:
904 3222 1014 3266 Cum
1045 3225 1354 3265 antecessores
1386 3221 1531 3264 nostri
1576 3221 1719 3266 coacti
1756 3222 1922 3267 fuerint
1969 3221 2111 3266 solius
2157 3220 2292 3277 hujus
2324 3234 2554 3282 aequa-32

227 3282 364 3327 tionis
392 3292 648 3330 menstruae
680 3299 818 3332 causa
853 3287 1000 3332 reales
1039 3287 1316 3332 eccentricos
1357 3291 1402 3330 et
1430 3285 1577 3331 reales
1609 3293 1758 3332 motus
1801 3287 1940 3332 totius
1979 3287 2200 3344 sphaerae
2230 3287 2388 3331 Lunae
2431 3285 2487 3331 de
2546 3287 2554 3340 1

228 3361 344 3391 novo
376 3348 681 3403 introducere,
722 3352 796 3396 hic
825 3366 853 3396 a
882 3364 953 3396 me
984 3351 1132 3395 solum
1162 3351 1249 3395 hoc
1278 3351 1485 3409 ponitur,
1532 3353 1848 3408 aequationem
1887 3353 2132 3398 secundam
2179 3364 2279 3397 esse
2310 3366 2367 3397 ex
2397 3351 2486 3399 hoc
2545 3366 2554 3402 1

231 3412 531 3457 accidentario
577 3428 798 3459 concursu
845 3416 1087 3461 eccentrici
1135 3430 1235 3461 cum
1284 3417 1451 3462 circulo
1501 3417 1856 3463 illuminationis.
1927 3418 1989 3461 Et
2032 3417 2258 3463 veteribus
2309 3417 2488 3474 quidem
2548 3408 2551 3430 ¹

230 3476 421 3521 liberum
449 3476 554 3529 fuit,
597 3490 695 3521 eam
724 3479 960 3525 instituere
991 3482 1211 3526 rationem
1241 3483 1516 3540 positionum
1557 3495 1741 3527 suarum
1772 3483 2081 3539 (quascunque
2117 3483 2395 3540 elegissent),
2435 3486 2490 3527 ut

233 3553 313 3587 eae
342 3541 498 3585 modos
530 3541 663 3585 etiam
691 3543 879 3599 placitos
910 3546 1187 3603 reciperent,
1236 3554 1339 3603 aut,
1372 3550 1459 3594 nisi
1489 3549 1575 3594 hoc
1605 3546 1831 3603 facerent,
1863 3559 1940 3591 eos
1970 3548 2233 3604 repudiare;
2278 3561 2350 3592 me
2380 3561 2484 3594 con·
2540 3557 2548 3606 ,¹

234 3620 392 3654 cursus
431 3605 520 3649 iste
558 3605 908 3666 accidentarius,
956 3625 1039 3666 pro
1083 3624 1222 3657 causa
1261 3615 1327 3658 rei
1367 3619 1606 3670 receptus,
1654 3611 1889 3657 confestim
1934 3617 2078 3656 totum
2117 3613 2175 3658 ad
2212 3614 2334 3670 leges
2377 3625 2484 3658 snas
2539 3614 2547 3667 ι’

234 3674 453 3732 proprias,
486 3671 765 3716 extrinsecus
794 3673 968 3731 allatas,
1001 3676 1224 3734 alligavit,
1263 3685 1314 3723 ut
1343 3679 1469 3724 nulla
1498 3679 1683 3724 libertas
1715 3682 1856 3730 esset,
1895 3690 1972 3722 eas
2012 3679 2212 3734 fingendi
2249 3679 2307 3724 ad
2337 3692 2482 3725 exem·
2537 3693 2545 3722 1

235 3739 335 3796 plar
379 3736 592 3784 destinati
631 3735 830 3781 effectus.
893 3739 1063 3793 Quodsi
1104 3755 1186 3799 ego
1226 3757 1409 3788 causam
1447 3745 1511 3788 rei
1555 3754 1792 3800 perperam
1823 3741 2114 3789 collocassem
2151 3745 2198 3789 in
2230 3745 2350 3790 hunc
2381 3757 2482 3789 con·
2538 3748 2543 3756 ’

239 3817 432 3865 pur-sum>
450 3801 791 3860 illuminationis
821 3803 1189 3865 accidentarium,
1229 3822 1397 3875 quaeso
1443 3809 1520 3868 qui
1549 3809 1648 3854 fieri
1675 3807 1919 3869 potuisset,
1968 3814 2020 3859 ut
2047 3809 2123 3855 ille
2166 3811 2213 3858 in
2243 3810 2481 3861 effectuum
2534 3854 2538 3860 ,
