2554 4140
205 120 309 170 384
1036 113 1273 172 Epitomes
1302 113 1621 160 Astronomiae
1679 98 1689 104 κ

203 265 278 315 Sit
314 266 460 314 etiam
498 268 659 312 motus
696 264 879 327 speciei
916 262 1101 312 Solaris
1139 263 1296 313 veluti
1334 263 1548 310 fluminis
1585 268 1672 312 ant
1707 263 1843 312 venti
1881 261 2151 325 cujusdam,
2191 277 2252 312 ex
2277 261 2318 312 E
2347 276 2461 311 ver·

206 353 289 387 sus
328 338 381 397 F,
423 335 476 397 G,
514 336 578 384 D.
990 372 998 376 x

348 409 471 458 Cum
507 410 656 470 igitur
693 407 773 458 hic
809 415 970 458 motus
1021 410 1069 456 in
1106 408 1147 456 E
1185 410 1250 456 sit
1285 409 1564 456 incursurus
1619 409 1667 454 in
1719 407 1975 458 adversam
2022 407 2173 456 fibrae
2221 406 2463 457 medieta-

202 489 298 532 tem
340 482 425 530 ΑΕ
462 496 697 542 mersam,
751 484 799 530 in
839 481 878 531 C
916 497 1033 531 vero
1085 480 1306 530 similiter
1342 480 1623 528 incursurus
1660 483 1710 528 in
1748 481 2004 530 adversam
2044 480 2129 529 BC
2176 487 2462 538 exstantem,

202 570 328 618 quae
366 556 458 618 ipsi
499 554 584 603 AC
624 561 698 603 est
736 556 988 618 opposita:
1028 553 1230 617 proinde
1268 556 1317 600 in
1357 553 1396 600 Ε
1436 552 1632 615 quidem
1669 555 1918 617 planetam
1955 568 2147 603 sursum
2186 553 2396 616 expellet
2433 569 2463 603 a

199 642 404 692 papyro,
444 641 677 691 quorsum
713 627 868 677 tendit
905 626 1198 676 antecedens
1236 627 1469 675 terminus
1507 626 1574 686 B,
1611 629 1662 674 in
1702 627 1740 676 C
1780 641 1897 676 vero
1938 626 2180 688 deorsum,
2220 626 2345 675 infra
2369 640 2462 690 pa-

202 715 445 764 papyrum
481 699 655 763 pellet,
696 715 927 763 quorsum
965 699 1121 748 tendit
1161 699 1203 747 A
1244 701 1478 747 terminus
1515 698 1600 747 illo
1639 698 1748 749 loco
1788 700 2098 749 antecedens.
2173 699 2231 747 In
2271 705 2464 748 temone

201 773 254 821 fit
294 775 600 836 contrarium,
641 776 758 837 quia
794 775 836 822 is
874 772 1081 820 truditur
1118 787 1149 820 a
1187 773 1237 820 vi
1275 772 1510 833 fluminis,
1549 787 1646 820 non
1686 774 1847 836 agitur
1887 773 1950 821 ab
1989 774 2138 822 insita
2174 771 2461 835 aptitudine.

203 846 326 895 Cum
381 851 542 896 autem
593 848 784 895 interim
830 845 952 894 fibra
992 845 1082 893 AB
1120 851 1318 893 maneat
1362 847 1412 892 iu
1455 839 1557 893 xsitu
1613 846 1707 894 sibi
1748 848 1841 909 ipsi
1878 845 2113 908 parallelo
2149 858 2237 908 per
2274 859 2466 894 omnem

202 920 464 980 ambitum,
514 919 629 968 hinc
665 918 743 979 fit,
794 924 848 966 ut
891 915 939 965 in
979 918 1018 966 F
1058 918 1383 967 borealissimi
1428 917 1679 981 planetae,
1733 925 1781 967 et
1830 920 1878 966 in
1917 918 1964 966 D
2002 919 2146 968 mersi
2186 925 2234 967 et
2270 925 2463 968 austra·
2532 903 2542 914 ⁸

203 993 403 1053 lissimi,
453 999 624 1042 neuter
660 993 895 1041 terminus
934 1005 1025 1039 nec
1064 993 1108 1039 A
1147 1005 1237 1040 nec
1275 991 1318 1039 B
1356 990 1630 1051 antecedat,
1671 991 1758 1040 sed
1796 991 1923 1040 fibra
1959 992 2048 1040 AB
2088 990 2224 1041 velut
2260 992 2310 1038 in
2346 1005 2464 1054 pro-

202 1065 404 1114 fundum
441 1064 588 1127 hujus
625 1064 864 1125 fluminis,
912 1063 963 1112 id
1002 1070 1077 1113 est
1114 1068 1285 1113 versus
1323 1062 1487 1113 Solem
1524 1071 1748 1127 porrecta
1785 1071 1834 1113 et
1869 1067 2104 1127 impetum
2142 1064 2293 1114 latere
2330 1069 2465 1113 recta

205 1139 401 1202 objecto
429 1139 690 1200 excipienS,
732 1151 932 1186 causam
956 1136 1140 1186 nullam
1159 1137 1394 1200 praebeat
1419 1137 1674 1199 ejectionis
1714 1137 1958 1187 ulterioris
1982 1140 2031 1185 in
2072 1136 2222 1187 ullam
2246 1137 2463 1200 plagam,

205 1211 367 1274 quoad
421 1212 467 1257 in
519 1210 594 1258 his
644 1211 837 1273 punctis
875 1212 1168 1273 permutatio
1215 1210 1328 1271 fiat;
1381 1218 1434 1259 ut
1482 1224 1592 1259 cum
1642 1217 1756 1260 ante
1792 1218 2027 1274 punctum
2066 1210 2106 1259 F
2145 1212 2379 1259 terminus
2418 1207 2459 1257 B

203 1285 565 1345 antecessisset,
609 1283 714 1346 jam
765 1290 878 1347 post
925 1283 965 1331 F
1011 1285 1244 1332 terminus
1294 1284 1340 1330 A
1391 1283 1651 1332 antecedat
1699 1297 1856 1347 eoque
1907 1283 2106 1347 planeta
2158 1297 2349 1332 rursum
2400 1279 2463 1331 ad

152 1399 159 1408 .
203 1358 474 1421 eclipticam
513 1355 742 1405 accedere
783 1357 1000 1419 incipiat,
1039 1356 1258 1420 profectu
1294 1358 1503 1419 primum
1540 1357 1828 1405 insensibili.

350 1422 480 1478 Hine
517 1429 620 1493 jam
658 1435 822 1493 patet,
862 1429 1022 1493 qualis
1060 1429 1216 1492 figura
1253 1432 1494 1492 gignatur.
1569 1429 1696 1478 Nam
1733 1430 1850 1494 quia
1888 1429 2009 1479 fibra
2046 1429 2137 1478 AB
2177 1445 2236 1479 ex
2279 1430 2316 1477 E
2353 1442 2462 1479 mo·

204 1509 344 1552 vetur
390 1510 562 1553 versus
614 1501 748 1551 illam
799 1504 955 1565 ipsam
1005 1502 1231 1566 plagam,
1283 1503 1332 1550 in
1380 1516 1528 1565 quam
1573 1501 1730 1551 tendit
1778 1505 2011 1552 terminus
2062 1502 2104 1551 B
2151 1500 2460 1564 antecedens,

206 1575 486 1640 superficies
523 1577 696 1639 igitur,
751 1589 878 1637 quae
915 1576 979 1625 ab
1021 1576 1108 1624 AB
1148 1581 1364 1636 creatur,
1403 1577 1452 1623 in
1490 1575 1531 1623 E
1569 1582 1748 1639 puncto
1787 1582 2043 1626 attenuata
2080 1581 2155 1625 est
2192 1577 2242 1623 in
2280 1589 2462 1626 meram

205 1649 418 1714 lineam,
441 1663 567 1712 quae
604 1655 766 1698 tamen
804 1648 1043 1712 paulatim
1081 1648 1136 1707 fit
1172 1648 1468 1713 superficies,
1515 1654 1719 1712 ortaque
1756 1663 1816 1698 ex
1857 1649 1896 1696 E
1933 1654 2130 1712 puncto,
2170 1650 2378 1712 acquirit
2414 1650 2463 1696 in

210 1723 250 1770 F
288 1722 598 1772 latitudinem
641 1724 930 1783 maximam,
979 1722 1237 1784 aequalem
1274 1721 1565 1784 longitudini
1604 1721 1755 1772 fibrae
1792 1722 1904 1783 AB,
1959 1722 2071 1772 inde
2109 1735 2297 1771 rursum
2336 1726 2464 1771 atte-
2529 1740 2541 1768 ·.

209 1801 386 1844 nuatur
435 1795 557 1845 haec
591 1795 921 1858 superficies,
973 1809 1129 1858 usque
1167 1798 1418 1858 in·-partes
1456 1796 1753 1844 circuitionis
1794 1795 1858 1856 C,
1906 1797 2193 1859 quaeipsis
2230 1794 2272 1844 Ε
2308 1795 2463 1858 primo

209 1868 350 1918 dictis
386 1875 500 1917 sunt
538 1870 820 1932 oppositae,
861 1869 945 1917 ubi
981 1868 1262 1931 superficies
1301 1870 1397 1916 ista
1432 1882 1623 1917 rursum
1661 1870 1711 1917 in
1748 1868 1927 1917 lineam
1969 1870 2202 1918 vanescit.
2279 1866 2462 1919 Eadem
2529 1884 2532 1930 ζ

207 1941 539 2005 intelligantur
577 1941 636 1990 de
676 1943 901 2006 opposito
939 1942 1244 1996 semicirculo
1284 1940 1430 1990 CDE.
1498 1940 1681 1991 Delata
1720 1955 1836 1991 vero
1874 1943 1945 1991 sic
1983 1942 2212 1992 inclinate
2249 1942 2297 1988 in
2339 1941 2378 1990 F
2415 1946 2463 1991 et

205 2015 250 2062 D
291 2029 577 2080 semperque
626 2029 767 2063 suum
816 2013 1014 2063 ductum
1051 2029 1282 2077 sequens,
1339 2014 1523 2064 creabit
1557 2015 1758 2078 planum
1795 2014 2090 2078 perfectum,
2139 2016 2187 2063 in
2227 2020 2463 2078 quantum
2510 2018 2551 2083 ς,

205 2102 273 2136 sc.
311 2086 786 2151 situm-parallelum
824 2090 1027 2137 retinet:
1081 2088 1213 2151 quod
1253 2087 1454 2151 planum
1492 2089 1532 2135 si
1574 2090 1902 2149 continuetur,
1954 2102 2041 2151 per
2078 2094 2292 2137 centrum
2333 2086 2462 2136 Solis

207 2161 446 2222 transibit,
487 2162 604 2224 quia
638 2160 761 2210 fibra
788 2160 877 2209 ΑΒ
917 2162 966 2208 ἰη
1003 2160 1167 2210 Solem
1205 2168 1410 2225 spectat,
1452 2162 1500 2208 in
1529 2160 1567 2208 F
1606 2159 1804 2224 quidem
1842 2162 2049 2210 termino
2084 2160 2143 2222 A,
2181 2163 2230 2208 in
2258 2159 2305 2208 D
2347 2174 2463 2209 vero
2510 2153 2547 2225 ξ

208 2235 412 2283 termino
449 2234 510 2284 B.

351 2306 448 2355 Sed
486 2311 672 2355 remota
708 2305 802 2354 hac
838 2303 972 2369 plani
1013 2308 1406 2367 continuatione,
1458 2307 1499 2353 si
1557 2305 1688 2369 quod
1727 2322 1757 2355 a
1793 2305 1915 2356 fibra
1952 2312 2142 2355 creatur
2192 2306 2463 2355 solitarium
2502 2314 2554 2371 ,⁴

209 2378 567 2440 consideretur,
618 2381 806 2442 species
859 2380 950 2428 erit
997 2378 1133 2440 talis,
1187 2377 1380 2442 qualem
1432 2379 1664 2428 exhibent
1703 2379 1829 2429 duae
1867 2379 2067 2429 lunulae
2106 2381 2229 2428 inter
2267 2371 2519 2503 ellipses}

209 2451 361 2514 duas,
410 2454 695 2503 exteriorem
735 2451 934 2513 CBAE,
987 2460 1038 2502 et
1075 2454 1351 2502 interiorem
1391 2451 1590 2512 EACB,
1630 2467 1682 2501 se
1721 2461 1891 2501 mutuo
1930 2459 2185 2520 tangentes
2225 2454 2272 2499 in
2312 2450 2367 2513 C,
2405 2449 2464 2518 Ε,

206 2530 259 2574 ut
311 2525 483 2575 eadem
534 2526 666 2575 linea
704 2525 784 2574 GE
838 2528 903 2575 sit
949 2525 1208 2587 diameter,
1261 2527 1462 2574 minoris
1514 2524 1710 2588 quidem
1747 2525 1923 2575 EACB
1961 2525 2154 2590 longior
2191 2539 2279 2575 seu
2317 2485 2510 2595 rectas}

206 2598 405 2663 maj0ris
443 2613 559 2648 vero
600 2598 773 2647 CBAE
813 2605 1106 2662 transversa

352 2671 581 2722 Centrum
628 2673 775 2721 etiam
825 2674 1039 2736 corporis
1089 2671 1315 2735 planetae
1363 2671 1636 2720 circumibit
1675 2673 1722 2719 in
1760 2671 1910 2735 plano
1948 2671 2191 2735 perfecte,
2244 2670 2378 2735 quod
2415 2671 2505 2722 iux

209 2744 302 2794 hac
340 2744 498 2809 figura
535 2744 768 2794 circulare
807 2745 989 2794 factum
1027 2752 1127 2806 est,
1166 2758 1236 2793 sc.
1276 2743 1483 2805 CDEF3
1524 2747 1749 2807 quamvis
1787 2747 1935 2795 etiam
1972 2746 2150 2809 ipsum,
2187 2750 2242 2793 ut
2280 2759 2341 2793 ex
2377 2754 2501 2795 so*

2502 2270 2549 2315 4'11

2430 2623 2439 2633 ⁶
2494 2621 2505 2655 ῐ

2496 2357 2540 2415 3¹1)

210 2819 370 2881 perius
410 2817 550 2867 dictis
589 2824 740 2881 patet,
778 2833 1042 2882 parumper
1080 2833 1111 2866 a
1147 2818 1316 2867 circuli
1355 2817 1653 2880 perfectione
1691 2816 1754 2866 ad
1795 2817 2056 2907 ellipticarn
2082 2817 2288 2867 laterum
2315 2811 2498 2868 casu·-
2477 2867 2501 2899 ¹
2548 2874 2554 2895 Ι

210 2894 454 2952 gationem
495 2890 736 2941 deflectat.

358 2964 541 3013 Remus
579 2965 657 3012 vel
693 2971 822 3013 temo
858 2966 1008 3012 navis
1039 2965 1329 3026 porr-iqitur
1366 2977 1399 3010 a
1424 2965 1554 3012 navi
1583 2978 1828 3025 prorsum
1867 2966 1923 3012 in
1947 2963 2117 3014 undas
2139 2969 2236 3012 aut
2258 2965 2316 3010 in
2341 2975 2497 3025 ven-5,
2545 2955 2547 2960 ’

209 3042 342 3096 tum,
396 3037 554 3100 fibrae
597 3039 722 3086 istae
769 3039 929 3085 latent
973 3039 1112 3085 intus
1148 3038 1205 3083 in
1243 3035 1473 3101 rotundo?
1498 3037 1738 3098 planctae
1774 3051 2011 3099 corpore:
2056 3051 2164 3085 non
2201 3042 2270 3086 est
2308 3037 2485 3099 iqiwrr

209 3110 269 3154 iis
306 3109 479 3157 eadem
518 3113 607 3171 vis,
648 3125 779 3172 quae
816 3110 1109 3159 temonibus
1164 3108 1275 3164 Non
1316 3115 1388 3156 est
1426 3123 1641 3170 necesse,
1681 3110 1847 3158 omnia
1883 3108 2175 3172 respondere
2214 3111 2262 3156 in
2301 3107 2491 3171 aliqua,

211 3180 552 3231 similitudine:
606 3182 822 3231 succedit
868 3189 1032 3231 autem
1084 3182 1192 3230 loco
1232 3181 1479 3230 facultatis
1516 3196 1757 3230 remorum
1796 3183 1871 3231 vis
1909 3182 2010 3230 alia
2047 3181 2275 3230 fibrarum
2313 3178 2513 3239 multis

212 3255 602 3317 convenientior,
643 3254 775 3318 quod
812 3257 937 3304 sicut
962 3269 1110 3319 supra
1134 3254 1286 3303 fibrae
1311 3255 1582 3303 naturalem
1608 3254 1856 3304 habebant
1882 3255 2105 3302 inertiam
2133 3260 2300 3303 contra
2325 3250 2475 3305 indis„

209 3327 456 3374 nationem
495 3330 595 3389 sui,
635 3343 721 3377 seu
762 3331 923 3392 potius
962 3330 1230 3392 potentiam
1269 3328 1332 3375 ad
1371 3327 1857 3385 retinendumrsitum
1894 3326 2180 3390 parallelum
2220 3329 2268 3374 in
2308 3333 2466 3375 trans*
2536 3350 2537 3353 ¹

211 3401 484 3462 portatione
525 3403 764 3464 corporis,
805 3403 875 3449 sic
911 3415 1040 3450 nunc
1078 3403 1224 3450 etiam
1263 3401 1387 3448 insit·
1415 3399 1548 3449 fibris
1586 3400 1859 3449 latitudinis
1897 3405 2089 3462 praeter
2126 3399 2332 3456 similem
2366 3398 2465 3448 vin

209 3470 446 3519 retinendi
485 3473 630 3519 situm
666 3473 952 3536 parallelum
993 3476 1139 3523 etiam
1175 3473 1413 3522 naturalis
1447 3476 1669 3536 potentia
1694 3471 1942 3535 agilitatis,
1981 3486 2070 3521 seu
2093 3471 2260 3521 tuendi
2287 3471 2466 3520 linead

186 3543 355 3608 'plane
410 3543 614 3592 eandem
668 3553 715 3593 et
761 3547 1027 3595 secundum
1078 3562 1185 3595 eam
1227 3545 1480 3595 derivandi
1518 3553 1702 3596 motum
1740 3546 1836 3594 sibi
1873 3544 2090 3606 illatum,
2145 3547 2192 3592 in
2232 3541 2470 3608 quantun‘

212 3615 407 3680 quidem
445 3616 601 3664 tendit
637 3624 796 3666 motus
836 3621 884 3665 in
926 3619 1128 3668 eandem
1167 3619 1364 3682 plagam
1402 3633 1511 3667 cum
1549 3619 1701 3668 altero
1740 3617 1890 3666 fibrae
1930 3624 2158 3668 extremo
2443 3629 2455 3675 ι

363 3674 621 3752 Compara
656 3692 880 3754 formam
917 3692 1048 3739 hanc
1084 3699 1249 3741 motus
1274 3691 1561 3741 latitudinis
1585 3706 1698 3740 cum
1723 3693 2039 3740 astronomia
2066 3692 2218 3739 veteri
2242 3680 2463 3750 exemplo

209 3763 467 3824 populari.
544 3761 646 3810 Nos
685 3762 762 3810 hic
799 3762 1044 3825 planetam
1083 3765 1269 3811 flumini
1306 3766 1650 3812 committimus
1688 3777 1796 3811 cum
1837 3763 2037 3826 obliquo
2075 3770 2291 3822 temone,
2323 3759 2484 3823 cuju

210 3834 448 3899 beneficio
495 3833 695 3899 planeta
742 3836 846 3898 ipse
897 3835 1020 3884 inter
1070 3835 1380 3886 defluendum
1427 3837 1638 3900 trajiciat
1686 3836 1749 3885 ab
1790 3850 1888 3885 una
1923 3837 2030 3901 ripa
2067 3835 2133 3886 ad
2170 3834 2460 3899 oppositam
