<?xml version="1.0" encoding="UTF-8"?>
<!DOCTYPE html PUBLIC "-//W3C//DTD XHTML 1.0 Transitional//EN"
    "http://www.w3.org/TR/xhtml1/DTD/xhtml1-transitional.dtd">
<html xmlns="http://www.w3.org/1999/xhtml" xml:lang="en" lang="en">
 <head>
  <title>
</title>
<meta http-equiv="Content-Type" content="text/html;charset=utf-8" />
  <meta name='ocr-system' content='tesseract 3.04.00' />
  <meta name='ocr-capabilities' content='ocr_page ocr_carea ocr_par ocr_line ocrx_word'/>
</head>
<body>
  <div class='ocr_page' id='page_1' title='image "./operaomniaedidit06kepluoft_0585.png"; bbox 0 0 2554 4140; ppageno 0'>
   <div class='ocr_carea' id='block_1_1' title="bbox 0 882 1123 959">
    <p class='ocr_par' dir='ltr' id='par_1_1' title="bbox 0 882 1123 959">
     <span class='ocr_line' id='line_1_1' title="bbox 0 882 1123 959; baseline 0 -11"><span class='ocrx_word' id='word_1_1' title='bbox 0 882 26 948; x_wconf 45' lang='grc'>’.</span> <span class='ocrx_word' id='word_1_2' title='bbox 97 903 299 959; x_wconf 83' lang='grc'><strong>3031111111</strong></span> <span class='ocrx_word' id='word_1_3' title='bbox 339 904 571 948; x_wconf 83' lang='grc'><strong>1311330010</strong></span> <span class='ocrx_word' id='word_1_4' title='bbox 608 903 843 959; x_wconf 81' lang='lat' dir='ltr'>visumque</span> <span class='ocrx_word' id='word_1_5' title='bbox 880 904 926 947; x_wconf 86' lang='lat' dir='ltr'>id</span> <span class='ocrx_word' id='word_1_6' title='bbox 958 917 1123 959; x_wconf 89' lang='lat' dir='ltr'>corpus</span> 
     </span>
    </p>
   </div>
   <div class='ocr_carea' id='block_1_2' title="bbox 791 163 2352 227">
    <p class='ocr_par' dir='ltr' id='par_1_2' title="bbox 791 163 2352 227">
     <span class='ocr_line' id='line_1_2' title="bbox 791 163 2352 227; baseline -0.002 -12"><span class='ocrx_word' id='word_1_7' title='bbox 791 170 1024 227; x_wconf 87' lang='lat' dir='ltr'>Excerpta</span> <span class='ocrx_word' id='word_1_8' title='bbox 1053 183 1110 215; x_wconf 89' lang='lat' dir='ltr'>ex</span> <span class='ocrx_word' id='word_1_9' title='bbox 1140 168 1327 215; x_wconf 82' lang='lat' dir='ltr'><strong>Tabulis</strong></span> <span class='ocrx_word' id='word_1_10' title='bbox 1348 165 1667 224; x_wconf 85' lang='lat' dir='ltr'>Rudolphinis.</span> <span class='ocrx_word' id='word_1_11' title='bbox 2252 163 2352 213; x_wconf 80' lang='lat'>571</span> 
     </span>
    </p>
   </div>
   <div class='ocr_carea' id='block_1_3' title="bbox 96 303 2359 437">
    <p class='ocr_par' dir='ltr' id='par_1_3' title="bbox 96 303 2359 437">
     <span class='ocr_line' id='line_1_3' title="bbox 99 303 2359 371; baseline -0.003 -15"><span class='ocrx_word' id='word_1_12' title='bbox 99 314 296 371; x_wconf 81' lang='lat' dir='ltr'>datum“)</span> <span class='ocrx_word' id='word_1_13' title='bbox 326 314 397 358; x_wconf 88' lang='lat' dir='ltr'>ad·</span> <span class='ocrx_word' id='word_1_14' title='bbox 416 313 745 370; x_wconf 88' lang='lat' dir='ltr'>expromendos</span> <span class='ocrx_word' id='word_1_15' title='bbox 779 320 983 360; x_wconf 90' lang='lat' dir='ltr'>motuum</span> <span class='ocrx_word' id='word_1_16' title='bbox 1013 314 1318 371; x_wconf 82' lang='lat' dir='ltr'>aequabilium</span> <span class='ocrx_word' id='word_1_17' title='bbox 1348 313 1576 357; x_wconf 84' lang='lat' dir='ltr'>modulos:</span> <span class='ocrx_word' id='word_1_18' title='bbox 1607 316 1758 357; x_wconf 87' lang='lat' dir='ltr'>tamen</span> <span class='ocrx_word' id='word_1_19' title='bbox 1791 308 1911 365; x_wconf 88' lang='lat' dir='ltr'>quod</span> <span class='ocrx_word' id='word_1_20' title='bbox 1934 306 2170 354; x_wconf 82' lang='lat' dir='ltr'>accederet</span> <span class='ocrx_word' id='word_1_21' title='bbox 2189 303 2359 362; x_wconf 85' lang='lat' dir='ltr'>aliquid</span> 
     </span>
     <span class='ocr_line' id='line_1_4' title="bbox 96 370 2358 437; baseline -0.005 -13"><span class='ocrx_word' id='word_1_22' title='bbox 96 380 362 424; x_wconf 86' lang='lat' dir='ltr'>revolutioni</span> <span class='ocrx_word' id='word_1_23' title='bbox 404 379 482 424; x_wconf 91' lang='lat' dir='ltr'>uni</span> <span class='ocrx_word' id='word_1_24' title='bbox 510 381 642 435; x_wconf 87' lang='lat' dir='ltr'>primi</span> <span class='ocrx_word' id='word_1_25' title='bbox 672 380 849 437; x_wconf 89' lang='lat' dir='ltr'>mobilis</span> <span class='ocrx_word' id='word_1_26' title='bbox 881 380 937 424; x_wconf 90' lang='lat' dir='ltr'>ad</span> <span class='ocrx_word' id='word_1_27' title='bbox 980 380 1098 425; x_wconf 92' lang='lat' dir='ltr'>diem</span> <span class='ocrx_word' id='word_1_28' title='bbox 1137 393 1284 426; x_wconf 57' lang='lat' dir='ltr'>unam,</span> <span class='ocrx_word' id='word_1_29' title='bbox 1304 377 1598 434; x_wconf 88' lang='lat' dir='ltr'>censendam,</span> <span class='ocrx_word' id='word_1_30' title='bbox 1641 377 1698 421; x_wconf 90' lang='lat' dir='ltr'>ad</span> <span class='ocrx_word' id='word_1_31' title='bbox 1730 375 1882 420; x_wconf 90' lang='lat' dir='ltr'>Solem</span> <span class='ocrx_word' id='word_1_32' title='bbox 1922 386 1984 419; x_wconf 87' lang='lat' dir='ltr'>sc.</span> <span class='ocrx_word' id='word_1_33' title='bbox 2025 371 2184 418; x_wconf 89' lang='lat' dir='ltr'>eodem</span> <span class='ocrx_word' id='word_1_34' title='bbox 2224 370 2358 423; x_wconf 84' lang='lat' dir='ltr'>redu-</span> 
     </span>
    </p>
   </div>
   <div class='ocr_carea' id='block_1_4' title="bbox 4 434 2359 502">
    <p class='ocr_par' dir='ltr' id='par_1_4' title="bbox 4 434 2359 502">
     <span class='ocr_line' id='line_1_5' title="bbox 4 434 2359 502; baseline -0.006 -11"><span class='ocrx_word' id='word_1_35' title='bbox 4 455 5 458; x_wconf 77' lang='grc'>’</span> <span class='ocrx_word' id='word_1_36' title='bbox 37 480 46 486; x_wconf 62' lang='lat'><em>-</em></span> <span class='ocrx_word' id='word_1_37' title='bbox 98 446 309 501; x_wconf 85' lang='lat' dir='ltr'>cendum,</span> <span class='ocrx_word' id='word_1_38' title='bbox 352 447 570 502; x_wconf 87' lang='lat' dir='ltr'>pertinuit</span> <span class='ocrx_word' id='word_1_39' title='bbox 601 446 656 490; x_wconf 84' lang='lat' dir='ltr'>ad</span> <span class='ocrx_word' id='word_1_40' title='bbox 689 446 899 490; x_wconf 83' lang='lat' dir='ltr'>solertem</span> <span class='ocrx_word' id='word_1_41' title='bbox 931 445 1176 489; x_wconf 80' lang='lat' dir='ltr'>astronomi</span> <span class='ocrx_word' id='word_1_42' title='bbox 1206 443 1493 498; x_wconf 29' lang='lat' dir='ltr'>diligentiam·</span> <span class='ocrx_word' id='word_1_43' title='bbox 1527 447 1759 497; x_wconf 85' lang='lat' dir='ltr'>excutere,</span> <span class='ocrx_word' id='word_1_44' title='bbox 1799 454 1908 484; x_wconf 93' lang='lat' dir='ltr'>num</span> <span class='ocrx_word' id='word_1_45' title='bbox 1939 452 2030 495; x_wconf 92' lang='lat' dir='ltr'>qua</span> <span class='ocrx_word' id='word_1_46' title='bbox 2058 434 2359 494; x_wconf 79' lang='lat' dir='ltr'>inaequalitas</span> 
     </span>
    </p>
   </div>
   <div class='ocr_carea' id='block_1_5' title="bbox 95 499 2364 1088">
    <p class='ocr_par' dir='ltr' id='par_1_5' title="bbox 97 499 2361 701">
     <span class='ocr_line' id='line_1_6' title="bbox 99 499 2361 567; baseline -0.005 -12"><span class='ocrx_word' id='word_1_47' title='bbox 99 511 345 567; x_wconf 72' lang='lat' dir='ltr'>compositi,</span> <span class='ocrx_word' id='word_1_48' title='bbox 379 512 499 567; x_wconf 89' lang='lat' dir='ltr'>quod</span> <span class='ocrx_word' id='word_1_49' title='bbox 531 513 626 556; x_wconf 88' lang='lat' dir='ltr'>dies</span> <span class='ocrx_word' id='word_1_50' title='bbox 659 518 741 566; x_wconf 92' lang='lat' dir='ltr'>est,</span> <span class='ocrx_word' id='word_1_51' title='bbox 791 524 848 555; x_wconf 89' lang='lat' dir='ltr'>ex</span> <span class='ocrx_word' id='word_1_52' title='bbox 878 511 1197 556; x_wconf 83' lang='lat' dir='ltr'>additamentis</span> <span class='ocrx_word' id='word_1_53' title='bbox 1227 511 1326 556; x_wconf 85' lang='lat' dir='ltr'>istis</span> <span class='ocrx_word' id='word_1_54' title='bbox 1358 508 1683 566; x_wconf 89' lang='lat' dir='ltr'>particularum</span> <span class='ocrx_word' id='word_1_55' title='bbox 1714 506 1983 550; x_wconf 80' lang='lat' dir='ltr'>necessitate</span> <span class='ocrx_word' id='word_1_56' title='bbox 2015 499 2361 548; x_wconf 89' lang='lat' dir='ltr'>demonstratio-</span> 
     </span>
     <span class='ocr_line' id='line_1_7' title="bbox 97 569 2359 636; baseline -0.005 -16"><span class='ocrx_word' id='word_1_57' title='bbox 97 590 203 636; x_wconf 86' lang='lat' dir='ltr'>num</span> <span class='ocrx_word' id='word_1_58' title='bbox 233 576 476 621; x_wconf 83' lang='lat' dir='ltr'>resultaret</span> <span class='ocrx_word' id='word_1_59' title='bbox 508 583 553 621; x_wconf 92' lang='lat' dir='ltr'>et</span> <span class='ocrx_word' id='word_1_60' title='bbox 585 577 621 621; x_wconf 92' lang='lat' dir='ltr'>si</span> <span class='ocrx_word' id='word_1_61' title='bbox 655 590 744 632; x_wconf 88' lang='lat' dir='ltr'>qua</span> <span class='ocrx_word' id='word_1_62' title='bbox 774 577 1062 632; x_wconf 84' lang='lat' dir='ltr'>inveniretur,</span> <span class='ocrx_word' id='word_1_63' title='bbox 1096 589 1195 621; x_wconf 88' lang='lat' dir='ltr'>eam</span> <span class='ocrx_word' id='word_1_64' title='bbox 1227 575 1535 632; x_wconf 87' lang='lat' dir='ltr'>complanare,</span> <span class='ocrx_word' id='word_1_65' title='bbox 1578 585 1635 616; x_wconf 87' lang='lat' dir='ltr'>ne</span> <span class='ocrx_word' id='word_1_66' title='bbox 1676 583 1885 616; x_wconf 89' lang='lat' dir='ltr'>mensura</span> <span class='ocrx_word' id='word_1_67' title='bbox 1915 575 2116 614; x_wconf 90' lang='lat' dir='ltr'>motuum</span> <span class='ocrx_word' id='word_1_68' title='bbox 2146 569 2359 623; x_wconf 90' lang='lat' dir='ltr'>inaequa-</span> 
     </span>
     <span class='ocr_line' id='line_1_8' title="bbox 97 641 1658 701; baseline 0.002 -16"><span class='ocrx_word' id='word_1_69' title='bbox 97 641 205 685; x_wconf 91' lang='lat' dir='ltr'>lium</span> <span class='ocrx_word' id='word_1_70' title='bbox 235 655 327 686; x_wconf 89' lang='lat' dir='ltr'>non</span> <span class='ocrx_word' id='word_1_71' title='bbox 359 647 482 686; x_wconf 91' lang='lat' dir='ltr'>esset</span> <span class='ocrx_word' id='word_1_72' title='bbox 511 656 603 686; x_wconf 90' lang='lat' dir='ltr'>non</span> <span class='ocrx_word' id='word_1_73' title='bbox 634 643 1011 699; x_wconf 77' lang='lat' dir='ltr'>aequabilissima;</span> <span class='ocrx_word' id='word_1_74' title='bbox 1656 699 1658 701; x_wconf 9' lang='grc' dir='ltr'><strong>ῃ</strong></span> 
     </span>
    </p>

    <p class='ocr_par' dir='ltr' id='par_1_6' title="bbox 95 700 2364 1088">
     <span class='ocr_line' id='line_1_9' title="bbox 266 700 2358 763; baseline -0.002 -14"><span class='ocrx_word' id='word_1_75' title='bbox 266 707 378 751; x_wconf 87' lang='lat' dir='ltr'>Post</span> <span class='ocrx_word' id='word_1_76' title='bbox 409 721 621 752; x_wconf 86' lang='lat' dir='ltr'>excussos</span> <span class='ocrx_word' id='word_1_77' title='bbox 650 707 1066 763; x_wconf 83' lang='lat' dir='ltr'>penitusrecessus</span> <span class='ocrx_word' id='word_1_78' title='bbox 1100 708 1210 753; x_wconf 87' lang='lat' dir='ltr'>artis</span> <span class='ocrx_word' id='word_1_79' title='bbox 1242 708 1325 753; x_wconf 90' lang='lat' dir='ltr'>sub</span> <span class='ocrx_word' id='word_1_80' title='bbox 1359 705 1573 763; x_wconf 81' lang='lat' dir='ltr'>Tychone</span> <span class='ocrx_word' id='word_1_81' title='bbox 1602 703 1852 758; x_wconf 88' lang='lat' dir='ltr'>Lunaeque</span> <span class='ocrx_word' id='word_1_82' title='bbox 1882 706 2032 746; x_wconf 88' lang='lat' dir='ltr'>motus</span> <span class='ocrx_word' id='word_1_83' title='bbox 2064 701 2120 746; x_wconf 86' lang='lat' dir='ltr'>ad</span> <span class='ocrx_word' id='word_1_84' title='bbox 2153 700 2358 746; x_wconf 88' lang='lat' dir='ltr'>exactius</span> 
     </span>
     <span class='ocr_line' id='line_1_10' title="bbox 97 766 2361 831; baseline -0.003 -15"><span class='ocrx_word' id='word_1_85' title='bbox 97 785 284 816; x_wconf 84' lang='lat' dir='ltr'>examen</span> <span class='ocrx_word' id='word_1_86' title='bbox 315 779 516 828; x_wconf 82' lang='lat' dir='ltr'>vocatOS,</span> <span class='ocrx_word' id='word_1_87' title='bbox 550 774 700 828; x_wconf 88' lang='lat' dir='ltr'>coepit</span> <span class='ocrx_word' id='word_1_88' title='bbox 730 774 948 830; x_wconf 90' lang='lat' dir='ltr'>primum,</span> <span class='ocrx_word' id='word_1_89' title='bbox 986 773 1200 831; x_wconf 82' lang='lat' dir='ltr'>Tychone</span> <span class='ocrx_word' id='word_1_90' title='bbox 1230 774 1329 830; x_wconf 74' lang='lat' dir='ltr'>ips‘o</span> <span class='ocrx_word' id='word_1_91' title='bbox 1362 772 1510 818; x_wconf 87' lang='lat' dir='ltr'>adhuc</span> <span class='ocrx_word' id='word_1_92' title='bbox 1541 768 1786 826; x_wconf 85' lang='lat' dir='ltr'>superstite</span> <span class='ocrx_word' id='word_1_93' title='bbox 1818 771 1863 811; x_wconf 88' lang='lat' dir='ltr'>et</span> <span class='ocrx_word' id='word_1_94' title='bbox 1893 767 2188 824; x_wconf 84' lang='lat' dir='ltr'>approbante,</span> <span class='ocrx_word' id='word_1_95' title='bbox 2219 766 2361 811; x_wconf 89' lang='lat' dir='ltr'>maxi-</span> 
     </span>
     <span class='ocr_line' id='line_1_11' title="bbox 97 830 2364 895; baseline -0.004 -12"><span class='ocrx_word' id='word_1_96' title='bbox 97 853 217 883; x_wconf 87' lang='lat' dir='ltr'>mum</span> <span class='ocrx_word' id='word_1_97' title='bbox 255 839 369 884; x_wconf 91' lang='lat' dir='ltr'>illud</span> <span class='ocrx_word' id='word_1_98' title='bbox 411 843 771 881; x_wconf 85' lang='lat' dir='ltr'>astronomorum</span> <span class='ocrx_word' id='word_1_99' title='bbox 816 840 993 882; x_wconf 82' lang='lat' dir='ltr'>axioma</span> <span class='ocrx_word' id='word_1_100' title='bbox 1035 838 1090 882; x_wconf 88' lang='lat' dir='ltr'>de</span> <span class='ocrx_word' id='word_1_101' title='bbox 1133 839 1407 895; x_wconf 84' lang='lat' dir='ltr'>aequalitate</span> <span class='ocrx_word' id='word_1_102' title='bbox 1447 832 1790 894; x_wconf 80' lang='lat' dir='ltr'>(aequabilitate)</span> <span class='ocrx_word' id='word_1_103' title='bbox 1831 836 1981 875; x_wconf 91' lang='lat' dir='ltr'>motus</span> <span class='ocrx_word' id='word_1_104' title='bbox 2022 832 2155 888; x_wconf 90' lang='lat' dir='ltr'>primi</span> <span class='ocrx_word' id='word_1_105' title='bbox 2184 830 2364 875; x_wconf 87' lang='lat' dir='ltr'>mobilis</span> 
     </span>
     <span class='ocr_line' id='line_1_12' title="bbox 1135 899 2364 961; baseline -0.009 -12"><span class='ocrx_word' id='word_1_106' title='bbox 1135 940 1145 961; x_wconf 94' lang='lat'>,</span> <span class='ocrx_word' id='word_1_107' title='bbox 1188 904 1310 960; x_wconf 90' lang='lat' dir='ltr'>quod</span> <span class='ocrx_word' id='word_1_108' title='bbox 1340 899 1729 960; x_wconf 90' lang='lat' dir='ltr'>primum·mobile</span> <span class='ocrx_word' id='word_1_109' title='bbox 1759 900 2101 953; x_wconf 89' lang='lat' dir='ltr'>repraesentat,</span> <span class='ocrx_word' id='word_1_110' title='bbox 2142 910 2233 941; x_wconf 88' lang='lat' dir='ltr'>una</span> <span class='ocrx_word' id='word_1_111' title='bbox 2262 908 2364 941; x_wconf 91' lang='lat' dir='ltr'>cum</span> 
     </span>
     <span class='ocr_line' id='line_1_13' title="bbox 95 961 2364 1018; baseline -0.003 -6"><span class='ocrx_word' id='word_1_112' title='bbox 95 967 297 1012; x_wconf 86' lang='lat' dir='ltr'>discessu</span> <span class='ocrx_word' id='word_1_113' title='bbox 320 967 436 1012; x_wconf 88' lang='lat' dir='ltr'>Solis</span> <span class='ocrx_word' id='word_1_114' title='bbox 468 979 495 1010; x_wconf 91' lang='lat' dir='ltr'>a</span> <span class='ocrx_word' id='word_1_115' title='bbox 526 973 681 1011; x_wconf 90' lang='lat' dir='ltr'>centro</span> <span class='ocrx_word' id='word_1_116' title='bbox 715 968 881 1011; x_wconf 86' lang='lat' dir='ltr'>Terrae</span> <span class='ocrx_word' id='word_1_117' title='bbox 912 968 1117 1011; x_wconf 88' lang='lat' dir='ltr'>nonnihil</span> <span class='ocrx_word' id='word_1_118' title='bbox 1148 967 1204 1012; x_wconf 85' lang='lat' dir='ltr'>de</span> <span class='ocrx_word' id='word_1_119' title='bbox 1235 967 1467 1012; x_wconf 90' lang='lat' dir='ltr'>celeritate</span> <span class='ocrx_word' id='word_1_120' title='bbox 1499 978 1609 1010; x_wconf 88' lang='lat' dir='ltr'>suae</span> <span class='ocrx_word' id='word_1_121' title='bbox 1638 961 1932 1008; x_wconf 84' lang='lat' dir='ltr'>revolutionis</span> <span class='ocrx_word' id='word_1_122' title='bbox 1963 961 2228 1018; x_wconf 88' lang='lat' dir='ltr'>deperdere,</span> <span class='ocrx_word' id='word_1_123' title='bbox 2262 976 2364 1007; x_wconf 92' lang='lat' dir='ltr'>cum</span> 
     </span>
     <span class='ocr_line' id='line_1_14' title="bbox 97 1027 2364 1088; baseline -0.003 -11"><span class='ocrx_word' id='word_1_124' title='bbox 97 1046 280 1077; x_wconf 87' lang='lat' dir='ltr'>accessu</span> <span class='ocrx_word' id='word_1_125' title='bbox 310 1033 506 1077; x_wconf 84' lang='lat' dir='ltr'>vicissim</span> <span class='ocrx_word' id='word_1_126' title='bbox 538 1032 775 1088; x_wconf 85' lang='lat' dir='ltr'>concitari3</span> <span class='ocrx_word' id='word_1_127' title='bbox 808 1034 854 1078; x_wconf 91' lang='lat' dir='ltr'>id</span> <span class='ocrx_word' id='word_1_128' title='bbox 886 1039 1035 1077; x_wconf 89' lang='lat' dir='ltr'>tamen</span> <span class='ocrx_word' id='word_1_129' title='bbox 1066 1046 1155 1076; x_wconf 90' lang='lat' dir='ltr'>non</span> <span class='ocrx_word' id='word_1_130' title='bbox 1187 1037 1286 1077; x_wconf 89' lang='lat' dir='ltr'>tota.</span> <span class='ocrx_word' id='word_1_131' title='bbox 1315 1031 1609 1077; x_wconf 86' lang='lat' dir='ltr'>revolutionis</span> <span class='ocrx_word' id='word_1_132' title='bbox 1631 1029 1765 1074; x_wconf 91' lang='lat' dir='ltr'>unius</span> <span class='ocrx_word' id='word_1_133' title='bbox 1797 1027 2035 1072; x_wconf 89' lang='lat' dir='ltr'>duratione</span> <span class='ocrx_word' id='word_1_134' title='bbox 2063 1027 2122 1072; x_wconf 90' lang='lat' dir='ltr'>ad</span> <span class='ocrx_word' id='word_1_135' title='bbox 2143 1027 2261 1072; x_wconf 88' lang='lat' dir='ltr'>hanc</span> <span class='ocrx_word' id='word_1_136' title='bbox 2292 1041 2364 1071; x_wconf 90' lang='lat' dir='ltr'>ac-</span> 
     </span>
    </p>
   </div>
   <div class='ocr_carea' id='block_1_6' title="bbox 0 1091 2366 1153">
    <p class='ocr_par' dir='ltr' id='par_1_7' title="bbox 0 1091 2366 1153">
     <span class='ocr_line' id='line_1_15' title="bbox 0 1091 2366 1153; baseline -0.002 -11"><span class='ocrx_word' id='word_1_137' title='bbox 0 1119 18 1124; x_wconf 96' lang='lat'>··</span> <span class='ocrx_word' id='word_1_138' title='bbox 76 1110 255 1142; x_wconf 87' lang='lat' dir='ltr'>cessus</span> <span class='ocrx_word' id='word_1_139' title='bbox 289 1104 334 1142; x_wconf 91' lang='lat' dir='ltr'>et</span> <span class='ocrx_word' id='word_1_140' title='bbox 362 1110 570 1141; x_wconf 89' lang='lat' dir='ltr'>recessus</span> <span class='ocrx_word' id='word_1_141' title='bbox 600 1097 937 1152; x_wconf 86' lang='lat' dir='ltr'>proportionem</span> <span class='ocrx_word' id='word_1_142' title='bbox 968 1097 1241 1153; x_wconf 86' lang='lat' dir='ltr'>dispensata,</span> <span class='ocrx_word' id='word_1_143' title='bbox 1275 1097 1355 1142; x_wconf 89' lang='lat' dir='ltr'>sed</span> <span class='ocrx_word' id='word_1_144' title='bbox 1386 1096 1549 1151; x_wconf 84' lang='lat' dir='ltr'>exigua</span> <span class='ocrx_word' id='word_1_145' title='bbox 1579 1093 1738 1138; x_wconf 90' lang='lat' dir='ltr'>saltem</span> <span class='ocrx_word' id='word_1_146' title='bbox 1772 1092 1869 1148; x_wconf 87' lang='lat' dir='ltr'>ejus</span> <span class='ocrx_word' id='word_1_147' title='bbox 1900 1091 2145 1149; x_wconf 85' lang='lat' dir='ltr'>particula,</span> <span class='ocrx_word' id='word_1_148' title='bbox 2178 1093 2366 1149; x_wconf 83' lang='lat' dir='ltr'>perinde</span> 
     </span>
    </p>
   </div>
   <div class='ocr_carea' id='block_1_7' title="bbox 97 1158 2365 1286">
    <p class='ocr_par' dir='ltr' id='par_1_8' title="bbox 97 1158 2365 1286">
     <span class='ocr_line' id='line_1_16' title="bbox 97 1158 2363 1223; baseline -0.002 -16"><span class='ocrx_word' id='word_1_149' title='bbox 97 1176 150 1208; x_wconf 87' lang='lat' dir='ltr'>ac</span> <span class='ocrx_word' id='word_1_150' title='bbox 179 1163 218 1206; x_wconf 88' lang='lat' dir='ltr'>si</span> <span class='ocrx_word' id='word_1_151' title='bbox 249 1163 326 1206; x_wconf 90' lang='lat' dir='ltr'>Sol</span> <span class='ocrx_word' id='word_1_152' title='bbox 357 1163 591 1206; x_wconf 86' lang='lat' dir='ltr'>omnifaria</span> <span class='ocrx_word' id='word_1_153' title='bbox 621 1175 703 1206; x_wconf 88' lang='lat' dir='ltr'>sua</span> <span class='ocrx_word' id='word_1_154' title='bbox 733 1162 1071 1218; x_wconf 85' lang='lat' dir='ltr'>propinquitate</span> <span class='ocrx_word' id='word_1_155' title='bbox 1103 1162 1159 1206; x_wconf 88' lang='lat' dir='ltr'>ad</span> <span class='ocrx_word' id='word_1_156' title='bbox 1191 1163 1379 1207; x_wconf 88' lang='lat' dir='ltr'>Terram</span> <span class='ocrx_word' id='word_1_157' title='bbox 1409 1174 1490 1218; x_wconf 90' lang='lat' dir='ltr'>per</span> <span class='ocrx_word' id='word_1_158' title='bbox 1519 1164 1665 1206; x_wconf 90' lang='lat' dir='ltr'>totum</span> <span class='ocrx_word' id='word_1_159' title='bbox 1697 1159 1803 1203; x_wconf 88' lang='lat' dir='ltr'>anni</span> <span class='ocrx_word' id='word_1_160' title='bbox 1834 1158 2068 1203; x_wconf 87' lang='lat' dir='ltr'>circuitum</span> <span class='ocrx_word' id='word_1_161' title='bbox 2100 1159 2188 1202; x_wconf 91' lang='lat' dir='ltr'>vim</span> <span class='ocrx_word' id='word_1_162' title='bbox 2225 1159 2363 1223; x_wconf 67' lang='lat' dir='ltr'>illam,</span> 
     </span>
     <span class='ocr_line' id='line_1_17' title="bbox 99 1223 2365 1286; baseline -0 -15"><span class='ocrx_word' id='word_1_163' title='bbox 99 1231 214 1286; x_wconf 80' lang='lat' dir='ltr'>quae</span> <span class='ocrx_word' id='word_1_164' title='bbox 242 1228 436 1284; x_wconf 90' lang='lat' dir='ltr'>primum</span> <span class='ocrx_word' id='word_1_165' title='bbox 467 1233 637 1271; x_wconf 90' lang='lat' dir='ltr'>motum</span> <span class='ocrx_word' id='word_1_166' title='bbox 669 1226 861 1279; x_wconf 89' lang='lat' dir='ltr'>conficit,</span> <span class='ocrx_word' id='word_1_167' title='bbox 895 1239 950 1270; x_wconf 92' lang='lat' dir='ltr'>ex</span> <span class='ocrx_word' id='word_1_168' title='bbox 981 1227 1205 1283; x_wconf 87' lang='lat' dir='ltr'>particula</span> <span class='ocrx_word' id='word_1_169' title='bbox 1241 1227 1382 1272; x_wconf 65' lang='grc' dir='ltr'>1801Μ</span> <span class='ocrx_word' id='word_1_170' title='bbox 1411 1225 1551 1270; x_wconf 87' lang='grc'><strong>1011113</strong></span> <span class='ocrx_word' id='word_1_171' title='bbox 1575 1223 1826 1280; x_wconf 88' lang='lat' dir='ltr'>adjuvaret.</span> <span class='ocrx_word' id='word_1_172' title='bbox 1888 1225 2046 1280; x_wconf 89' lang='lat' dir='ltr'>Itaque</span> <span class='ocrx_word' id='word_1_173' title='bbox 2068 1224 2238 1282; x_wconf 84' lang='lat' dir='ltr'>Tycho,</span> <span class='ocrx_word' id='word_1_174' title='bbox 2271 1239 2365 1270; x_wconf 90' lang='lat' dir='ltr'>mo-</span> 
     </span>
    </p>
   </div>
   <div class='ocr_carea' id='block_1_8' title="bbox 0 1290 2366 1348">
    <p class='ocr_par' dir='ltr' id='par_1_9' title="bbox 0 1290 2366 1348">
     <span class='ocr_line' id='line_1_18' title="bbox 0 1290 2366 1348; baseline -0.003 -9"><span class='ocrx_word' id='word_1_175' title='bbox 0 1314 10 1323; x_wconf 84' lang='lat'><strong>·</strong></span> <span class='ocrx_word' id='word_1_176' title='bbox 30 1297 60 1309; x_wconf 65' lang='grc'>’”</span> <span class='ocrx_word' id='word_1_177' title='bbox 98 1298 231 1339; x_wconf 84' lang='grc'><strong>301110</strong></span> <span class='ocrx_word' id='word_1_178' title='bbox 263 1293 365 1337; x_wconf 85' lang='lat' dir='ltr'>Chr.</span> <span class='ocrx_word' id='word_1_179' title='bbox 403 1290 860 1347; x_wconf 75' lang='lat' dir='ltr'>S.&#39;Longimontano‚</span> <span class='ocrx_word' id='word_1_180' title='bbox 906 1292 1122 1347; x_wconf 85' lang='lat' dir='ltr'>quitunc</span> <span class='ocrx_word' id='word_1_181' title='bbox 1151 1292 1198 1335; x_wconf 94' lang='lat' dir='ltr'>in</span> <span class='ocrx_word' id='word_1_182' title='bbox 1228 1291 1314 1335; x_wconf 92' lang='lat' dir='ltr'>hac</span> <span class='ocrx_word' id='word_1_183' title='bbox 1344 1291 1448 1348; x_wconf 86' lang='lat' dir='ltr'>ipsa</span> <span class='ocrx_word' id='word_1_184' title='bbox 1477 1302 1525 1334; x_wconf 91' lang='lat' dir='ltr'>re</span> <span class='ocrx_word' id='word_1_185' title='bbox 1565 1292 1662 1333; x_wconf 88' lang='lat' dir='ltr'>erat</span> <span class='ocrx_word' id='word_1_186' title='bbox 1702 1292 1973 1345; x_wconf 89' lang='lat' dir='ltr'>occupatus,</span> <span class='ocrx_word' id='word_1_187' title='bbox 2017 1301 2202 1333; x_wconf 88' lang='lat' dir='ltr'>causam</span> <span class='ocrx_word' id='word_1_188' title='bbox 2230 1303 2366 1333; x_wconf 90' lang='lat' dir='ltr'>unam</span> 
     </span>
    </p>
   </div>
   <div class='ocr_carea' id='block_1_9' title="bbox 36 1353 2366 1413">
    <p class='ocr_par' dir='ltr' id='par_1_10' title="bbox 36 1353 2366 1413">
     <span class='ocr_line' id='line_1_19' title="bbox 36 1353 2366 1413; baseline -0.001 -11"><span class='ocrx_word' id='word_1_189' title='bbox 36 1363 44 1372; x_wconf 87' lang='lat'>&#39;</span> <span class='ocrx_word' id='word_1_190' title='bbox 98 1356 377 1413; x_wconf 89' lang='lat' dir='ltr'>aequationis</span> <span class='ocrx_word' id='word_1_191' title='bbox 407 1356 637 1412; x_wconf 89' lang='lat' dir='ltr'>temporis,</span> <span class='ocrx_word' id='word_1_192' title='bbox 670 1356 942 1399; x_wconf 85' lang='lat' dir='ltr'>necessitate</span> <span class='ocrx_word' id='word_1_193' title='bbox 975 1355 1409 1400; x_wconf 86' lang='lat' dir='ltr'>demonstrationum</span> <span class='ocrx_word' id='word_1_194' title='bbox 1439 1353 1748 1398; x_wconf 88' lang='lat' dir='ltr'>introductam</span> <span class='ocrx_word' id='word_1_195' title='bbox 1770 1354 1825 1397; x_wconf 90' lang='lat' dir='ltr'>ab</span> <span class='ocrx_word' id='word_1_196' title='bbox 1857 1355 2236 1412; x_wconf 84' lang='lat' dir='ltr'>antecessoribus,</span> <span class='ocrx_word' id='word_1_197' title='bbox 2268 1369 2366 1400; x_wconf 92' lang='lat' dir='ltr'>rur-</span> 
     </span>
    </p>
   </div>
   <div class='ocr_carea' id='block_1_10' title="bbox 99 1418 2376 1674">
    <p class='ocr_par' dir='ltr' id='par_1_11' title="bbox 99 1418 2364 1478">
     <span class='ocr_line' id='line_1_20' title="bbox 99 1418 2364 1478; baseline -0.002 -9"><span class='ocrx_word' id='word_1_198' title='bbox 99 1437 196 1469; x_wconf 87' lang='lat' dir='ltr'>sum</span> <span class='ocrx_word' id='word_1_199' title='bbox 225 1423 374 1466; x_wconf 65' lang='grc'><strong>131010</strong></span> <span class='ocrx_word' id='word_1_200' title='bbox 402 1422 541 1478; x_wconf 90' lang='lat' dir='ltr'>jussit</span> <span class='ocrx_word' id='word_1_201' title='bbox 576 1422 623 1465; x_wconf 91' lang='lat' dir='ltr'>in</span> <span class='ocrx_word' id='word_1_202' title='bbox 654 1420 850 1465; x_wconf 91' lang='lat' dir='ltr'>motibus</span> <span class='ocrx_word' id='word_1_203' title='bbox 881 1422 1038 1466; x_wconf 89' lang='lat' dir='ltr'>Lunae</span> <span class='ocrx_word' id='word_1_204' title='bbox 1071 1420 1397 1477; x_wconf 87' lang='lat' dir='ltr'>supputandis,</span> <span class='ocrx_word' id='word_1_205' title='bbox 1437 1419 1626 1476; x_wconf 87' lang='lat' dir='ltr'>perinde</span> <span class='ocrx_word' id='word_1_206' title='bbox 1664 1419 1794 1474; x_wconf 89' lang='lat' dir='ltr'>quasi</span> <span class='ocrx_word' id='word_1_207' title='bbox 1834 1432 1971 1463; x_wconf 91' lang='lat' dir='ltr'>causa</span> <span class='ocrx_word' id='word_1_208' title='bbox 2011 1418 2126 1464; x_wconf 89' lang='lat' dir='ltr'>haec</span> <span class='ocrx_word' id='word_1_209' title='bbox 2159 1426 2364 1468; x_wconf 82' lang='lat' dir='ltr'>astrono-</span> 
     </span>
    </p>

    <p class='ocr_par' dir='ltr' id='par_1_12' title="bbox 100 1483 2376 1544">
     <span class='ocr_line' id='line_1_21' title="bbox 100 1483 2376 1544; baseline -0.001 -11"><span class='ocrx_word' id='word_1_210' title='bbox 100 1488 212 1533; x_wconf 81' lang='lat' dir='ltr'>mica</span> <span class='ocrx_word' id='word_1_211' title='bbox 243 1487 299 1530; x_wconf 88' lang='lat' dir='ltr'>ab</span> <span class='ocrx_word' id='word_1_212' title='bbox 329 1487 409 1531; x_wconf 89' lang='lat' dir='ltr'>illa</span> <span class='ocrx_word' id='word_1_213' title='bbox 439 1486 627 1543; x_wconf 80' lang='lat' dir='ltr'>physica</span> <span class='ocrx_word' id='word_1_214' title='bbox 647 1486 900 1544; x_wconf 83' lang='lat' dir='ltr'>intensione</span> <span class='ocrx_word' id='word_1_215' title='bbox 932 1492 978 1530; x_wconf 92' lang='lat' dir='ltr'>et</span> <span class='ocrx_word' id='word_1_216' title='bbox 1008 1487 1275 1530; x_wconf 87' lang='lat' dir='ltr'>remissione</span> <span class='ocrx_word' id='word_1_217' title='bbox 1297 1494 1509 1530; x_wconf 44' lang='lat' dir='ltr'>‘motuum</span> <span class='ocrx_word' id='word_1_218' title='bbox 1537 1490 1699 1528; x_wconf 86' lang='lat' dir='ltr'>exacte</span> <span class='ocrx_word' id='word_1_219' title='bbox 1727 1488 2016 1540; x_wconf 81' lang='lat' dir='ltr'>pensaretur3</span> <span class='ocrx_word' id='word_1_220' title='bbox 2049 1483 2187 1541; x_wconf 89' lang='lat' dir='ltr'>idque</span> <span class='ocrx_word' id='word_1_221' title='bbox 2219 1486 2376 1537; x_wconf 61' lang='lat' dir='ltr'>dictus⁴</span> 
     </span>
    </p>

    <p class='ocr_par' dir='ltr' id='par_1_13' title="bbox 104 1549 2367 1674">
     <span class='ocr_line' id='line_1_22' title="bbox 104 1549 2367 1609; baseline -0 -11"><span class='ocrx_word' id='word_1_222' title='bbox 104 1552 488 1609; x_wconf 86' lang='lat' dir='ltr'>Longimontanus</span> <span class='ocrx_word' id='word_1_223' title='bbox 520 1552 565 1594; x_wconf 91' lang='lat' dir='ltr'>in</span> <span class='ocrx_word' id='word_1_224' title='bbox 598 1563 681 1595; x_wconf 88' lang='lat' dir='ltr'>sua</span> <span class='ocrx_word' id='word_1_225' title='bbox 699 1551 990 1595; x_wconf 85' lang='lat' dir='ltr'>A&#39;stronomia</span> <span class='ocrx_word' id='word_1_226' title='bbox 1012 1551 1185 1595; x_wconf 89' lang='lat' dir='ltr'>Danica</span> <span class='ocrx_word' id='word_1_227' title='bbox 1207 1551 1577 1596; x_wconf 87' lang='lat' dir='ltr'>Theoreticorum</span> <span class='ocrx_word' id='word_1_228' title='bbox 1606 1549 1645 1594; x_wconf 73' lang='lat' dir='ltr'>I.</span> <span class='ocrx_word' id='word_1_229' title='bbox 1676 1550 1788 1594; x_wconf 89' lang='lat' dir='ltr'>citra</span> <span class='ocrx_word' id='word_1_230' title='bbox 1812 1550 2124 1606; x_wconf 87' lang='lat' dir='ltr'>exceptionem</span> <span class='ocrx_word' id='word_1_231' title='bbox 2146 1552 2367 1607; x_wconf 85' lang='lat' dir='ltr'>sequitur.</span> 
     </span>
     <span class='ocr_line' id='line_1_23' title="bbox 229 1608 2367 1674; baseline 0.001 -13"><span class='ocrx_word' id='word_1_232' title='bbox 229 1619 338 1662; x_wconf 90' lang='lat' dir='ltr'>Cum</span> <span class='ocrx_word' id='word_1_233' title='bbox 370 1624 521 1661; x_wconf 89' lang='lat' dir='ltr'>autem</span> <span class='ocrx_word' id='word_1_234' title='bbox 551 1617 599 1660; x_wconf 93' lang='lat' dir='ltr'>in</span> <span class='ocrx_word' id='word_1_235' title='bbox 629 1608 868 1673; x_wconf 60' lang='lat' dir='ltr'>Progymn,</span> <span class='ocrx_word' id='word_1_236' title='bbox 901 1622 1023 1661; x_wconf 90' lang='lat' dir='ltr'>tomo</span> <span class='ocrx_word' id='word_1_237' title='bbox 1055 1618 1089 1661; x_wconf 92' lang='grc' dir='ltr'>Ι.</span> <span class='ocrx_word' id='word_1_238' title='bbox 1121 1617 1183 1671; x_wconf 82' lang='grc'><strong>(111</strong></span> <span class='ocrx_word' id='word_1_239' title='bbox 1215 1616 1388 1672; x_wconf 85' lang='lat' dir='ltr'>paginis</span> <span class='ocrx_word' id='word_1_240' title='bbox 1422 1629 1491 1660; x_wconf 79' lang='grc'>30.</span> <span class='ocrx_word' id='word_1_241' title='bbox 1519 1615 1775 1661; x_wconf 88' lang='lat' dir='ltr'>Lunaribus</span> <span class='ocrx_word' id='word_1_242' title='bbox 1809 1616 2036 1671; x_wconf 88' lang='lat' dir='ltr'>posterius</span> <span class='ocrx_word' id='word_1_243' title='bbox 2064 1616 2262 1674; x_wconf 88' lang='lat' dir='ltr'>insertis)</span> <span class='ocrx_word' id='word_1_244' title='bbox 2293 1630 2367 1663; x_wconf 88' lang='lat' dir='ltr'>res</span> 
     </span>
    </p>
   </div>
   <div class='ocr_carea' id='block_1_11' title="bbox 106 1681 2367 1742">
    <p class='ocr_par' dir='ltr' id='par_1_14' title="bbox 19 1681 2367 1742">
     <span class='ocr_line' id='line_1_24' title="bbox 106 1681 2367 1742; baseline 0 -15.963"><span class='ocrx_word' id='word_1_245' title='bbox 106 1683 283 1740; x_wconf 87' lang='lat' dir='ltr'>quidem</span> <span class='ocrx_word' id='word_1_246' title='bbox 299 1683 399 1739; x_wconf 89' lang='lat' dir='ltr'>ipsa</span> <span class='ocrx_word' id='word_1_247' title='bbox 422 1683 657 1740; x_wconf 88' lang='lat' dir='ltr'>proposita</span> <span class='ocrx_word' id='word_1_248' title='bbox 683 1687 816 1737; x_wconf 84' lang='lat' dir='ltr'>esset,</span> <span class='ocrx_word' id='word_1_249' title='bbox 852 1681 1026 1742; x_wconf 88' lang='lat' dir='ltr'>diversa</span> <span class='ocrx_word' id='word_1_250' title='bbox 1048 1683 1095 1726; x_wconf 89' lang='lat' dir='ltr'>in</span> <span class='ocrx_word' id='word_1_251' title='bbox 1115 1682 1272 1725; x_wconf 89' lang='lat' dir='ltr'>Lunae</span> <span class='ocrx_word' id='word_1_252' title='bbox 1291 1694 1425 1737; x_wconf 89' lang='lat' dir='ltr'>quam</span> <span class='ocrx_word' id='word_1_253' title='bbox 1442 1682 1488 1724; x_wconf 91' lang='lat' dir='ltr'>in</span> <span class='ocrx_word' id='word_1_254' title='bbox 1511 1681 1628 1725; x_wconf 85' lang='lat' dir='ltr'>Solis</span> <span class='ocrx_word' id='word_1_255' title='bbox 1660 1681 1855 1742; x_wconf 84' lang='lat' dir='ltr'>motibus</span> <span class='ocrx_word' id='word_1_256' title='bbox 1888 1682 2106 1736; x_wconf 87' lang='lat' dir='ltr'>aequatio</span> <span class='ocrx_word' id='word_1_257' title='bbox 2133 1682 2367 1738; x_wconf 89' lang='lat' dir='ltr'>temporis,</span> 
     </span>
    </p>
   </div>
   <div class='ocr_carea' id='block_1_12' title="bbox 102 1746 2369 1804">
    <p class='ocr_par' dir='ltr' id='par_1_15' title="bbox 102 1746 2369 1804">
     <span class='ocr_line' id='line_1_25' title="bbox 102 1746 2369 1804; baseline 0.001 -11"><span class='ocrx_word' id='word_1_258' title='bbox 102 1763 239 1794; x_wconf 86' lang='lat' dir='ltr'>causa</span> <span class='ocrx_word' id='word_1_259' title='bbox 267 1762 372 1793; x_wconf 84' lang='lat' dir='ltr'>vero</span> <span class='ocrx_word' id='word_1_260' title='bbox 403 1762 486 1792; x_wconf 88' lang='lat' dir='ltr'>nec</span> <span class='ocrx_word' id='word_1_261' title='bbox 519 1755 640 1792; x_wconf 89' lang='lat' dir='ltr'>esset</span> <span class='ocrx_word' id='word_1_262' title='bbox 672 1748 898 1803; x_wconf 89' lang='lat' dir='ltr'>explicata</span> <span class='ocrx_word' id='word_1_263' title='bbox 940 1754 985 1792; x_wconf 89' lang='lat' dir='ltr'>et</span> <span class='ocrx_word' id='word_1_264' title='bbox 1014 1754 1136 1793; x_wconf 90' lang='lat' dir='ltr'>tecta</span> <span class='ocrx_word' id='word_1_265' title='bbox 1173 1749 1359 1804; x_wconf 87' lang='lat' dir='ltr'>insuper</span> <span class='ocrx_word' id='word_1_266' title='bbox 1401 1747 1501 1804; x_wconf 90' lang='lat' dir='ltr'>ipsa</span> <span class='ocrx_word' id='word_1_267' title='bbox 1530 1746 1610 1792; x_wconf 89' lang='lat' dir='ltr'>illa</span> <span class='ocrx_word' id='word_1_268' title='bbox 1642 1747 1900 1791; x_wconf 88' lang='lat' dir='ltr'>diversitate</span> <span class='ocrx_word' id='word_1_269' title='bbox 1944 1747 2128 1804; x_wconf 88' lang='lat' dir='ltr'>(quippe</span> <span class='ocrx_word' id='word_1_270' title='bbox 2160 1748 2198 1792; x_wconf 88' lang='lat' dir='ltr'>si</span> <span class='ocrx_word' id='word_1_271' title='bbox 2229 1762 2369 1794; x_wconf 84' lang='lat' dir='ltr'>causa.</span> 
     </span>
    </p>
   </div>
   <div class='ocr_carea' id='block_1_13' title="bbox 27 1811 2369 1877">
    <p class='ocr_par' dir='ltr' id='par_1_16' title="bbox 27 1811 2369 1877">
     <span class='ocr_line' id='line_1_26' title="bbox 27 1811 2369 1877; baseline 0 -19"><span class='ocrx_word' id='word_1_272' title='bbox 27 1819 38 1877; x_wconf 59' lang='lat' dir='ltr'>s</span> <span class='ocrx_word' id='word_1_273' title='bbox 102 1814 287 1871; x_wconf 83' lang='lat' dir='ltr'>physica</span> <span class='ocrx_word' id='word_1_274' title='bbox 319 1820 388 1860; x_wconf 91' lang='lat' dir='ltr'>est</span> <span class='ocrx_word' id='word_1_275' title='bbox 421 1821 466 1875; x_wconf 80' lang='lat' dir='ltr'>et</span> <span class='ocrx_word' id='word_1_276' title='bbox 496 1814 673 1870; x_wconf 77' lang='lat' dir='ltr'>inipso</span> <span class='ocrx_word' id='word_1_277' title='bbox 705 1813 848 1870; x_wconf 90' lang='lat' dir='ltr'>primo</span> <span class='ocrx_word' id='word_1_278' title='bbox 879 1812 1056 1869; x_wconf 89' lang='lat' dir='ltr'>mobili,</span> <span class='ocrx_word' id='word_1_279' title='bbox 1098 1813 1348 1870; x_wconf 90' lang='lat' dir='ltr'>aequaliter</span> <span class='ocrx_word' id='word_1_280' title='bbox 1384 1813 1511 1858; x_wconf 90' lang='lat' dir='ltr'>illam</span> <span class='ocrx_word' id='word_1_281' title='bbox 1550 1819 1643 1856; x_wconf 91' lang='lat' dir='ltr'>tam</span> <span class='ocrx_word' id='word_1_282' title='bbox 1673 1813 1719 1857; x_wconf 91' lang='lat' dir='ltr'>in</span> <span class='ocrx_word' id='word_1_283' title='bbox 1751 1811 1856 1857; x_wconf 80' lang='lat' dir='ltr'>Sole</span> <span class='ocrx_word' id='word_1_284' title='bbox 1887 1824 2020 1868; x_wconf 90' lang='lat' dir='ltr'>quam</span> <span class='ocrx_word' id='word_1_285' title='bbox 2050 1813 2096 1858; x_wconf 91' lang='lat' dir='ltr'>in</span> <span class='ocrx_word' id='word_1_286' title='bbox 2125 1813 2257 1858; x_wconf 88' lang='lat' dir='ltr'>Luna</span> <span class='ocrx_word' id='word_1_287' title='bbox 2291 1813 2369 1858; x_wconf 92' lang='lat' dir='ltr'>ob-</span> 
     </span>
    </p>
   </div>
   <div class='ocr_carea' id='block_1_14' title="bbox 58 1877 2371 1935">
    <p class='ocr_par' dir='ltr' id='par_1_17' title="bbox 58 1877 2371 1935">
     <span class='ocr_line' id='line_1_27' title="bbox 58 1877 2371 1935; baseline 0 -11"><span class='ocrx_word' id='word_1_288' title='bbox 58 1898 69 1907; x_wconf 92' lang='lat'><strong>·</strong></span> <span class='ocrx_word' id='word_1_289' title='bbox 104 1879 581 1935; x_wconf 51' lang='lat' dir='ltr'>servarioportebatk</span> <span class='ocrx_word' id='word_1_290' title='bbox 614 1891 671 1922; x_wconf 85' lang='lat' dir='ltr'>ex</span> <span class='ocrx_word' id='word_1_291' title='bbox 699 1891 752 1922; x_wconf 91' lang='lat' dir='ltr'>eo</span> <span class='ocrx_word' id='word_1_292' title='bbox 784 1878 957 1922; x_wconf 89' lang='lat' dir='ltr'>factum</span> <span class='ocrx_word' id='word_1_293' title='bbox 989 1882 1072 1932; x_wconf 90' lang='lat' dir='ltr'>est,</span> <span class='ocrx_word' id='word_1_294' title='bbox 1105 1883 1156 1922; x_wconf 89' lang='lat' dir='ltr'>ut</span> <span class='ocrx_word' id='word_1_295' title='bbox 1186 1878 1429 1922; x_wconf 88' lang='lat' dir='ltr'>astronomi</span> <span class='ocrx_word' id='word_1_296' title='bbox 1459 1877 1630 1934; x_wconf 87' lang='lat' dir='ltr'>passim</span> <span class='ocrx_word' id='word_1_297' title='bbox 1661 1877 1717 1922; x_wconf 91' lang='lat' dir='ltr'>de</span> <span class='ocrx_word' id='word_1_298' title='bbox 1745 1878 1914 1923; x_wconf 86' lang='lat' dir='ltr'>violata</span> <span class='ocrx_word' id='word_1_299' title='bbox 1937 1879 2371 1928; x_wconf 87' lang='lat' dir='ltr'>demonstrationum</span> 
     </span>
    </p>
   </div>
   <div class='ocr_carea' id='block_1_15' title="bbox 106 1943 2370 2002">
    <p class='ocr_par' dir='ltr' id='par_1_18' title="bbox 106 1943 2370 2002">
     <span class='ocr_line' id='line_1_28' title="bbox 106 1943 2370 2002; baseline 0 -12"><span class='ocrx_word' id='word_1_300' title='bbox 106 1943 454 1990; x_wconf 85' lang='lat' dir='ltr'>certissimarum</span> <span class='ocrx_word' id='word_1_301' title='bbox 485 1944 817 1989; x_wconf 86' lang='lat' dir='ltr'>existimatione</span> <span class='ocrx_word' id='word_1_302' title='bbox 849 1944 1057 1999; x_wconf 84' lang='lat' dir='ltr'>querelas</span> <span class='ocrx_word' id='word_1_303' title='bbox 1099 1944 1301 1989; x_wconf 83' lang='lat' dir='ltr'>facerent</span> <span class='ocrx_word' id='word_1_304' title='bbox 1332 1944 1480 2000; x_wconf 86' lang='lat' dir='ltr'>adque</span> <span class='ocrx_word' id='word_1_305' title='bbox 1511 1957 1661 1988; x_wconf 90' lang='lat' dir='ltr'>meum</span> <span class='ocrx_word' id='word_1_306' title='bbox 1692 1944 1768 1988; x_wconf 90' lang='lat' dir='ltr'>hic</span> <span class='ocrx_word' id='word_1_307' title='bbox 1796 1944 2017 2000; x_wconf 88' lang='lat' dir='ltr'>judicium</span> <span class='ocrx_word' id='word_1_308' title='bbox 2055 1952 2370 2002; x_wconf 88' lang='lat' dir='ltr'>provocarent.</span> 
     </span>
    </p>
   </div>
   <div class='ocr_carea' id='block_1_16' title="bbox 32 2009 2366 2067">
    <p class='ocr_par' dir='ltr' id='par_1_19' title="bbox 32 2009 2366 2067">
     <span class='ocr_line' id='line_1_29' title="bbox 32 2009 2366 2067; baseline 0.002 -14"><span class='ocrx_word' id='word_1_309' title='bbox 32 2024 40 2043; x_wconf 61' lang='grc'>-’</span> <span class='ocrx_word' id='word_1_310' title='bbox 71 2029 73 2031; x_wconf 91' lang='grc'><strong><em>·</em></strong></span> <span class='ocrx_word' id='word_1_311' title='bbox 100 2009 196 2054; x_wconf 75' lang='lat' dir='ltr'>vIllis</span> <span class='ocrx_word' id='word_1_312' title='bbox 231 2010 367 2067; x_wconf 85' lang='lat' dir='ltr'>igitur</span> <span class='ocrx_word' id='word_1_313' title='bbox 404 2016 455 2055; x_wconf 89' lang='lat' dir='ltr'>ut</span> <span class='ocrx_word' id='word_1_314' title='bbox 493 2009 770 2066; x_wconf 80' lang='lat' dir='ltr'>gratificarer</span> <span class='ocrx_word' id='word_1_315' title='bbox 813 2023 953 2054; x_wconf 84' lang='lat' dir='ltr'>ausus</span> <span class='ocrx_word' id='word_1_316' title='bbox 995 2024 1095 2054; x_wconf 91' lang='lat' dir='ltr'>sum</span> <span class='ocrx_word' id='word_1_317' title='bbox 1124 2010 1191 2066; x_wconf 90' lang='lat' dir='ltr'>id,</span> <span class='ocrx_word' id='word_1_318' title='bbox 1234 2010 1355 2065; x_wconf 89' lang='lat' dir='ltr'>quod</span> <span class='ocrx_word' id='word_1_319' title='bbox 1398 2009 1565 2054; x_wconf 88' lang='lat' dir='ltr'>dudum</span> <span class='ocrx_word' id='word_1_320' title='bbox 1597 2010 1684 2054; x_wconf 90' lang='grc'><strong>1100</strong></span> <span class='ocrx_word' id='word_1_321' title='bbox 1726 2022 1863 2065; x_wconf 90' lang='lat' dir='ltr'>super</span> <span class='ocrx_word' id='word_1_322' title='bbox 1908 2010 2089 2065; x_wconf 88' lang='lat' dir='ltr'>negotio</span> <span class='ocrx_word' id='word_1_323' title='bbox 2121 2011 2366 2058; x_wconf 86' lang='lat' dir='ltr'>meditatus</span> 
     </span>
    </p>
   </div>
   <div class='ocr_carea' id='block_1_17' title="bbox 0 2510 27 3254">
    <p class='ocr_par' dir='ltr' id='par_1_20' title="bbox 0 2510 27 3254">
     <span class='ocr_line' id='line_1_30' title="bbox 0 2510 27 3254; baseline 0 886"><span class='ocrx_word' id='word_1_324' title='bbox 0 2510 27 3254; x_wconf 95' lang='lat' dir='ltr'> </span> 
     </span>
    </p>
   </div>
   <div class='ocr_carea' id='block_1_18' title="bbox 105 2073 2372 2198">
    <p class='ocr_par' dir='ltr' id='par_1_21' title="bbox 105 2073 2372 2198">
     <span class='ocr_line' id='line_1_31' title="bbox 106 2073 2371 2134; baseline 0.001 -14"><span class='ocrx_word' id='word_1_325' title='bbox 106 2089 239 2132; x_wconf 88' lang='lat' dir='ltr'>eram,</span> <span class='ocrx_word' id='word_1_326' title='bbox 269 2077 314 2119; x_wconf 89' lang='grc'>111</span> <span class='ocrx_word' id='word_1_327' title='bbox 335 2076 461 2132; x_wconf 87' lang='lat' dir='ltr'>Epit.</span> <span class='ocrx_word' id='word_1_328' title='bbox 492 2078 616 2119; x_wconf 86' lang='lat' dir='ltr'>Astr.</span> <span class='ocrx_word' id='word_1_329' title='bbox 647 2075 763 2119; x_wconf 91' lang='lat' dir='ltr'>libro</span> <span class='ocrx_word' id='word_1_330' title='bbox 795 2074 875 2118; x_wconf 93' lang='lat' dir='ltr'><strong>III.</strong></span> <span class='ocrx_word' id='word_1_331' title='bbox 910 2080 955 2119; x_wconf 93' lang='lat' dir='ltr'>et</span> <span class='ocrx_word' id='word_1_332' title='bbox 984 2076 1061 2119; x_wconf 92' lang='lat' dir='ltr'>VI.</span> <span class='ocrx_word' id='word_1_333' title='bbox 1094 2080 1139 2118; x_wconf 91' lang='lat' dir='ltr'>et</span> <span class='ocrx_word' id='word_1_334' title='bbox 1169 2075 1215 2118; x_wconf 91' lang='lat' dir='ltr'>in</span> <span class='ocrx_word' id='word_1_335' title='bbox 1246 2074 1579 2131; x_wconf 87' lang='lat' dir='ltr'>prolegomenis</span> <span class='ocrx_word' id='word_1_336' title='bbox 1606 2073 1962 2131; x_wconf 84' lang='lat' dir='ltr'>Ephemeridum</span> <span class='ocrx_word' id='word_1_337' title='bbox 1994 2075 2173 2132; x_wconf 91' lang='lat' dir='ltr'>publice</span> <span class='ocrx_word' id='word_1_338' title='bbox 2204 2090 2371 2134; x_wconf 90' lang='lat' dir='ltr'>propo-</span> 
     </span>
     <span class='ocr_line' id='line_1_32' title="bbox 105 2139 2372 2198; baseline 0 -11"><span class='ocrx_word' id='word_1_339' title='bbox 105 2155 212 2187; x_wconf 87' lang='lat' dir='ltr'>nere</span> <span class='ocrx_word' id='word_1_340' title='bbox 242 2143 435 2198; x_wconf 89' lang='lat' dir='ltr'>quidque</span> <span class='ocrx_word' id='word_1_341' title='bbox 466 2142 575 2185; x_wconf 93' lang='lat' dir='ltr'>mihi</span> <span class='ocrx_word' id='word_1_342' title='bbox 602 2140 663 2184; x_wconf 85' lang='lat' dir='ltr'>de</span> <span class='ocrx_word' id='word_1_343' title='bbox 693 2140 841 2185; x_wconf 88' lang='lat' dir='ltr'>causis</span> <span class='ocrx_word' id='word_1_344' title='bbox 859 2141 940 2184; x_wconf 83' lang='lat' dir='ltr'>rei</span> <span class='ocrx_word' id='word_1_345' title='bbox 970 2140 1210 2195; x_wconf 89' lang='lat' dir='ltr'>videretur,</span> <span class='ocrx_word' id='word_1_346' title='bbox 1244 2140 1461 2184; x_wconf 88' lang='lat' dir='ltr'>indicare.</span> <span class='ocrx_word' id='word_1_347' title='bbox 1521 2140 1584 2183; x_wconf 84' lang='lat' dir='ltr'>Et</span> <span class='ocrx_word' id='word_1_348' title='bbox 1613 2139 1661 2183; x_wconf 90' lang='lat' dir='ltr'>in</span> <span class='ocrx_word' id='word_1_349' title='bbox 1687 2152 1735 2183; x_wconf 90' lang='lat' dir='ltr'>re</span> <span class='ocrx_word' id='word_1_350' title='bbox 1769 2140 1951 2195; x_wconf 90' lang='lat' dir='ltr'>quidem</span> <span class='ocrx_word' id='word_1_351' title='bbox 1978 2141 2080 2198; x_wconf 88' lang='lat' dir='ltr'>ipsa</span> <span class='ocrx_word' id='word_1_352' title='bbox 2095 2143 2372 2194; x_wconf 84' lang='lat' dir='ltr'>successisse</span> 
     </span>
    </p>
   </div>
   <div class='ocr_carea' id='block_1_19' title="bbox 14 2206 2371 2266">
    <p class='ocr_par' dir='ltr' id='par_1_22' title="bbox 14 2206 2371 2266">
     <span class='ocr_line' id='line_1_33' title="bbox 14 2206 2371 2266; baseline 0 -15"><span class='ocrx_word' id='word_1_353' title='bbox 14 2256 29 2263; x_wconf 42' lang='lat'><em>⁶</em></span> <span class='ocrx_word' id='word_1_354' title='bbox 85 2206 358 2260; x_wconf 66' lang='lat' dir='ltr'>³videbatur,</span> <span class='ocrx_word' id='word_1_355' title='bbox 396 2208 441 2252; x_wconf 90' lang='lat' dir='ltr'>in</span> <span class='ocrx_word' id='word_1_356' title='bbox 472 2207 726 2264; x_wconf 88' lang='lat' dir='ltr'>quantitate</span> <span class='ocrx_word' id='word_1_357' title='bbox 756 2218 861 2249; x_wconf 86' lang='lat' dir='ltr'>vero</span> <span class='ocrx_word' id='word_1_358' title='bbox 895 2220 983 2250; x_wconf 91' lang='lat' dir='ltr'>non</span> <span class='ocrx_word' id='word_1_359' title='bbox 1014 2206 1174 2252; x_wconf 86' lang='lat' dir='ltr'>leviter</span> <span class='ocrx_word' id='word_1_360' title='bbox 1204 2206 1506 2257; x_wconf 87' lang='lat' dir='ltr'>haesitabam,</span> <span class='ocrx_word' id='word_1_361' title='bbox 1551 2207 1720 2262; x_wconf 89' lang='lat' dir='ltr'>quippe</span> <span class='ocrx_word' id='word_1_362' title='bbox 1762 2220 1861 2251; x_wconf 88' lang='lat' dir='ltr'>cum</span> <span class='ocrx_word' id='word_1_363' title='bbox 1892 2221 1974 2263; x_wconf 90' lang='lat' dir='ltr'>pro</span> <span class='ocrx_word' id='word_1_364' title='bbox 2010 2210 2153 2255; x_wconf 68' lang='lat'>1801112</span> <span class='ocrx_word' id='word_1_365' title='bbox 2181 2208 2371 2266; x_wconf 87' lang='lat' dir='ltr'>periodi,</span> 
     </span>
    </p>
   </div>
   <div class='ocr_carea' id='block_1_20' title="bbox 106 2271 2371 2330">
    <p class='ocr_par' dir='ltr' id='par_1_23' title="bbox 106 2271 2371 2330">
     <span class='ocr_line' id='line_1_34' title="bbox 106 2271 2371 2330; baseline 0.001 -12"><span class='ocrx_word' id='word_1_366' title='bbox 106 2273 153 2318; x_wconf 82' lang='lat' dir='ltr'>id</span> <span class='ocrx_word' id='word_1_367' title='bbox 181 2280 251 2317; x_wconf 89' lang='lat' dir='ltr'>est</span> <span class='ocrx_word' id='word_1_368' title='bbox 279 2287 359 2330; x_wconf 88' lang='lat' dir='ltr'>pro</span> <span class='ocrx_word' id='word_1_369' title='bbox 390 2274 416 2317; x_wconf 84' lang='lat'>2</span> <span class='ocrx_word' id='word_1_370' title='bbox 449 2274 605 2318; x_wconf 86' lang='lat' dir='ltr'>diebus</span> <span class='ocrx_word' id='word_1_371' title='bbox 636 2273 744 2329; x_wconf 87' lang='lat' dir='ltr'>fere,</span> <span class='ocrx_word' id='word_1_372' title='bbox 778 2273 868 2328; x_wconf 90' lang='lat' dir='ltr'>qui,</span> <span class='ocrx_word' id='word_1_373' title='bbox 902 2277 953 2316; x_wconf 93' lang='lat' dir='ltr'>ut</span> <span class='ocrx_word' id='word_1_374' title='bbox 982 2279 1122 2317; x_wconf 85' lang='lat' dir='ltr'>causa</span> <span class='ocrx_word' id='word_1_375' title='bbox 1137 2272 1203 2318; x_wconf 92' lang='lat' dir='ltr'>rei</span> <span class='ocrx_word' id='word_1_376' title='bbox 1232 2276 1430 2330; x_wconf 86' lang='lat' dir='ltr'>pateret,</span> <span class='ocrx_word' id='word_1_377' title='bbox 1464 2272 1581 2317; x_wconf 84' lang='lat' dir='ltr'>Solis</span> <span class='ocrx_word' id='word_1_378' title='bbox 1614 2271 1849 2316; x_wconf 86' lang='lat' dir='ltr'>auxilianti</span> <span class='ocrx_word' id='word_1_379' title='bbox 1877 2274 2036 2318; x_wconf 88' lang='lat' dir='ltr'>virtuti</span> <span class='ocrx_word' id='word_1_380' title='bbox 2067 2280 2196 2320; x_wconf 88' lang='lat' dir='ltr'>erant</span> <span class='ocrx_word' id='word_1_381' title='bbox 2225 2280 2371 2320; x_wconf 90' lang='lat' dir='ltr'>trans-</span> 
     </span>
    </p>
   </div>
   <div class='ocr_carea' id='block_1_21' title="bbox 71 2338 2371 2398">
    <p class='ocr_par' dir='ltr' id='par_1_24' title="bbox 71 2338 2371 2398">
     <span class='ocr_line' id='line_1_35' title="bbox 71 2338 2371 2398; baseline 0 -14"><span class='ocrx_word' id='word_1_382' title='bbox 71 2382 77 2388; x_wconf 86' lang='grc'><strong>,</strong></span> <span class='ocrx_word' id='word_1_383' title='bbox 109 2338 351 2395; x_wconf 80' lang='lat' dir='ltr'>scribendi,</span> <span class='ocrx_word' id='word_1_384' title='bbox 392 2339 660 2385; x_wconf 88' lang='lat' dir='ltr'>offerrentur</span> <span class='ocrx_word' id='word_1_385' title='bbox 691 2339 797 2383; x_wconf 86' lang='lat' dir='ltr'>mihi</span> <span class='ocrx_word' id='word_1_386' title='bbox 829 2339 982 2395; x_wconf 88' lang='lat' dir='ltr'>potius</span> <span class='ocrx_word' id='word_1_387' title='bbox 1023 2339 1117 2384; x_wconf 81' lang='lat' dir='ltr'>dies</span> <span class='ocrx_word' id='word_1_388' title='bbox 1151 2339 1254 2395; x_wconf 74' lang='lat' dir='ltr'>5¹-s4,</span> <span class='ocrx_word' id='word_1_389' title='bbox 1299 2338 1573 2395; x_wconf 85' lang='lat' dir='ltr'>appendices</span> <span class='ocrx_word' id='word_1_390' title='bbox 1605 2351 1666 2382; x_wconf 92' lang='lat' dir='ltr'>sc.</span> <span class='ocrx_word' id='word_1_391' title='bbox 1699 2338 1756 2383; x_wconf 91' lang='lat' dir='ltr'>ad</span> <span class='ocrx_word' id='word_1_392' title='bbox 1788 2338 1884 2383; x_wconf 90' lang='lat' dir='ltr'>dies</span> <span class='ocrx_word' id='word_1_393' title='bbox 1916 2340 2023 2384; x_wconf 88' lang='lat' dir='ltr'>anni</span> <span class='ocrx_word' id='word_1_394' title='bbox 2055 2341 2154 2398; x_wconf 83' lang='lat'>360,</span> <span class='ocrx_word' id='word_1_395' title='bbox 2185 2354 2371 2386; x_wconf 90' lang='lat' dir='ltr'>numero</span> 
     </span>
    </p>
   </div>
   <div class='ocr_carea' id='block_1_22' title="bbox 107 2402 2374 2869">
    <p class='ocr_par' dir='ltr' id='par_1_25' title="bbox 107 2402 2374 2869">
     <span class='ocr_line' id='line_1_36' title="bbox 107 2402 2374 2463; baseline 0.003 -16"><span class='ocrx_word' id='word_1_396' title='bbox 107 2402 298 2460; x_wconf 80' lang='lat' dir='ltr'>figurato</span> <span class='ocrx_word' id='word_1_397' title='bbox 339 2410 384 2448; x_wconf 91' lang='lat' dir='ltr'>et</span> <span class='ocrx_word' id='word_1_398' title='bbox 422 2406 727 2463; x_wconf 89' lang='lat' dir='ltr'>archetypico.</span> <span class='ocrx_word' id='word_1_399' title='bbox 775 2404 907 2449; x_wconf 81' lang='lat' dir='ltr'>&#39;Hinc</span> <span class='ocrx_word' id='word_1_400' title='bbox 948 2405 1062 2448; x_wconf 90' lang='lat' dir='ltr'>adeo</span> <span class='ocrx_word' id='word_1_401' title='bbox 1105 2404 1318 2460; x_wconf 89' lang='lat' dir='ltr'>aequatio</span> <span class='ocrx_word' id='word_1_402' title='bbox 1357 2404 1446 2447; x_wconf 89' lang='lat' dir='ltr'>ista</span> <span class='ocrx_word' id='word_1_403' title='bbox 1484 2404 1672 2460; x_wconf 86' lang='lat' dir='ltr'>physica</span> <span class='ocrx_word' id='word_1_404' title='bbox 1714 2406 1915 2451; x_wconf 79' lang='lat' dir='ltr'>excrevit</span> <span class='ocrx_word' id='word_1_405' title='bbox 1954 2406 2064 2451; x_wconf 90' lang='lat' dir='ltr'>mihi</span> <span class='ocrx_word' id='word_1_406' title='bbox 2094 2407 2151 2453; x_wconf 89' lang='lat' dir='ltr'>ad</span> <span class='ocrx_word' id='word_1_407' title='bbox 2183 2409 2254 2453; x_wconf 88' lang='lat'>21¹</span> <span class='ocrx_word' id='word_1_408' title='bbox 2285 2408 2374 2454; x_wconf 67' lang='lat'>40⁰</span> 
     </span>
     <span class='ocr_line' id='line_1_37' title="bbox 109 2468 2372 2527; baseline 0.001 -13"><span class='ocrx_word' id='word_1_409' title='bbox 109 2469 238 2514; x_wconf 84' lang='grc'><strong>1131113</strong></span> <span class='ocrx_word' id='word_1_410' title='bbox 266 2469 418 2526; x_wconf 87' lang='lat' dir='ltr'>horae,</span> <span class='ocrx_word' id='word_1_411' title='bbox 451 2485 541 2515; x_wconf 88' lang='lat' dir='ltr'>non</span> <span class='ocrx_word' id='word_1_412' title='bbox 572 2484 768 2527; x_wconf 88' lang='lat' dir='ltr'>pensans</span> <span class='ocrx_word' id='word_1_413' title='bbox 800 2476 976 2514; x_wconf 88' lang='lat' dir='ltr'>tantum</span> <span class='ocrx_word' id='word_1_414' title='bbox 1005 2470 1065 2526; x_wconf 87' lang='lat' dir='ltr'>id,</span> <span class='ocrx_word' id='word_1_415' title='bbox 1099 2469 1220 2525; x_wconf 88' lang='lat' dir='ltr'>quod</span> <span class='ocrx_word' id='word_1_416' title='bbox 1246 2469 1407 2526; x_wconf 13' lang='lat' dir='ltr'>,Tycho</span> <span class='ocrx_word' id='word_1_417' title='bbox 1439 2468 1674 2525; x_wconf 74' lang='lat' dir='ltr'>abJecerat</span> <span class='ocrx_word' id='word_1_418' title='bbox 1697 2470 1753 2514; x_wconf 88' lang='lat' dir='ltr'>de</span> <span class='ocrx_word' id='word_1_419' title='bbox 1784 2472 2086 2523; x_wconf 87' lang='lat' dir='ltr'>astronomica</span> <span class='ocrx_word' id='word_1_420' title='bbox 2116 2478 2162 2518; x_wconf 91' lang='lat' dir='ltr'>et</span> <span class='ocrx_word' id='word_1_421' title='bbox 2193 2472 2372 2519; x_wconf 88' lang='lat' dir='ltr'>demon-</span> 
     </span>
     <span class='ocr_line' id='line_1_38' title="bbox 109 2532 2373 2594; baseline 0 -13"><span class='ocrx_word' id='word_1_422' title='bbox 109 2535 292 2581; x_wconf 71' lang='lat' dir='ltr'>strativa</span> <span class='ocrx_word' id='word_1_423' title='bbox 320 2537 537 2592; x_wconf 88' lang='lat' dir='ltr'>temporis</span> <span class='ocrx_word' id='word_1_424' title='bbox 569 2536 853 2594; x_wconf 87' lang='lat' dir='ltr'>aequatione,</span> <span class='ocrx_word' id='word_1_425' title='bbox 887 2534 968 2579; x_wconf 89' lang='lat' dir='ltr'>sed</span> <span class='ocrx_word' id='word_1_426' title='bbox 997 2535 1184 2592; x_wconf 88' lang='lat' dir='ltr'>insuper</span> <span class='ocrx_word' id='word_1_427' title='bbox 1216 2535 1350 2579; x_wconf 88' lang='lat' dir='ltr'>etiam</span> <span class='ocrx_word' id='word_1_428' title='bbox 1378 2532 1496 2592; x_wconf 45' lang='lat' dir='ltr'>plus*</span> <span class='ocrx_word' id='word_1_429' title='bbox 1515 2535 1853 2592; x_wconf 82' lang='lat' dir='ltr'>illo&#39;postulans</span> <span class='ocrx_word' id='word_1_430' title='bbox 1882 2538 1929 2582; x_wconf 91' lang='lat' dir='ltr'>in</span> <span class='ocrx_word' id='word_1_431' title='bbox 1951 2539 2241 2584; x_wconf 78' lang='lat' dir='ltr'>contrarium.</span> <span class='ocrx_word' id='word_1_432' title='bbox 2270 2539 2373 2584; x_wconf 85' lang='lat' dir='ltr'>Etsi</span> 
     </span>
     <span class='ocr_line' id='line_1_39' title="bbox 108 2598 2369 2660; baseline 0.001 -15"><span class='ocrx_word' id='word_1_433' title='bbox 108 2598 252 2645; x_wconf 74' lang='lat' dir='ltr'>fateor</span> <span class='ocrx_word' id='word_1_434' title='bbox 278 2601 484 2658; x_wconf 89' lang='lat' dir='ltr'>ingenue,</span> <span class='ocrx_word' id='word_1_435' title='bbox 516 2602 746 2646; x_wconf 90' lang='lat' dir='ltr'>modulum</span> <span class='ocrx_word' id='word_1_436' title='bbox 778 2602 900 2646; x_wconf 86' lang='lat' dir='ltr'>hunc</span> <span class='ocrx_word' id='word_1_437' title='bbox 931 2601 1105 2646; x_wconf 89' lang='lat' dir='ltr'>dierum</span> <span class='ocrx_word' id='word_1_438' title='bbox 1136 2600 1223 2660; x_wconf 75' lang='lat' dir='ltr'>5&#39;l4</span> <span class='ocrx_word' id='word_1_439' title='bbox 1254 2601 1389 2646; x_wconf 88' lang='lat' dir='ltr'>etiam</span> <span class='ocrx_word' id='word_1_440' title='bbox 1420 2601 1541 2658; x_wconf 90' lang='lat' dir='ltr'>alibi,</span> <span class='ocrx_word' id='word_1_441' title='bbox 1574 2600 1652 2645; x_wconf 91' lang='lat' dir='ltr'>ubi</span> <span class='ocrx_word' id='word_1_442' title='bbox 1682 2601 1977 2647; x_wconf 89' lang='lat' dir='ltr'>variationem</span> <span class='ocrx_word' id='word_1_443' title='bbox 2009 2617 2066 2648; x_wconf 87' lang='lat' dir='ltr'>ex</span> <span class='ocrx_word' id='word_1_444' title='bbox 2098 2617 2151 2649; x_wconf 88' lang='lat' dir='ltr'>eo</span> <span class='ocrx_word' id='word_1_445' title='bbox 2186 2603 2369 2657; x_wconf 85' lang='lat' dir='ltr'>deduxi,</span> 
     </span>
     <span class='ocr_line' id='line_1_40' title="bbox 109 2666 2372 2727; baseline 0.002 -17"><span class='ocrx_word' id='word_1_446' title='bbox 109 2677 321 2722; x_wconf 82' lang='lat' dir='ltr'>peccasse</span> <span class='ocrx_word' id='word_1_447' title='bbox 351 2666 457 2709; x_wconf 92' lang='lat' dir='ltr'>mihi</span> <span class='ocrx_word' id='word_1_448' title='bbox 488 2680 678 2711; x_wconf 85' lang='lat' dir='ltr'>excessu</span> <span class='ocrx_word' id='word_1_449' title='bbox 708 2667 850 2723; x_wconf 87' lang='lat' dir='ltr'>partis</span> <span class='ocrx_word' id='word_1_450' title='bbox 882 2680 920 2712; x_wconf 84' lang='lat' dir='ltr'>c.</span> <span class='ocrx_word' id='word_1_451' title='bbox 954 2672 1141 2722; x_wconf 89' lang='lat' dir='ltr'>quartae</span> <span class='ocrx_word' id='word_1_452' title='bbox 1174 2671 1238 2717; x_wconf 92' lang='lat' dir='ltr'>(in</span> <span class='ocrx_word' id='word_1_453' title='bbox 1276 2674 1423 2711; x_wconf 85' lang='lat' dir='ltr'>msto.:</span> <span class='ocrx_word' id='word_1_454' title='bbox 1465 2667 1672 2724; x_wconf 81' lang='lat' dir='ltr'>quintae).</span> <span class='ocrx_word' id='word_1_455' title='bbox 1735 2667 1808 2725; x_wconf 86' lang='lat' dir='ltr'>Sic</span> <span class='ocrx_word' id='word_1_456' title='bbox 1838 2668 1977 2725; x_wconf 86' lang='lat' dir='ltr'>igitur</span> <span class='ocrx_word' id='word_1_457' title='bbox 2007 2675 2182 2727; x_wconf 84' lang='lat' dir='ltr'>pugnat</span> <span class='ocrx_word' id='word_1_458' title='bbox 2219 2669 2372 2714; x_wconf 88' lang='lat' dir='ltr'>verisi-</span> 
     </span>
     <span class='ocr_line' id='line_1_41' title="bbox 109 2730 2374 2790; baseline 0.002 -16"><span class='ocrx_word' id='word_1_459' title='bbox 109 2730 311 2775; x_wconf 84' lang='lat' dir='ltr'>militudo</span> <span class='ocrx_word' id='word_1_460' title='bbox 348 2745 429 2789; x_wconf 92' lang='lat' dir='ltr'>pro</span> <span class='ocrx_word' id='word_1_461' title='bbox 470 2746 605 2777; x_wconf 90' lang='lat' dir='ltr'>causa</span> <span class='ocrx_word' id='word_1_462' title='bbox 645 2746 672 2776; x_wconf 89' lang='lat' dir='ltr'>a</span> <span class='ocrx_word' id='word_1_463' title='bbox 708 2745 779 2776; x_wconf 88' lang='lat' dir='ltr'>me</span> <span class='ocrx_word' id='word_1_464' title='bbox 821 2731 1049 2790; x_wconf 73' lang='lat' dir='ltr'>subiecta,</span> <span class='ocrx_word' id='word_1_465' title='bbox 1092 2738 1144 2777; x_wconf 90' lang='lat' dir='ltr'>ut</span> <span class='ocrx_word' id='word_1_466' title='bbox 1182 2733 1315 2778; x_wconf 90' lang='lat' dir='ltr'>simul</span> <span class='ocrx_word' id='word_1_467' title='bbox 1346 2733 1648 2789; x_wconf 88' lang='lat' dir='ltr'>quantitatem</span> <span class='ocrx_word' id='word_1_468' title='bbox 1677 2732 1904 2789; x_wconf 89' lang='lat' dir='ltr'>relinquat</span> <span class='ocrx_word' id='word_1_469' title='bbox 1942 2734 1988 2779; x_wconf 92' lang='lat' dir='ltr'>in</span> <span class='ocrx_word' id='word_1_470' title='bbox 2020 2734 2172 2779; x_wconf 82' lang='lat' dir='ltr'>dubio.</span> <span class='ocrx_word' id='word_1_471' title='bbox 2234 2734 2374 2779; x_wconf 91' lang='lat' dir='ltr'>Forte</span> 
     </span>
     <span class='ocr_line' id='line_1_42' title="bbox 109 2797 2373 2869; baseline 0 -25"><span class='ocrx_word' id='word_1_472' title='bbox 109 2799 330 2857; x_wconf 74' lang='lat' dir='ltr'>posterior</span> <span class='ocrx_word' id='word_1_473' title='bbox 360 2799 456 2844; x_wconf 87' lang='lat' dir='ltr'>dies</span> <span class='ocrx_word' id='word_1_474' title='bbox 489 2812 759 2844; x_wconf 89' lang='lat' dir='ltr'>consensum</span> <span class='ocrx_word' id='word_1_475' title='bbox 791 2797 888 2853; x_wconf 86' lang='lat' dir='ltr'>ejus</span> <span class='ocrx_word' id='word_1_476' title='bbox 912 2812 1012 2843; x_wconf 90' lang='lat' dir='ltr'>cum</span> <span class='ocrx_word' id='word_1_477' title='bbox 1045 2798 1298 2854; x_wconf 89' lang='lat' dir='ltr'>quantitate</span> <span class='ocrx_word' id='word_1_478' title='bbox 1317 2799 1579 2854; x_wconf 85' lang='lat' dir='ltr'>Tychonica</span> <span class='ocrx_word' id='word_1_479' title='bbox 1608 2798 1805 2843; x_wconf 61' lang='lat' dir='ltr'>tandem,</span> <span class='ocrx_word' id='word_1_480' title='bbox 1824 2798 2017 2856; x_wconf 85' lang='lat' dir='ltr'>deteget,</span> <span class='ocrx_word' id='word_1_481' title='bbox 2048 2801 2096 2845; x_wconf 86' lang='lat' dir='ltr'>id</span> <span class='ocrx_word' id='word_1_482' title='bbox 2128 2799 2248 2858; x_wconf 88' lang='lat' dir='ltr'>quod</span> <span class='ocrx_word' id='word_1_483' title='bbox 2280 2813 2373 2869; x_wconf 58' lang='grc' dir='ltr'><strong>11Χο11</strong></span> 
     </span>
    </p>
   </div>
   <div class='ocr_carea' id='block_1_23' title="bbox 0 2863 2286 2929">
    <p class='ocr_par' dir='ltr' id='par_1_26' title="bbox 0 2863 2286 2929">
     <span class='ocr_line' id='line_1_43' title="bbox 0 2863 2286 2929; baseline 0 -22"><span class='ocrx_word' id='word_1_484' title='bbox 0 2894 2 2907; x_wconf 38' lang='lat' dir='ltr'>i</span> <span class='ocrx_word' id='word_1_485' title='bbox 62 2920 69 2929; x_wconf 32' lang='grc' dir='ltr'><em>ι</em></span> <span class='ocrx_word' id='word_1_486' title='bbox 111 2863 249 2911; x_wconf 70' lang='lat' dir='ltr'>semel</span> <span class='ocrx_word' id='word_1_487' title='bbox 276 2864 500 2909; x_wconf 89' lang='lat' dir='ltr'>hactenus</span> <span class='ocrx_word' id='word_1_488' title='bbox 532 2865 639 2908; x_wconf 91' lang='lat' dir='ltr'>mihi</span> <span class='ocrx_word' id='word_1_489' title='bbox 671 2865 859 2920; x_wconf 88' lang='lat' dir='ltr'>contigit</span> <span class='ocrx_word' id='word_1_490' title='bbox 891 2869 935 2908; x_wconf 91' lang='lat' dir='ltr'>et</span> <span class='ocrx_word' id='word_1_491' title='bbox 966 2865 1355 2922; x_wconf 86' lang='lat' dir='ltr'>Longimontanus</span> <span class='ocrx_word' id='word_1_492' title='bbox 1386 2864 1588 2909; x_wconf 89' lang='lat' dir='ltr'>faustum</span> <span class='ocrx_word' id='word_1_493' title='bbox 1619 2876 1756 2920; x_wconf 89' lang='lat' dir='ltr'>supra</span> <span class='ocrx_word' id='word_1_494' title='bbox 1786 2863 2004 2919; x_wconf 89' lang='lat' dir='ltr'>praetulit</span> <span class='ocrx_word' id='word_1_495' title='bbox 2035 2865 2286 2922; x_wconf 88' lang='lat' dir='ltr'>augurium.</span> 
     </span>
    </p>
   </div>
   <div class='ocr_carea' id='block_1_24' title="bbox 110 2928 2376 3578">
    <p class='ocr_par' dir='ltr' id='par_1_27' title="bbox 110 2928 2376 3578">
     <span class='ocr_line' id='line_1_44' title="bbox 282 2928 2373 2991; baseline 0.001 -18"><span class='ocrx_word' id='word_1_496' title='bbox 282 2929 584 2974; x_wconf 84' lang='lat' dir='ltr'>Veruntamen</span> <span class='ocrx_word' id='word_1_497' title='bbox 615 2943 737 2984; x_wconf 90' lang='lat' dir='ltr'>cum,</span> <span class='ocrx_word' id='word_1_498' title='bbox 778 2941 867 2986; x_wconf 90' lang='lat' dir='ltr'>quo</span> <span class='ocrx_word' id='word_1_499' title='bbox 901 2930 1055 2986; x_wconf 88' lang='lat' dir='ltr'>plures</span> <span class='ocrx_word' id='word_1_500' title='bbox 1087 2943 1144 2974; x_wconf 84' lang='lat' dir='ltr'>ex</span> <span class='ocrx_word' id='word_1_501' title='bbox 1186 2943 1238 2974; x_wconf 94' lang='lat' dir='ltr'>eo</span> <span class='ocrx_word' id='word_1_502' title='bbox 1270 2934 1473 2985; x_wconf 87' lang='lat' dir='ltr'>tempore</span> <span class='ocrx_word' id='word_1_503' title='bbox 1499 2928 1692 2985; x_wconf 88' lang='lat' dir='ltr'>eclipses</span> <span class='ocrx_word' id='word_1_504' title='bbox 1725 2928 1842 2974; x_wconf 87' lang='lat' dir='ltr'>Solis</span> <span class='ocrx_word' id='word_1_505' title='bbox 1883 2934 1928 2974; x_wconf 87' lang='lat' dir='ltr'>et</span> <span class='ocrx_word' id='word_1_506' title='bbox 1956 2930 2117 2976; x_wconf 88' lang='lat' dir='ltr'>Lunae</span> <span class='ocrx_word' id='word_1_507' title='bbox 2149 2930 2373 2991; x_wconf 87' lang='lat' dir='ltr'>examino,</span> 
     </span>
     <span class='ocr_line' id='line_1_45' title="bbox 110 2989 2373 3052; baseline 0.001 -15"><span class='ocrx_word' id='word_1_508' title='bbox 110 2989 197 3038; x_wconf 79' lang='lat' dir='ltr'>boc</span> <span class='ocrx_word' id='word_1_509' title='bbox 223 2994 364 3051; x_wconf 79' lang='lat' dir='ltr'>magis</span> <span class='ocrx_word' id='word_1_510' title='bbox 396 3008 491 3038; x_wconf 88' lang='lat' dir='ltr'>rem</span> <span class='ocrx_word' id='word_1_511' title='bbox 522 2994 704 3038; x_wconf 85' lang='lat' dir='ltr'>dubiam</span> <span class='ocrx_word' id='word_1_512' title='bbox 736 2994 1090 3051; x_wconf 85' lang='lat' dir='ltr'>deprehendam,</span> <span class='ocrx_word' id='word_1_513' title='bbox 1131 3008 1354 3052; x_wconf 87' lang='lat' dir='ltr'>quaenam</span> <span class='ocrx_word' id='word_1_514' title='bbox 1386 3007 1442 3038; x_wconf 86' lang='lat' dir='ltr'>ex</span> <span class='ocrx_word' id='word_1_515' title='bbox 1472 2994 1616 3038; x_wconf 91' lang='lat' dir='ltr'>tribus</span> <span class='ocrx_word' id='word_1_516' title='bbox 1649 2994 1874 3050; x_wconf 88' lang='lat' dir='ltr'>aequandi</span> <span class='ocrx_word' id='word_1_517' title='bbox 1903 2995 2122 3052; x_wconf 89' lang='lat' dir='ltr'>temporis</span> <span class='ocrx_word' id='word_1_518' title='bbox 2153 2996 2270 3042; x_wconf 89' lang='lat' dir='ltr'>ratio</span> <span class='ocrx_word' id='word_1_519' title='bbox 2304 3009 2373 3042; x_wconf 87' lang='lat' dir='ltr'>se-</span> 
     </span>
     <span class='ocr_line' id='line_1_46' title="bbox 113 3057 2375 3119; baseline 0.003 -17"><span class='ocrx_word' id='word_1_520' title='bbox 113 3057 287 3115; x_wconf 75' lang='lat' dir='ltr'>quenda</span> <span class='ocrx_word' id='word_1_521' title='bbox 316 3058 394 3103; x_wconf 88' lang='lat' dir='ltr'>sit:</span> <span class='ocrx_word' id='word_1_522' title='bbox 428 3060 727 3103; x_wconf 87' lang='lat' dir='ltr'>astronomica</span> <span class='ocrx_word' id='word_1_523' title='bbox 758 3067 973 3116; x_wconf 87' lang='lat' dir='ltr'>veterum,</span> <span class='ocrx_word' id='word_1_524' title='bbox 1005 3060 1233 3118; x_wconf 81' lang='lat' dir='ltr'>Tychonis</span> <span class='ocrx_word' id='word_1_525' title='bbox 1265 3059 1491 3116; x_wconf 89' lang='lat' dir='ltr'>empirica,</span> <span class='ocrx_word' id='word_1_526' title='bbox 1524 3072 1582 3103; x_wconf 92' lang='lat' dir='ltr'>an</span> <span class='ocrx_word' id='word_1_527' title='bbox 1603 3070 1704 3102; x_wconf 88' lang='lat' dir='ltr'>mea</span> <span class='ocrx_word' id='word_1_528' title='bbox 1733 3060 1924 3116; x_wconf 86' lang='lat' dir='ltr'>physica</span> <span class='ocrx_word' id='word_1_529' title='bbox 1955 3066 2001 3110; x_wconf 88' lang='grc'>01</span> <span class='ocrx_word' id='word_1_530' title='bbox 2031 3061 2240 3119; x_wconf 87' lang='lat' dir='ltr'>causalis,</span> <span class='ocrx_word' id='word_1_531' title='bbox 2273 3076 2375 3108; x_wconf 89' lang='lat' dir='ltr'>cum</span> 
     </span>
     <span class='ocr_line' id='line_1_47' title="bbox 114 3121 2376 3187; baseline 0.003 -19"><span class='ocrx_word' id='word_1_532' title='bbox 114 3121 238 3173; x_wconf 79' lang='grc'><strong>311113</strong></span> <span class='ocrx_word' id='word_1_533' title='bbox 266 3122 424 3168; x_wconf 88' lang='lat' dir='ltr'>harum</span> <span class='ocrx_word' id='word_1_534' title='bbox 459 3125 529 3180; x_wconf 87' lang='lat' dir='ltr'>sit,</span> <span class='ocrx_word' id='word_1_535' title='bbox 563 3137 678 3180; x_wconf 85' lang='lat' dir='ltr'>quae</span> <span class='ocrx_word' id='word_1_536' title='bbox 708 3138 799 3168; x_wconf 91' lang='lat' dir='ltr'>non</span> <span class='ocrx_word' id='word_1_537' title='bbox 830 3125 887 3173; x_wconf 86' lang='lat' dir='ltr'>ab</span> <span class='ocrx_word' id='word_1_538' title='bbox 921 3126 1147 3181; x_wconf 87' lang='lat' dir='ltr'>aliquibus</span> <span class='ocrx_word' id='word_1_539' title='bbox 1179 3126 1424 3187; x_wconf 74' lang='lat' dir='ltr'>eclipsibus</span> <span class='ocrx_word' id='word_1_540' title='bbox 1456 3124 1766 3181; x_wconf 91' lang='lat' dir='ltr'>confirmetur,</span> <span class='ocrx_word' id='word_1_541' title='bbox 1809 3138 1837 3170; x_wconf 93' lang='lat' dir='ltr'>a</span> <span class='ocrx_word' id='word_1_542' title='bbox 1867 3126 2030 3172; x_wconf 88' lang='lat' dir='ltr'>ceteris</span> <span class='ocrx_word' id='word_1_543' title='bbox 2061 3126 2376 3186; x_wconf 82' lang='lat' dir='ltr'>redarguatur,</span> 
     </span>
     <span class='ocr_line' id='line_1_48' title="bbox 113 3187 2375 3250; baseline 0.003 -15"><span class='ocrx_word' id='word_1_544' title='bbox 113 3187 336 3250; x_wconf 67' lang='lat' dir='ltr'>minimum</span> <span class='ocrx_word' id='word_1_545' title='bbox 372 3197 522 3235; x_wconf 88' lang='lat' dir='ltr'>tamen</span> <span class='ocrx_word' id='word_1_546' title='bbox 555 3191 836 3247; x_wconf 81' lang='lat' dir='ltr'>Tychonica3</span> <span class='ocrx_word' id='word_1_547' title='bbox 881 3205 982 3236; x_wconf 90' lang='lat' dir='ltr'>cum</span> <span class='ocrx_word' id='word_1_548' title='bbox 1023 3193 1068 3236; x_wconf 92' lang='lat' dir='ltr'>in</span> <span class='ocrx_word' id='word_1_549' title='bbox 1109 3191 1204 3236; x_wconf 88' lang='lat' dir='ltr'>dies</span> <span class='ocrx_word' id='word_1_550' title='bbox 1243 3190 1386 3247; x_wconf 82' lang='lat' dir='ltr'>magis</span> <span class='ocrx_word' id='word_1_551' title='bbox 1426 3196 1564 3246; x_wconf 88' lang='lat' dir='ltr'>atque</span> <span class='ocrx_word' id='word_1_552' title='bbox 1602 3190 1746 3244; x_wconf 86' lang='lat' dir='ltr'>magis</span> <span class='ocrx_word' id='word_1_553' title='bbox 1787 3203 1887 3240; x_wconf 82' lang='lat' dir='ltr'>sese</span> <span class='ocrx_word' id='word_1_554' title='bbox 1919 3191 2122 3248; x_wconf 88' lang='lat' dir='ltr'>proferat</span> <span class='ocrx_word' id='word_1_555' title='bbox 2149 3194 2196 3238; x_wconf 92' lang='lat' dir='ltr'>in</span> <span class='ocrx_word' id='word_1_556' title='bbox 2226 3194 2375 3243; x_wconf 89' lang='lat' dir='ltr'>lucem</span> 
     </span>
     <span class='ocr_line' id='line_1_49' title="bbox 114 3254 2376 3317; baseline 0.002 -16"><span class='ocrx_word' id='word_1_557' title='bbox 114 3261 311 3301; x_wconf 77' lang='lat' dir='ltr'>motuum</span> <span class='ocrx_word' id='word_1_558' title='bbox 341 3256 480 3310; x_wconf 89' lang='lat' dir='ltr'>Solis,</span> <span class='ocrx_word' id='word_1_559' title='bbox 522 3256 679 3301; x_wconf 88' lang='lat' dir='ltr'>Lunae</span> <span class='ocrx_word' id='word_1_560' title='bbox 710 3263 755 3301; x_wconf 91' lang='lat' dir='ltr'>et</span> <span class='ocrx_word' id='word_1_561' title='bbox 795 3257 928 3312; x_wconf 90' lang='lat' dir='ltr'>primi</span> <span class='ocrx_word' id='word_1_562' title='bbox 966 3256 1144 3301; x_wconf 88' lang='lat' dir='ltr'>mobilis</span> <span class='ocrx_word' id='word_1_563' title='bbox 1184 3256 1303 3301; x_wconf 88' lang='lat' dir='ltr'>circa</span> <span class='ocrx_word' id='word_1_564' title='bbox 1342 3256 1525 3300; x_wconf 89' lang='lat' dir='ltr'>minima</span> <span class='ocrx_word' id='word_1_565' title='bbox 1567 3254 1786 3301; x_wconf 89' lang='lat' dir='ltr'>nonnulla</span> <span class='ocrx_word' id='word_1_566' title='bbox 1816 3256 2032 3316; x_wconf 88' lang='lat' dir='ltr'>scrupula</span> <span class='ocrx_word' id='word_1_567' title='bbox 2061 3258 2299 3317; x_wconf 83' lang='lat' dir='ltr'>multiplex</span> <span class='ocrx_word' id='word_1_568' title='bbox 2330 3265 2376 3304; x_wconf 91' lang='lat' dir='ltr'>et</span> 
     </span>
     <span class='ocr_line' id='line_1_50' title="bbox 114 3315 2375 3384; baseline 0.003 -19"><span class='ocrx_word' id='word_1_569' title='bbox 114 3315 511 3377; x_wconf 68' lang='lat' dir='ltr'>impervestigabilis</span> <span class='ocrx_word' id='word_1_570' title='bbox 543 3321 756 3378; x_wconf 86' lang='lat' dir='ltr'>varietas,</span> <span class='ocrx_word' id='word_1_571' title='bbox 803 3334 918 3377; x_wconf 88' lang='lat' dir='ltr'>quae</span> <span class='ocrx_word' id='word_1_572' title='bbox 951 3322 1245 3367; x_wconf 87' lang='lat' dir='ltr'>certissimam</span> <span class='ocrx_word' id='word_1_573' title='bbox 1278 3321 1412 3366; x_wconf 90' lang='lat' dir='ltr'>fidem</span> <span class='ocrx_word' id='word_1_574' title='bbox 1443 3322 1575 3377; x_wconf 82' lang='lat' dir='ltr'>facit,</span> <span class='ocrx_word' id='word_1_575' title='bbox 1609 3335 1768 3368; x_wconf 86' lang='lat' dir='ltr'>causas</span> <span class='ocrx_word' id='word_1_576' title='bbox 1799 3328 2002 3370; x_wconf 90' lang='lat' dir='ltr'>motuum</span> <span class='ocrx_word' id='word_1_577' title='bbox 2033 3337 2133 3371; x_wconf 89' lang='lat' dir='ltr'>esse</span> <span class='ocrx_word' id='word_1_578' title='bbox 2163 3325 2375 3384; x_wconf 82' lang='lat' dir='ltr'>physicas</span> 
     </span>
     <span class='ocr_line' id='line_1_51' title="bbox 116 3383 2373 3447; baseline 0.003 -17"><span class='ocrx_word' id='word_1_579' title='bbox 116 3383 189 3442; x_wconf 77' lang='grc'>(31</span> <span class='ocrx_word' id='word_1_580' title='bbox 224 3386 431 3443; x_wconf 85' lang='lat' dir='ltr'>incipiam</span> <span class='ocrx_word' id='word_1_581' title='bbox 471 3392 733 3442; x_wconf 86' lang='lat' dir='ltr'>suspectare</span> <span class='ocrx_word' id='word_1_582' title='bbox 772 3400 1018 3432; x_wconf 89' lang='lat' dir='ltr'>concursus</span> <span class='ocrx_word' id='word_1_583' title='bbox 1057 3388 1205 3432; x_wconf 85' lang='lat' dir='ltr'>varios</span> <span class='ocrx_word' id='word_1_584' title='bbox 1247 3401 1485 3443; x_wconf 89' lang='lat' dir='ltr'>corporum</span> <span class='ocrx_word' id='word_1_585' title='bbox 1526 3387 1882 3443; x_wconf 86' lang='lat' dir='ltr'>planetariorum</span> <span class='ocrx_word' id='word_1_586' title='bbox 1922 3389 1969 3434; x_wconf 89' lang='lat' dir='ltr'>in</span> <span class='ocrx_word' id='word_1_587' title='bbox 2008 3404 2147 3435; x_wconf 88' lang='lat' dir='ltr'>unum</span> <span class='ocrx_word' id='word_1_588' title='bbox 2186 3391 2373 3447; x_wconf 89' lang='lat' dir='ltr'>locum):</span> 
     </span>
     <span class='ocr_line' id='line_1_52' title="bbox 117 3450 2374 3513; baseline 0.003 -17"><span class='ocrx_word' id='word_1_589' title='bbox 117 3450 345 3497; x_wconf 85' lang='lat' dir='ltr'>consilium</span> <span class='ocrx_word' id='word_1_590' title='bbox 376 3466 431 3498; x_wconf 88' lang='lat' dir='ltr'>ex</span> <span class='ocrx_word' id='word_1_591' title='bbox 461 3467 509 3497; x_wconf 88' lang='lat' dir='ltr'>re</span> <span class='ocrx_word' id='word_1_592' title='bbox 539 3453 640 3510; x_wconf 89' lang='lat' dir='ltr'>ipsa</span> <span class='ocrx_word' id='word_1_593' title='bbox 669 3456 870 3499; x_wconf 87' lang='lat' dir='ltr'>nascitur</span> <span class='ocrx_word' id='word_1_594' title='bbox 900 3454 1031 3512; x_wconf 91' lang='lat' dir='ltr'>mihi,</span> <span class='ocrx_word' id='word_1_595' title='bbox 1073 3461 1123 3499; x_wconf 90' lang='lat' dir='ltr'>ut</span> <span class='ocrx_word' id='word_1_596' title='bbox 1153 3460 1432 3500; x_wconf 86' lang='lat' dir='ltr'>revertamur</span> <span class='ocrx_word' id='word_1_597' title='bbox 1461 3454 1518 3498; x_wconf 87' lang='lat' dir='ltr'>ad</span> <span class='ocrx_word' id='word_1_598' title='bbox 1551 3468 1711 3501; x_wconf 89' lang='lat' dir='ltr'>causas</span> <span class='ocrx_word' id='word_1_599' title='bbox 1743 3454 1969 3512; x_wconf 85' lang='lat' dir='ltr'>aequandi</span> <span class='ocrx_word' id='word_1_600' title='bbox 2005 3456 2222 3513; x_wconf 89' lang='lat' dir='ltr'>temporis</span> <span class='ocrx_word' id='word_1_601' title='bbox 2251 3470 2374 3502; x_wconf 92' lang='lat' dir='ltr'>mere</span> 
     </span>
     <span class='ocr_line' id='line_1_53' title="bbox 117 3518 2374 3578; baseline 0.002 -16"><span class='ocrx_word' id='word_1_602' title='bbox 117 3519 433 3572; x_wconf 70' lang='lat' dir='ltr'>astronomicas</span> <span class='ocrx_word' id='word_1_603' title='bbox 463 3526 509 3564; x_wconf 91' lang='lat' dir='ltr'>et</span> <span class='ocrx_word' id='word_1_604' title='bbox 540 3525 698 3576; x_wconf 87' lang='lat' dir='ltr'>certas,</span> <span class='ocrx_word' id='word_1_605' title='bbox 732 3526 796 3572; x_wconf 93' lang='lat' dir='ltr'>ut,</span> <span class='ocrx_word' id='word_1_606' title='bbox 829 3520 946 3564; x_wconf 89' lang='lat' dir='ltr'>sicut</span> <span class='ocrx_word' id='word_1_607' title='bbox 975 3519 1021 3564; x_wconf 90' lang='lat' dir='ltr'>in</span> <span class='ocrx_word' id='word_1_608' title='bbox 1053 3519 1257 3564; x_wconf 88' lang='lat' dir='ltr'>doctrina</span> <span class='ocrx_word' id='word_1_609' title='bbox 1288 3518 1587 3574; x_wconf 88' lang='lat' dir='ltr'>deliquiorum</span> <span class='ocrx_word' id='word_1_610' title='bbox 1607 3519 1722 3566; x_wconf 89' lang='lat' dir='ltr'>Solis</span> <span class='ocrx_word' id='word_1_611' title='bbox 1754 3524 1801 3565; x_wconf 90' lang='lat' dir='ltr'>et</span> <span class='ocrx_word' id='word_1_612' title='bbox 1828 3520 1987 3567; x_wconf 90' lang='lat' dir='ltr'>Lunae</span> <span class='ocrx_word' id='word_1_613' title='bbox 2018 3522 2159 3569; x_wconf 90' lang='lat' dir='ltr'>doceo</span> <span class='ocrx_word' id='word_1_614' title='bbox 2191 3535 2374 3578; x_wconf 88' lang='lat' dir='ltr'>compu-</span> 
     </span>
    </p>
   </div>
   <div class='ocr_carea' id='block_1_25' title="bbox 86 3583 2374 3641">
    <p class='ocr_par' dir='ltr' id='par_1_28' title="bbox 86 3583 2374 3641">
     <span class='ocr_line' id='line_1_54' title="bbox 86 3583 2374 3641; baseline 0.002 -15"><span class='ocrx_word' id='word_1_615' title='bbox 86 3596 94 3604; x_wconf 66' lang='lat'><em>¹</em></span> <span class='ocrx_word' id='word_1_616' title='bbox 117 3586 212 3634; x_wconf 67' lang='lat' dir='ltr'>tate</span> <span class='ocrx_word' id='word_1_617' title='bbox 240 3583 512 3637; x_wconf 85' lang='lat' dir='ltr'>quantitates</span> <span class='ocrx_word' id='word_1_618' title='bbox 536 3590 580 3629; x_wconf 90' lang='lat' dir='ltr'>ct</span> <span class='ocrx_word' id='word_1_619' title='bbox 602 3584 906 3641; x_wconf 85' lang='lat' dir='ltr'>apparitiones</span> <span class='ocrx_word' id='word_1_620' title='bbox 940 3584 1175 3639; x_wconf 86' lang='lat' dir='ltr'>eclipsium</span> <span class='ocrx_word' id='word_1_621' title='bbox 1204 3583 1321 3640; x_wconf 87' lang='lat' dir='ltr'>illas,</span> <span class='ocrx_word' id='word_1_622' title='bbox 1354 3596 1470 3640; x_wconf 91' lang='lat' dir='ltr'>quae</span> <span class='ocrx_word' id='word_1_623' title='bbox 1502 3583 1837 3631; x_wconf 86' lang='lat' dir='ltr'>conformantur</span> <span class='ocrx_word' id='word_1_624' title='bbox 1858 3598 1885 3630; x_wconf 86' lang='lat' dir='ltr'>a</span> <span class='ocrx_word' id='word_1_625' title='bbox 1910 3588 2057 3633; x_wconf 89' lang='lat' dir='ltr'>causis</span> <span class='ocrx_word' id='word_1_626' title='bbox 2089 3600 2210 3632; x_wconf 91' lang='lat' dir='ltr'>mere</span> <span class='ocrx_word' id='word_1_627' title='bbox 2230 3593 2374 3631; x_wconf 90' lang='lat' dir='ltr'>astro·</span> 
     </span>
    </p>
   </div>
   <div class='ocr_carea' id='block_1_26' title="bbox 120 3646 2374 3902">
    <p class='ocr_par' dir='ltr' id='par_1_29' title="bbox 120 3646 2374 3902">
     <span class='ocr_line' id='line_1_55' title="bbox 120 3646 2374 3710; baseline 0.003 -19"><span class='ocrx_word' id='word_1_628' title='bbox 120 3646 326 3705; x_wconf 71' lang='lat' dir='ltr'>numicis,</span> <span class='ocrx_word' id='word_1_629' title='bbox 368 3661 643 3705; x_wconf 90' lang='lat' dir='ltr'>secernoque</span> <span class='ocrx_word' id='word_1_630' title='bbox 684 3649 896 3707; x_wconf 86' lang='lat' dir='ltr'>physicas</span> <span class='ocrx_word' id='word_1_631' title='bbox 944 3655 990 3694; x_wconf 91' lang='lat' dir='ltr'>et</span> <span class='ocrx_word' id='word_1_632' title='bbox 1033 3649 1204 3705; x_wconf 88' lang='lat' dir='ltr'>opticas</span> <span class='ocrx_word' id='word_1_633' title='bbox 1253 3649 1504 3706; x_wconf 89' lang='lat' dir='ltr'>specierum</span> <span class='ocrx_word' id='word_1_634' title='bbox 1534 3651 1885 3708; x_wconf 58' lang='lat' dir='ltr'>(diametrorum)</span> <span class='ocrx_word' id='word_1_635' title='bbox 1925 3653 2237 3710; x_wconf 89' lang='lat' dir='ltr'>ampliationes</span> <span class='ocrx_word' id='word_1_636' title='bbox 2277 3651 2374 3708; x_wconf 87' lang='lat' dir='ltr'>(seu</span> 
     </span>
     <span class='ocr_line' id='line_1_56' title="bbox 123 3713 2368 3774; baseline 0.001 -15"><span class='ocrx_word' id='word_1_637' title='bbox 123 3720 249 3759; x_wconf 62' lang='lat' dir='ltr'>veras</span> <span class='ocrx_word' id='word_1_638' title='bbox 284 3725 365 3769; x_wconf 89' lang='lat' dir='ltr'>per</span> <span class='ocrx_word' id='word_1_639' title='bbox 407 3713 520 3757; x_wconf 85' lang='lat' dir='ltr'>a&#39;eris</span> <span class='ocrx_word' id='word_1_640' title='bbox 549 3715 776 3760; x_wconf 86' lang='lat' dir='ltr'>terrestris</span> <span class='ocrx_word' id='word_1_641' title='bbox 821 3715 1046 3761; x_wconf 89' lang='lat' dir='ltr'>lunarisve</span> <span class='ocrx_word' id='word_1_642' title='bbox 1098 3714 1330 3760; x_wconf 87' lang='lat' dir='ltr'>involucra</span> <span class='ocrx_word' id='word_1_643' title='bbox 1361 3715 1648 3773; x_wconf 87' lang='lat' dir='ltr'>aetherisque</span> <span class='ocrx_word' id='word_1_644' title='bbox 1686 3716 1804 3763; x_wconf 89' lang='lat' dir='ltr'>circa</span> <span class='ocrx_word' id='word_1_645' title='bbox 1845 3730 2012 3774; x_wconf 86' lang='lat' dir='ltr'>corpus</span> <span class='ocrx_word' id='word_1_646' title='bbox 2055 3717 2172 3763; x_wconf 88' lang='lat' dir='ltr'>Solis</span> <span class='ocrx_word' id='word_1_647' title='bbox 2218 3715 2368 3773; x_wconf 88' lang='lat' dir='ltr'>splen-</span> 
     </span>
     <span class='ocr_line' id='line_1_57' title="bbox 121 3769 2374 3837; baseline 0.005 -19"><span class='ocrx_word' id='word_1_648' title='bbox 121 3769 263 3831; x_wconf 77' lang='lat' dir='ltr'>dores,</span> <span class='ocrx_word' id='word_1_649' title='bbox 292 3776 386 3821; x_wconf 83' lang='lat' dir='ltr'>sive</span> <span class='ocrx_word' id='word_1_650' title='bbox 416 3777 699 3834; x_wconf 86' lang='lat' dir='ltr'>deceptorias</span> <span class='ocrx_word' id='word_1_651' title='bbox 730 3792 811 3836; x_wconf 88' lang='lat' dir='ltr'>per</span> <span class='ocrx_word' id='word_1_652' title='bbox 843 3794 915 3837; x_wconf 88' lang='lat' dir='ltr'>ea,</span> <span class='ocrx_word' id='word_1_653' title='bbox 959 3791 1075 3835; x_wconf 86' lang='lat' dir='ltr'>quac</span> <span class='ocrx_word' id='word_1_654' title='bbox 1107 3779 1276 3825; x_wconf 86' lang='lat' dir='ltr'>visibus</span> <span class='ocrx_word' id='word_1_655' title='bbox 1306 3780 1515 3826; x_wconf 89' lang='lat' dir='ltr'>humanis</span> <span class='ocrx_word' id='word_1_656' title='bbox 1552 3782 1726 3828; x_wconf 89' lang='lat' dir='ltr'>ratione</span> <span class='ocrx_word' id='word_1_657' title='bbox 1759 3782 2047 3828; x_wconf 88' lang='lat' dir='ltr'>instrumenti</span> <span class='ocrx_word' id='word_1_658' title='bbox 2079 3781 2270 3828; x_wconf 88' lang='lat' dir='ltr'>sensorii</span> <span class='ocrx_word' id='word_1_659' title='bbox 2300 3796 2374 3829; x_wconf 86' lang='lat' dir='ltr'>ac-</span> 
     </span>
     <span class='ocr_line' id='line_1_58' title="bbox 125 3835 2374 3902; baseline 0.004 -20"><span class='ocrx_word' id='word_1_660' title='bbox 125 3835 308 3896; x_wconf 81' lang='lat' dir='ltr'>cidunt),</span> <span class='ocrx_word' id='word_1_661' title='bbox 341 3840 406 3887; x_wconf 88' lang='lat' dir='ltr'>sic</span> <span class='ocrx_word' id='word_1_662' title='bbox 436 3842 568 3887; x_wconf 86' lang='lat' dir='ltr'>etiam</span> <span class='ocrx_word' id='word_1_663' title='bbox 599 3842 644 3887; x_wconf 90' lang='lat' dir='ltr'>in</span> <span class='ocrx_word' id='word_1_664' title='bbox 671 3846 906 3900; x_wconf 85' lang='lat' dir='ltr'>aequando</span> <span class='ocrx_word' id='word_1_665' title='bbox 936 3851 1139 3902; x_wconf 86' lang='lat' dir='ltr'>tempore</span> <span class='ocrx_word' id='word_1_666' title='bbox 1171 3844 1412 3892; x_wconf 84' lang='lat' dir='ltr'>doceamus</span> <span class='ocrx_word' id='word_1_667' title='bbox 1443 3845 1619 3902; x_wconf 84' lang='lat' dir='ltr'>legibus</span> <span class='ocrx_word' id='word_1_668' title='bbox 1650 3860 1770 3893; x_wconf 86' lang='lat' dir='ltr'>mere</span> <span class='ocrx_word' id='word_1_669' title='bbox 1800 3847 2113 3894; x_wconf 88' lang='lat' dir='ltr'>astronomicis</span> <span class='ocrx_word' id='word_1_670' title='bbox 2143 3847 2236 3893; x_wconf 89' lang='lat' dir='ltr'>tale</span> <span class='ocrx_word' id='word_1_671' title='bbox 2269 3861 2374 3894; x_wconf 90' lang='grc'><strong>0011-</strong></span> 
     </span>
    </p>
   </div>
   <div class='ocr_carea' id='block_1_27' title="bbox 123 3900 2372 3972">
    <p class='ocr_par' dir='ltr' id='par_1_30' title="bbox 123 3900 2372 3972">
     <span class='ocr_line' id='line_1_59' title="bbox 123 3900 2372 3972; baseline 0.007 -26"><span class='ocrx_word' id='word_1_672' title='bbox 123 3900 309 3950; x_wconf 72' lang='lat' dir='ltr'>formare</span> <span class='ocrx_word' id='word_1_673' title='bbox 340 3910 517 3963; x_wconf 86' lang='lat' dir='ltr'>tempus</span> <span class='ocrx_word' id='word_1_674' title='bbox 538 3910 775 3969; x_wconf 80' lang='lat' dir='ltr'>apparens,</span> <span class='ocrx_word' id='word_1_675' title='bbox 807 3916 856 3955; x_wconf 92' lang='lat' dir='ltr'>ut</span> <span class='ocrx_word' id='word_1_676' title='bbox 882 3923 948 3967; x_wconf 85' lang='lat' dir='ltr'>eo,</span> <span class='ocrx_word' id='word_1_677' title='bbox 980 3915 1195 3968; x_wconf 88' lang='lat' dir='ltr'>tanquam</span> <span class='ocrx_word' id='word_1_678' title='bbox 1225 3911 1435 3968; x_wconf 78' lang='lat' dir='ltr'>regulari,</span> <span class='ocrx_word' id='word_1_679' title='bbox 1466 3917 1626 3968; x_wconf 82' lang='lat' dir='ltr'>postea</span> <span class='ocrx_word' id='word_1_680' title='bbox 1647 3912 1704 3958; x_wconf 89' lang='lat' dir='ltr'>ad</span> <span class='ocrx_word' id='word_1_681' title='bbox 1735 3912 2045 3972; x_wconf 84' lang='lat' dir='ltr'>apparitiones</span> <span class='ocrx_word' id='word_1_682' title='bbox 2082 3911 2372 3970; x_wconf 86' lang='lat' dir='ltr'>quotidianas</span> 
     </span>
    </p>
   </div>
  </div>
 </body>
</html>
