2554 4140
176 100 205 145 2
217 100 240 147 l
249 100 279 147 8
1007 89 1242 148 Epitomes
1272 90 1588 135 Astronomiae

174 239 263 287 48⁰2
289 239 370 284 16‘.
429 235 556 281 Idem
585 240 737 280 autem
757 235 994 289 accideret,
1026 215 1075 280 si‘
1095 229 1218 280 esset
1237 235 1266 280 S
1288 234 1423 279 stella
1454 234 1693 280 immobilis
1716 236 1823 280 et‘V
1843 242 1998 281 vertex
2019 237 2212 294 mobilis,
2243 237 2436 294 primum

175 305 309 356 enim,
340 303 378 347 si
409 300 716 347 semicirculus
746 301 878 353 PVL,
908 301 1082 347 habens
1112 301 1326 346 verticem
1356 300 1421 356 V,
1451 304 1656 344 transeat
1684 313 1766 357 per
1797 300 1973 347 stellam
2006 302 2050 354 S,
2086 301 2271 346 distabit
2301 299 2436 346 stella
2491 326 2504 336 ·

173 385 200 415 a
229 369 396 414 vertice
425 380 507 424 per
525 367 614 423 VS,
647 364 808 411 deinde
839 367 898 412 sit
925 372 1082 411 vertex
1112 366 1158 409 in
1179 367 1234 422 H,
1267 365 1456 421 ejusque
1487 363 1796 408 semicirculus
1815 364 1936 408 PHL
1969 371 2015 410 et
2045 366 2281 421 oppositus
2316 366 2433 410 PVL

172 437 375 478 transeat
403 445 486 488 per
516 430 718 483 stellam,
749 443 855 489 ergo
887 430 1046 477 stellae
1079 429 1294 475 distantia
1323 441 1352 472 a
1379 429 1548 474 vertice
1578 428 1664 472 erit
1699 429 1792 474 HS.
1853 429 2019 475 Ablato
2050 431 2124 474 VS
2156 430 2227 474 vel
2259 431 2438 487 aequali

173 500 239 544 HI
269 499 326 543 ab
355 497 446 554 HS,
477 501 628 542 manet
661 497 728 554 SI,
761 501 813 541 ut
841 496 984 554 prius.

322 573 585 637 Quomodo
623 572 839 622 altitudo
878 573 1167 634 aequatoris
1202 571 1456 620 habetur?
1503 571 1727 620 Altitudo
1765 574 1869 636 poli
1907 579 1956 622 et
1994 573 2204 622 altitudo
2244 588 2435 636 aequa-

172 648 289 695 toris
327 649 630 709 compositae
667 646 853 695 faciunt
898 647 1141 706 integrum
1187 643 1525 705 quadrantem.
1604 644 1768 707 Quare
1820 647 1992 695 ablata
2035 645 2139 709 poli
2177 646 2434 696 altitudine

175 737 204 769 a
243 718 530 782 quadrante,
569 719 858 782 relinquitur
896 715 1106 778 altitudo
1147 719 1445 779 aequaturis.

1245 801 1300 845 In
1331 801 1562 846 schemate
1582 801 1660 858 PQ
1678 807 1748 846 est
1779 801 1976 846 altitudo
2005 801 2114 859 poli,
2136 801 2222 846 ΑΗ
2244 801 2435 846 altitudo

1133 867 1414 924 aequatoris:
1448 868 1554 923 quia
1568 868 1709 925 igitur
1723 868 1822 923 HQ.
1851 867 1972 913 linea
1986 868 2248 923 horizontis,
2275 867 2440 913 transit

1133 946 1215 990 per
1261 936 1467 976 centrum
1510 933 1759 990 sphaerae,
1804 933 1932 989 HVQ
1976 934 2061 979 erit
2110 933 2437 991 semicirculus,

1133 998 1215 1044 sed
1244 998 1325 1042 PA
1355 1004 1427 1042 est
1456 997 1709 1055 quadrans,
1752 998 1860 1054 quia
1900 1004 2121 1055 aequatur
2161 1004 2233 1044 est
2260 999 2436 1047 medius

1131 1064 1252 1110 inter
1291 1063 1447 1121 polos:
1491 1063 1644 1109 ablato
1686 1063 1823 1120 igitur
1859 1064 1937 1109 PA
1979 1063 2233 1121 quadrante
2272 1077 2300 1109 a
2338 1063 2436 1121 QH,

1132 1127 1439 1182 semicirculo,
1487 1142 1619 1175 arcus
1660 1128 1827 1187 reliqui
1867 1129 1944 1185 ΡΟ,
1986 1135 2032 1176 et
2069 1129 2156 1190 ΑΗ
2194 1130 2437 1176 conficient

1133 1196 1268 1242 etiam
1301 1193 1615 1253 quadrantem.

1248 1271 1509 1336 Quomodo
1545 1271 1827 1334 yeoqraphi
1851 1273 2009 1322 solent
2046 1271 2308 1335 appellare
2326 1274 2438 1334 poli

1132 1344 1493 1396 altitu-dinem?
1553 1343 1865 1408 Geographis
1918 1351 1993 1395 est
2042 1344 2252 1394 latitudo
2310 1344 2435 1394 loci:

1132 1423 1316 1484 quanto
1335 1419 1619 1468 enim-arcu
1657 1417 1899 1467 attollitur
1937 1417 2082 1482 polus
2115 1433 2263 1483 supra
2299 1417 2436 1467 hori-

1133 1498 1343 1552 zontem,
1384 1495 1522 1540 tanto
1562 1505 1678 1540 arcu
1705 1489 1859 1540 distat
1895 1490 2034 1540 locus
2062 1490 2124 1541 ab
2153 1496 2436 1555 aequatore.

1247 1563 1386 1629 Quid
1421 1570 1490 1612 est
1527 1564 1744 1613 latitudo
1782 1564 1916 1613 loci?
1968 1563 2056 1612 Est
2102 1578 2244 1614 arcus
2284 1560 2435 1615 meri-

1136 1637 1268 1688 diani
1319 1638 1587 1698 terrestris,
1645 1638 1942 1703 interceptus
1999 1638 2123 1687 inter
2178 1636 2338 1688 locum
2388 1643 2436 1688 et

1136 1716 1453 1775 aequatorem
1492 1716 1780 1760 terrestrem.

310 1802 509 1863 Proba,
560 1802 967 1866 proportionales
1013 1815 1110 1850 esse
1158 1812 1308 1848 arcus
1357 1798 1466 1860 poli
1514 1797 1836 1846 altitudinem
1874 1803 1920 1846 et
1955 1797 2279 1848 latitudinem
2325 1801 2435 1851 Ioci.

166 1874 244 1923 Ab
284 1881 549 1938 aequatore
588 1875 652 1925 ad
689 1876 860 1939 polum
899 1875 1006 1938 ejus
1046 1879 1121 1923 est
1159 1871 1436 1935 quadrans,
1489 1887 1520 1920 a
1556 1873 1739 1919 vertice
1786 1870 1852 1919 ad
1898 1870 2201 1921 horizontem
2241 1878 2315 1923 est
2352 1875 2436 1921 iti-

167 1946 277 1996 dem
315 1947 559 2010 quadrans
597 1951 646 1996 in
687 1948 869 1999 circulo
905 1947 1204 1998 meridiano:
1257 1949 1373 1993 sunt
1410 1944 1560 2008 igitur
1597 1942 1649 1991 hi
1688 1957 1830 1993 arcus
1876 1943 2125 2008 aequales.
2203 1946 2435 1995 Commu-
2528 1947 2538 1964 ’

165 2035 276 2070 nem
333 2021 468 2070 aufer
516 2032 682 2071 arcum
731 2038 760 2070 a
810 2023 996 2071 vertice
1033 2019 1097 2069 ad
1138 2018 1329 2085 polum,
1383 2031 1498 2079 ergo
1537 2014 1736 2066 residua
1773 2022 1888 2065 sunt
1925 2018 2183 2080 aequalia,
2235 2018 2335 2069 illic
2372 2020 2434 2070 ab

167 2100 434 2156 aequatore
473 2095 535 2146 ad
575 2097 834 2156 verticem,
875 2093 955 2143 hic
993 2109 1024 2141 a
1061 2091 1177 2155 polo
1216 2089 1282 2140 ad
1317 2090 1638 2140 horizontem.
1715 2089 1832 2139 Jam
1874 2104 1989 2140 vero
2029 2105 2169 2141 arcus
2209 2092 2436 2143 coelestis
2513 2078 2554 2163 1²}

101 2175 125 2223 J
167 2172 214 2215 et
258 2168 496 2216 terrestris
541 2167 939 2228 meridianorum,
990 2165 1196 2215 abscissi
1235 2162 1428 2212 duabus
1468 2178 1527 2212 ex
1565 2167 1731 2212 centro
1780 2164 1948 2225 rectis,
2000 2165 2348 2228 perpendiculo
2388 2172 2437 2216 et
2528 2168 2529 2171 ’

167 2254 274 2301 axe,
313 2246 427 2289 sunt
463 2239 872 2305 proportionales.

280 2322 333 2367 In
364 2323 593 2370 schemate
622 2323 762 2381 priori
791 2322 871 2367 PA
903 2326 949 2366 et
978 2321 1063 2376 VQ
1092 2324 1199 2366 sunt
1229 2319 1506 2378 quadrantes
1543 2324 1590 2364 et
1619 2317 1849 2376 aequales,
1882 2331 2164 2366 communem
2185 2321 2315 2368 aufer
2337 2323 2433 2369 VP:
2518 2299 2554 2370 ⁸}

167 2392 300 2434 erunt
329 2388 413 2434 AV
442 2389 595 2444 et'PQ
630 2388 857 2446 aequales,
891 2389 956 2434 sic
988 2389 1124 2433 etiam
1154 2387 1201 2433 in
1232 2386 1374 2432 Terra
1402 2386 1483 2431 NL
1517 2390 1563 2432 et
1594 2385 1690 2444 OD,
1723 2385 1805 2431 sed
1835 2386 1919 2432 NL
1950 2392 2020 2432 est
2050 2387 2243 2434 latitudo
2273 2389 2360 2435 loci
2392 2394 2437 2436 et

2511 2473 2554 2500 ,η

170 2454 248 2512 PQ
280 2453 472 2498 altitudo
504 2454 612 2512 poli.

315 2529 454 2594 Quid
503 2532 770 2594 appellant
818 2535 1111 2595 ynomonici
1163 2531 1550 2582 declinationem
1594 2512 1785 2597 plani?
1842 2531 2025 2582 Arcum
2079 2534 2248 2584 circuli
2300 2534 2435 2584 hori·

165 2604 335 2662 zontis,
377 2603 700 2667 interceptum
739 2606 865 2654 inter
906 2605 1188 2655 verticalem
1223 2607 1507 2669 primarium
1546 2612 1596 2656 et
1633 2604 1864 2656 circulum
1902 2606 2036 2670 plani
2077 2606 2381 2661 declinantia.

313 2676 453 2740 Quid
500 2684 569 2726 est
614 2677 714 2727 illis
764 2679 1031 2728 inclinatio
1078 2679 1230 2741 plani
1280 2679 1554 2728 inclinati?
1604 2678 1693 2727 Est
1740 2693 1880 2728 arcus
1919 2679 2166 2730 verticalis
2204 2682 2433 2746 primarii,
2512 2655 2519 2678 ’-

166 2750 461 2812 interceptus
501 2750 625 2800 inter
665 2749 987 2800 meridianum
1028 2757 1077 2799 et
1115 2750 1348 2800 circulum
1385 2751 1520 2815 plani
1559 2751 1794 2800 inclinati.

313 2837 451 2900 Quid
486 2845 554 2887 est
593 2839 861 2888 inclinatio
899 2839 1048 2901 plani
1086 2838 1419 2887 deinclinati?
1470 2838 1560 2888 Est
1597 2853 1739 2891 arcus
1769 2840 2013 2890 verticalis
2051 2840 2114 2890 ad
2152 2839 2434 2893 deinclinati

169 2909 400 2959 circulum
438 2912 574 2972 recti,
616 2911 914 2974 interceptus
954 2912 1076 2960 inter
1114 2910 1252 2959 illum
1293 2917 1341 2960 et
1380 2912 1625 2961 verticem.

314 2997 452 3059 Quid
487 2997 737 3047 incumbit
773 2999 1085 3061 ynomonicis
1122 3000 1258 3046 circa
1296 2996 1701 3046 deinclinatum?
1756 2996 1820 3047 Ut
1858 2998 1978 3048 illud
2020 3001 2177 3063 primo
2220 3002 2433 3050 omnium

162 3069 397 3118 referatur
434 3069 498 3118 ad
540 3070 790 3133 inclinata,
831 3072 1056 3134 quaesita
1094 3068 1354 3119 altitudine
1392 3069 1508 3134 poli,
1549 3071 1641 3118 sub
1681 3085 1779 3133 qua
1818 3072 2048 3135 quodque
2088 3073 2434 3124 deinclinatum

167 3156 260 3261 puli
302 3142 586 3264 silrgffiidciiggr
636 3144 871 3193 inclinato
919 3145 1192 3208 computari
1240 3144 1425 3208 possit,
1480 3148 1528 3192 et
1576 3143 1757 3207 angulo
1797 3144 2128 3196 inclinationis
2165 3161 2310 3211 super
2346 3147 2432 3197 illa

162 3229 225 3278 po
249 3231 264 3261 1
305 3229 335 3263 a
566 3252 576 3264 .

318 3300 578 3363 Quomodo
616 3303 706 3351 hoc
740 3303 850 3366 fleri
882 3304 1082 3366 potest?
1130 3305 1390 3353 Formatur
1427 3303 1764 3367 rectangulum
1803 3307 2100 3364 (tiiangulum)
2136 3307 2260 3355 inter
2297 3307 2431 3356 hori·

165 3377 384 3434 zontem,
434 3374 753 3423 meridianum
793 3381 842 3424 et
881 3377 1114 3427 circulum
1154 3377 1463 3439 deinclinati3
1522 3377 1662 3426 datur
1712 3379 1760 3424 in
1801 3391 1858 3427 eo
1897 3377 2026 3426 latus
2077 3380 2124 3426 in
2164 3378 2428 3442 horizonte,

165 3446 297 3510 quod
348 3450 421 3494 est
459 3447 870 3510 complementum
910 3450 1250 3499 declinationis
1291 3450 1454 3514 plani,
1499 3450 1655 3505 ⁴datur
1704 3456 1752 3498 et
1789 3450 1999 3514 angulus
2039 3453 2162 3500 inter
2202 3453 2431 3502 circulum
2494 3487 2495 3490 η

166 3517 446 3569 deinclinati
487 3525 534 3568 et
573 3520 902 3581 horizontem,
946 3525 1029 3584 qui
1069 3529 1143 3572 est
1181 3523 1592 3586 complementum
1629 3521 1974 3572 inclinationis.
2052 3525 2275 3587 Angulus
2313 3540 2430 3575 vero

166 3596 290 3642 inter
328 3592 632 3642 horizontem
671 3598 720 3641 et
754 3593 1075 3643 meridianum
1114 3601 1189 3644 est
1227 3602 1417 3658 rectus3
1457 3594 1569 3646 inde
1608 3598 1855 3658 quaeritur
1892 3597 2020 3646 latus
2059 3601 2107 3646 in
2146 3598 2428 3659 meridiano,
2516 3610 2519 3613 ’

167 3664 300 3729 quod
338 3680 406 3714 sc.
455 3670 529 3714 est
584 3668 707 3713 inter
744 3664 1043 3715 horizontem
1085 3674 1133 3716 et
1169 3668 1219 3716 id
1268 3673 1535 3732 punctum,
1591 3665 1680 3718 ubi
1718 3668 1997 3719 deinclinati
2038 3670 2244 3720 circulus
2283 3673 2427 3720 meri-

167 3740 365 3787 dianum
402 3743 552 3800 secat,
595 3738 803 3801 ejusque
842 3740 1070 3787 sectionis
1099 3741 1467 3803 angulum-hoc
1506 3740 1635 3792 latus
1664 3755 1772 3792 cum
1811 3743 2065 3794 altitudine
2097 3745 2199 3811 poli
2239 3745 2308 3793 tui
2334 3744 2428 3794 loci

164 3816 512 3876 comparatum,
555 3809 739 3878 detegit
785 3813 1055 3878 quaesitam
1093 3812 1399 3864 altitudinem
1440 3813 1557 3879 poli.
