2554 4140
772 138 1004 194 Excerpta
1034 150 1091 182 ex
1111 133 1296 181 Tabulis
1317 125 1633 192 Rudolphinis,
2177 120 2188 130 ’
2219 138 2318 188 541

79 287 350 344 epocharum
379 290 422 330 et
451 288 653 329 motuum
680 282 952 340 mediorum,
993 289 1035 329 et
1074 283 1297 342 quomodo
1338 283 1576 340 colligendi
1604 283 1698 328 sint
1725 288 1874 328 motus
1903 282 2040 328 medii
2068 294 2124 327 eae
2153 282 2226 327 his
2254 287 2323 327 ta·

80 346 208 399 bulis,
241 350 283 389 et
311 345 410 388 loca
438 344 721 400 sinqulorum
750 344 983 387 mobilium
1012 343 1162 388 media
1193 342 1498 399 assiqnanda,
1531 345 1583 383 ad
1614 345 1724 384 hunc
1754 344 1923 384 modum
1951 345 2136 383 instituit
2165 343 2323 393 Keple-

78 418 168 446 rus:
216 402 371 446 Omnis
413 401 549 456 huJus
593 400 825 444 doctrinae
855 402 970 444 ratio
1002 401 1207 446 consistit
1236 401 1282 444 in
1314 399 1616 455 descriptione
1646 401 1842 456 partium
1873 400 2151 456 singularum
2181 399 2226 442 in
2257 405 2325 444 ta-

77 469 208 514 bulis.
269 468 410 511 Notet
437 462 585 521 igitur‘
603 465 730 510 initio
762 467 1032 522 calculator,
1068 467 1191 512 aliud
1220 480 1322 512 esse
1351 471 1515 522 motus,
1547 467 1671 511 aliud
1702 467 1898 523 epochas
1929 473 2145 511 motuum.
2207 466 2324 514 Nam

80 548 181 580 cum
212 533 355 577 omnis
384 538 533 576 motus
565 537 612 576 et
639 531 803 584 locum,
836 545 916 577 seu
932 534 1066 589 spatii
1094 533 1435 590 longitudinem,
1468 537 1513 576 et
1542 537 1722 588 tempus
1751 533 1963 589 requirat,
1993 545 2076 576 nec
2098 533 2157 576 sit
2178 537 2326 576 motus

79 613 279 656 unquam
313 599 410 643 sine
439 603 666 654 tempore,
710 598 934 654 sequitur,
971 604 1023 642 ut
1051 599 1180 643 initia
1212 611 1391 654 quoque
1422 598 1659 654 utriusque
1689 599 1756 642 rei
1786 599 1876 643 sint
1907 599 2167 644 consociata
2201 603 2247 642 et
2276 602 2328 642 ut

43 718 47 722 ἃ
78 679 136 710 110
164 665 397 721 perceptio
429 664 611 721 quidem
641 670 844 708 motuum
874 664 970 709 ulla
998 664 1142 722 possit
1173 677 1297 721 esse,
1339 663 1428 708 nisi
1457 664 1543 708 hac
1571 664 1801 709 initiorum
1831 664 2066 719 utriusque
2095 665 2161 708 rei
2192 677 2328 720 copu-

77 732 246 777 latione
276 731 335 775 ob
366 731 522 776 oculos
554 729 751 775 adducta
780 731 917 786 inque
955 729 1078 774 clara
1116 728 1219 775 luce
1250 730 1412 786 posita.
1471 729 1602 785 Quod
1640 730 1777 786 igitur
1805 737 2025 787 punctum
2056 744 2215 775 cursus
2247 742 2330 775 seu

78 798 223 841 lineae
253 795 486 841 circularis
516 796 675 852 quovis
701 796 915 853 temporis
947 801 1171 840 momento
1204 795 1352 861 (cujus
1381 810 1408 841 a
1437 796 1666 853 praesenti
1695 800 1901 851 tempore
1930 800 2040 840 nota
2071 801 2140 839 est
2163 794 2329 839 distan-
2379 823 2387 831 -

0 863 12 876 “
80 863 158 918 tia)
199 862 394 907 obtinuit
433 862 792 919 uniuscujusque
829 862 1008 906 mobilis
1049 862 1168 906 linea
1197 867 1347 908 motus
1377 861 1533 918 medii,
1573 861 1620 905 id
1650 866 1868 918 punctum
1900 874 2062 916 graece
2094 860 2180 905 dici
2213 859 2330 904 solet

0 990 10 998 ι
81 930 296 986 temporis
327 928 450 973 illius
478 942 560 974 seu
590 930 807 973 momenti
836 929 1068 986 epocha,
1102 928 1224 985 quod
1253 929 1393 974 latine
1424 933 1556 974 sonat
1585 927 1759 982 locum,
1793 926 1899 983 quia
1929 926 2158 971 mobilium
2191 924 2329 968 linea-

80 1008 179 1039 rum
211 994 442 1050 quaelibet
471 994 518 1038 in
549 995 778 1052 assignato
810 996 1038 1052 temporis
1057 1001 1285 1040 momento
1322 995 1475 1042 10011111
1510 995 1639 1040 11111111
1670 993 1838 1047 circuli¹
1859 984 1942 1038 sui
1963 992 2126 1038 dicitur
2153 993 2330 1048 ἑπεχειν,

83 1073 322 1117 (10(11111ανειί
363 1068 365 1070 ·

251 1139 355 1206 Etsi
385 1152 490 1184 vero
522 1138 780 1186 differentes
813 1147 918 1186 sunt
937 1139 1171 1195 mobilium
1193 1141 1359 1199 circuli,
1391 1153 1476 1187 nec
1495 1140 1635 1185 habet
1657 1139 1850 1185 circulus
1873 1139 2052 1184 initium
2073 1153 2157 1185 nec
2181 1140 2331 1200 finem,

82 1205 349 1256 astronomis
379 1211 530 1250 tamen
564 1219 679 1262 opus
710 1206 794 1250 fuit
823 1207 1048 1262 positione
1080 1207 1328 1251 communis
1360 1206 1551 1263 alicujus
1584 1207 1781 1252 omnium
1813 1207 2082 1252 circulorum
2101 1208 2335 1266 principfi,

5 1282 9 1286 ·
83 1276 222 1326 utque
243 1276 393 1315 motus
416 1271 614 1315 omnium
634 1272 753 1316 inter
774 1285 823 1315 se
846 1273 1096 1329 comparari
1125 1278 1327 1329 possent,
1359 1273 1417 1317 ad
1436 1285 1577 1317 unum
1598 1271 1794 1329 aliquem
1817 1272 2032 1318 circulum
2054 1283 2335 1318 communem

50 1337 219 1382 ceteri
263 1350 418 1382 omnes
458 1351 595 1382 causa
633 1338 882 1382 communis
921 1337 1131 1394 principii
1170 1343 1216 1382 et
1245 1338 1477 1383 divisionis
1509 1338 1734 1384 referendi
1765 1339 1964 1386 fuerunt.
2026 1339 2169 1385 Porro
2203 1341 2335 1396 quem

91 1401 225 1446 alium
264 1403 534 1448 circulorum
574 1403 632 1449 ad
670 1405 759 1449 1100
804 1418 920 1461 opus
962 1405 1196 1461 eligerent,
1237 1405 1324 1449 nisi
1365 1405 1584 1450 circulum
1626 1405 1841 1457 solarem,
1885 1410 1963 1461 qui
2003 1405 2334 1462 quodammodo

85 1467 177 1511 dux
207 1474 278 1512 est
308 1476 354 1512 01
384 1469 604 1514 formator
633 1476 837 1515 motuum
869 1470 1085 1522 omnium,
1124 1470 1200 1527 qui
1241 1471 1378 1529 etiam
1409 1472 1615 1528 signatur
1646 1486 1672 1517 a
1703 1472 1871 1517 circulo
1903 1473 2063 1517 Lunae
2088 1473 2226 1529 vago,
2271 1474 2336 1518 sic

10 1548 15 1555 ·
85 1540 137 1579 ut
149 1534 280 1580 Luna
308 1536 430 1581 hunc
447 1536 563 1581 Solis
593 1537 812 1581 circulum
840 1536 979 1581 fixum
1011 1536 1353 1582 excursionibus
1386 1538 1480 1582 suis
1515 1538 1572 1582 ad
1603 1539 1703 1595 ejus
1734 1544 1975 1595 utrumque
2004 1539 2123 1584 latus
2156 1552 2336 1585 succes-

87 1599 212 1657 sione
242 1615 463 1646 annorum
493 1605 547 1648 19
579 1603 868 1648 circumcirca
898 1602 1049 1658 stipet.
1101 1596 1308 1658 Denique
1338 1602 1460 1647 hunc
1491 1605 1708 1649 circulum
1730 1606 1845 1650 Solis
1875 1606 2152 1663 reliquorum
2182 1606 2338 1663 plane-

15 1687 17 1689 ·
86 1671 232 1711 tarum
271 1669 468 1713 omnium
508 1669 663 1714 circuli
693 1670 739 1714 111
771 1670 842 1714 8111
872 1669 1068 1713 medium
1097 1669 1344 1726 recipiunt,
1386 1675 1437 1714 ut
1472 1671 1560 1728 ipsi
1590 1671 1731 1717 multo
1764 1668 2012 1728 majoribus
2043 1671 2101 1716 ad
2132 1684 2181 1718 se
2210 1673 2337 1729 ipsos

84 1732 287 1791 invicem,
321 1749 455 1790 quam
486 1734 544 1780 ad
575 1735 695 1779 hunc
726 1736 923 1780 medium
952 1735 1226 1780 inclinentur
1256 1736 1447 1793 angulis.

259 1799 412 1855 thue
453 1806 630 1845 constet
670 1801 876 1845 omnibus
917 1802 1213 1857 argumentis,
1267 1808 1551 1847 astronomos
1592 1803 1680 1848 hac
1721 1803 1767 1847 in
1811 1803 2033 1848 electione
2077 1817 2338 1860 supremum

30 1924 38 1932 ὁ
88 1865 212 1911 11111111
242 1873 445 1910 motuum
476 1867 674 1911 omnium
704 1873 1141 1924 contemperatorem
1172 1874 1218 1913 et
1248 1869 1543 1914 architectum
1574 1870 1760 1926 imitari,
1805 1883 1910 1916 ecce
1950 1876 2002 1914 ut
2041 1871 2087 1914 in
2119 1871 2340 1928 principio

89 1937 289 1976 motuum
320 1932 398 1979 (de
430 1945 517 1989 (1110
550 1932 680 1978 1101118
712 1938 891 1977 constat
923 1947 979 1978 ex
1012 1934 1172 1979 divinis
1204 1934 1401 1979 oraculis
1430 1935 1535 1979 inde
1567 1949 1592 1979 a
1614 1937 1743 1980 Mose
1774 1937 2003 1993 propheta
2033 1949 2115 1992 per
2140 1938 2340 1983 'omnium

10 1994 21 1999 ’
79 1999 399 2043 -81100088101108
432 2005 632 2044 aetatum
662 1999 719 2043 ad
750 2013 833 2044 nos
863 2012 1010 2056 usque
1040 1999 1087 2042 in
1119 1999 1310 2044 ecclesia
1343 2000 1576 2045 Catholica
1607 2002 1924 2058 conservatis),
1967 2008 2018 2047 ut
2052 2003 2099 2047 in
2129 2003 2236 2062 hoc,
2273 2006 2341 2049 in-

33 2087 46 2116 ,
93 2065 237 2122 quam,
269 2065 490 2121 principio
520 2069 724 2110 motuum
755 2078 1040 2121 nequaquam
1070 2067 1115 2110 in
1146 2080 1284 2110 unum
1316 2067 1473 2111 circuli
1505 2067 1666 2112 solaris
1695 2067 1816 2113 latus
1851 2070 2048 2113 omnium
2075 2071 2099 2114 5
2123 2083 2340 2117 excursus

90 2129 139 2175 111
175 2130 530 2186 septentrionem
571 2130 860 2184 deflexerint,
907 2128 991 2176 sed
1029 2132 1163 2188 plane
1204 2145 1351 2188 usque
1391 2132 1438 2177 in
1481 2133 1715 2189 oppositas
1755 2129 1918 2179 'circuli
1948 2139 2103 2191 partes
2135 2134 2345 2192 dispositi

92 2196 277 2254 fuerint,
321 2197 505 2243 Saturni
541 2198 588 2242 in
618 2203 700 2254 Ξῖ,
745 2199 874 2242 ,Iovis
910 2198 957 2242 in
988 2200 1066 2255 st,
1113 2198 1328 2242 Mercurii
1364 2197 1412 2242 in
1450 2199 1709 2254 oppositum
1742 2203 1817 2247 V:
1866 2212 2052 2245 11000880
2090 2201 2228 2256 igitur
2259 2207 2343 2258 est,

92 2262 233 2320 ipsius
269 2263 455 2308 consilio
488 2265 713 2309 Creatoris
752 2265 858 2310 huic
889 2264 1006 2310 Solis
1039 2265 1278 2322 apparenti
1307 2264 1476 2310 circulo
1508 2259 1598 2309 non
1631 2263 1935 2310 secessionem
1967 2266 2163 2323 aliquam
2194 2265 2252 2311 ad
2280 2266 2344 2310 la-

92 2334 178 2385 tus,
208 2329 290 2374 sed
320 2331 499 2375 omnino
531 2331 849 2377 mediationem
882 2332 995 2376 situs
1026 2332 1146 2375 inter
1176 2336 1374 2386 0010108,
1404 2332 1542 2376 etiam
1573 2331 1618 2374 in
1650 2330 1950 2385 latitudinem,
1981 2332 2195 2378 tributam
2228 2345 2344 2379 esse.

116 2396 121 2401 “
262 2395 330 2439 Ad
371 2396 589 2440 circulum
629 2396 765 2452 igitur
805 2396 922 2442 Solis
967 2403 1261 2452 apparentem
1309 2396 1394 2441 sub
1433 2395 1558 2452 fixis,
1607 2394 1685 2452 qui
1730 2394 1828 2453 per*
1857 2397 2054 2442 medium
2098 2399 2342 2457 signorum,

96 2463 256 2514 ζωδιων,
287 2462 451 2506 (11101118
482 2463 714 2520 eclv‘qoticae
739 2476 903 2508 nomen
934 2462 989 2508 ab
1022 2462 1171 2506 officio
1205 2456 1399 2517 quodam
1429 2475 1512 2506 suo
1543 2461 1732 2506 sortitus
1765 2468 1846 2518 est,
1879 2462 1937 2506 ad
1974 2462 2110 2520 hunc,
2142 2465 2342 2522 inquam,

94 2541 193 2573 011111
233 2534 386 2572 essent
423 2527 646 2573 referendi
686 2528 973 2585 planetarum
1005 2528 1203 2572 omnium
1235 2527 1391 2572 circuli
1422 2526 1505 2571 sub
1536 2525 1639 2570 fixis
1673 2533 1968 2584 apparentes:
2012 2543 2104 2573 non
2138 2529 2346 2585 equidem

94 2592 212 2638 uliud
255 2595 450 2638 omnium
501 2595 769 2639 circulorum
810 2595 1081 2651 principium
1133 2594 1221 2638 fuit
1260 2593 1544 2650 ponendum,
1590 2606 1724 2650 quam
1764 2593 1885 2649 quod
1923 2594 2067 2650 ipsius
2111 2595 2347 2650 eclipticae

95 2659 311 2717 principio
347 2661 391 2704 in
437 2661 626 2717 singulis
665 2661 984 2718 responderet,
1031 2661 1153 2716 quod
1193 2673 1257 2707 80,
1300 2659 1573 2716 implexione
1602 2666 1752 2704 motus
1783 2659 1916 2715 primi
1949 2665 1995 2704 et
2026 2662 2344 2717 secundorum,
2402 2674 2404 2677 ’

96 2724 213 2771 1111118
252 2728 519 2785 00111111111118,
563 2728 723 2772 horum
760 2727 1070 2784 propriorum,
1114 2725 1255 2771 veluti
1298 2725 1565 2770 naturaliter
1599 2725 1976 2783 constitueretur,
2024 2739 2086 2771 sc.
2128 2731 2344 2784 punctum

98 2793 379 2850 aequinoctii.

267 2877 367 2921 Etsi
415 2889 518 2921 vero
568 2874 843 2931 Copernicus
886 2878 1075 2931 propter
1119 2878 1383 2929 conceptam
1423 2872 1680 2927 opinionem
1722 2870 1974 2928 inaequalis
2015 2871 2347 2927 praecessionis

100 2942 483 2997 aequinoctiorum
511 2942 782 2999 principium
813 2940 1082 2986 circulorum
1114 2939 1319 2996 sequitur
1349 2938 1490 2995 aliud,
1534 2938 1655 2994 quod
1686 2942 1748 2981 sc.
1780 2937 1952 2993 primae
1989 2937 2150 2981 stellae
2181 2936 2347 2983 Arietis

35 3010 38 3011 ’
99 3001 146 3051 111
172 3009 371 3064 (1110111101
403 3008 569 3053 circulo
601 3007 864 3063 respondet,
904 3012 1057 3063 ratUS,
1091 3005 1429 3050 convenientius
1462 3015 1590 3059 0880,
1624 3007 1674 3047 111
1705 3002 1974 3059 principium
2007 3002 2163 3046 circuli
2194 3003 2346 3048 obser-

100 3083 251 3120 vemus
279 3076 433 3131 fixum,
466 3088 493 3119 a
522 3088 610 3131 quo
642 3081 692 3118 ut
722 3079 872 3118 motus
904 3073 1106 3130 plerique
1138 3085 1370 3129 prorsum,
1405 3070 1469 3115 sic
1499 3074 1648 3112 motus
1680 3069 1778 3124 ipse
1809 3073 2078 3123 punctorum
2109 3068 2348 3124 aequinoc-

103 3140 270 3186 tialium
298 3142 429 3199 fieret
457 3146 729 3186 retrorsum:
774 3146 821 3184 at
851 3139 1107 3185 tabularum
1138 3140 1326 3183 istarum
1357 3137 1527 3194 primus
1566 3139 1745 3187 auctor,
1790 3132 1946 3189 Tycho
1978 3133 2203 3182 Braheus‚
2246 3147 2347 3177 cum

102 3202 464 3264 inaequalitatem
495 3206 824 3264 praecessionis
855 3211 1029 3250 tantam
1061 3210 1140 3249 aut
1172 3203 1522 3249 commentitiam
1545 3212 1644 3244 0880
1668 3198 2056 3255 deprehendisset,
2087 3202 2168 3243 aut
2188 3198 2349 3244 saltem

102 3270 330 3330 incertam,
360 3271 639 3318 redeundum
665 3271 748 3316 sibi
781 3271 958 3316 censuit
986 3270 1043 3315 ad
1073 3283 1241 3314 morem
1273 3266 1593 3312 Ptolemaicum
1626 3263 1858 3319 magisque
1891 3263 2155 3320 compendio
2187 3262 2350 3308 calculi

42 3392 53 3399 ,
105 3339 315 3398 practico,
338 3352 468 3395 quam
491 3338 858 3395 contemplationi
881 3342 1066 3381 naturae
1085 3341 1285 3378 motuum
1304 3331 1589 3385 studendum,
1612 3329 1803 3385 undum
1825 3335 1973 3373 motus
1996 3328 2050 3373 ab
2072 3329 2159 3373 hoc
2178 3333 2349 3386 puncto

104 3401 262 3449 initiali
303 3406 535 3462 eclipticas
575 3403 839 3461 retrogrado
882 3401 1017 3458 (quod
1063 3398 1403 3456 aequinoctialis
1433 3398 1603 3454 puncti,
1637 3408 1717 3440 seu
1748 3396 1958 3452 principii
1987 3395 2154 3441 Arietis
2185 3408 2349 3439 nomen

43 3487 48 3489 >
108 3467 292 3526 obtinet)
323 3470 606 3522 deducimus,
648 3483 737 3515 una
771 3474 814 3512 ct
847 3467 1002 3511 cadem
1035 3477 1174 3521 opera
1205 3469 1373 3507 motum
1405 3468 1671 3518 utrumque,
1711 3466 1803 3506 tam
1834 3461 1989 3518 puncti
2020 3463 2347 3518 retrogradum,

109 3545 238 3591 qnam
267 3536 477 3592 planetae
510 3535 743 3590 directum,
775 3532 899 3577 velut
931 3545 957 3576 a
986 3530 1078 3574 fixo
1110 3535 1279 3586 puncto
1312 3526 1587 3582 colligamus.
1641 3527 1729 3571 Per
1759 3527 2027 3583 principium
2058 3528 2198 3584 igitur
2219 3529 2347 3572 Aric-

108 3597 180 3652 tis,
209 3602 421 3657 punctum
452 3598 780 3657 aequinoctiale
812 3611 890 3643 8011
923 3595 1271 3651 aequinoctium,
1305 3592 1484 3649 quando
1516 3593 1650 3638 medii
1682 3592 1958 3650 colliguntur
1988 3601 2151 3650 motus,
2183 3595 2348 3639 intelli-

110 3658 251 3735 gimus
293 3666 339 3710 in
377 3680 650 3724 unoquoque
689 3665 855 3710 circulo
887 3661 1154 3720 planetario,
1187 3660 1269 3704 sub
1302 3659 1402 3703 fixis
1434 3658 1695 3715 imaginato,
1736 3665 1953 3715 punctum
1984 3660 2052 3715 id,
2095 3659 2214 3715 quod
2247 3673 2347 3703 cum

113 3736 277 3786 puncto
319 3731 552 3787 eclipticas
592 3733 655 3777 sic
695 3730 982 3775 denominato
1023 3740 1163 3784 acque
1203 3741 1230 3771 a
1268 3725 1490 3769 communi
1523 3725 1726 3769 binorum
1758 3725 1918 3770 horum
1949 3725 2268 3770 intersectione
2299 3725 2345 3767 in

113 3793 293 3854 eandem
324 3797 500 3853 plagam
529 3804 749 3843 remotum
782 3804 863 3843 est.
925 3796 986 3841 Et
1017 3793 1072 3839 ab
1104 3793 1191 3837 hoc
1223 3797 1416 3848 puncto,
1463 3790 1529 3834 sic
1553 3789 1687 3845 juxta
1717 3791 1864 3849 ipsum
1896 3805 2049 3837 verum
2080 3791 2347 3864 principium
