2554 4140
0 1914 3 2027 ἱ

2 2136 6 2219 l

797 123 932 170 Liber
947 124 1173 181 Quartus,
1234 123 1347 173 Pars
1378 113 1599 168 Secunda.
2232 123 2336 173 345

74 281 211 339 parte
247 276 474 338 inimica,
512 275 753 327 retinendi
793 276 1020 340 denique,
1061 276 1105 325 si
1143 276 1292 326 fuerit
1327 275 1400 324 sic
1436 273 1575 336 situS,
1615 277 1670 322 ut
1706 286 1867 336 neque
1904 272 2111 321 amicam
2147 274 2335 334 partem

75 350 180 398 Soli
218 350 458 409 obvertat,
495 364 656 412 neque
692 351 953 399 inimicam.

224 422 486 486 Quomodo
518 423 630 485 fieri
664 430 837 485 potest,
876 429 935 471 ut
971 429 1134 471 totum
1170 434 1356 484 corpus
1393 419 1636 482 planetae
1669 421 1733 467 sit
1766 419 1927 467 simile
1960 418 2038 466 vel
2061 422 2336 479 coquatum

73 497 278 556 corpori
305 494 449 553 Solis,
484 509 613 557 pars
649 502 821 544 tamen
856 498 1095 558 planetae
1126 496 1296 542 amica
1321 493 1445 552 Soli,
1483 507 1612 553 pars
1636 491 1886 540 inimica?
1921 490 2158 539 Nimirum
2187 491 2333 538 etiam

76 581 186 615 cum
236 581 438 630 magnes
490 575 769 631 magnetem
808 569 982 628 trahit,
1035 581 1237 630 corpoia
1273 572 1388 615 sunt
1431 570 1664 627 cognata,
1719 569 1902 612 tractus
1940 568 2103 612 tamen
2142 563 2196 610 fit
2233 577 2332 612 uua

75 638 183 688 sola
230 646 399 704 parte,
450 640 676 704 repulsus
728 644 970 705 opposita.
1046 640 1186 689 Haec
1235 641 1385 702 igitur
1426 639 1643 687 amicitia
1680 641 1728 686 et
1764 636 2019 684 inimicitia
2056 637 2118 685 ab
2159 637 2336 686 effectu

75 725 346 761 concursus
384 719 470 762 aut
507 715 653 777 fugae
692 714 1047 774 denominatur,
1086 727 1182 762 non
1222 727 1253 761 a
1291 710 1684 761 dissimilitudine
1725 723 1995 772 corporum.

227 785 369 834 Unde
418 801 538 836 vero
587 794 658 836 est
706 790 797 838 illa
846 789 1109 836 diversitas
1151 789 1381 850 partium
1432 786 1779 848 oppositarum
1817 783 2042 845 corporis
2080 778 2298 842 ejusdem
2314 783 2339 829 :2

71 857 128 907 In
164 859 484 921 magnetibus
524 859 722 923 quidem
761 861 1020 910 diversitas
1057 864 1131 908 est
1169 873 1226 907 ex
1265 860 1362 907 situ
1387 859 1597 922 partium
1645 858 1693 904 in
1719 860 1840 905 toto.
1914 855 2039 904 Nam
2065 857 2106 904 si
2131 855 2343 919 lapidem

69 933 408 995 magneticum
447 932 537 981 AB
589 934 880 996 confregeris
926 935 974 979 in
1015 932 1127 991 CD,
1178 932 1461 994 fragmenta,
1821 954 1903 996 mg,
1930 955 1983 989 51,

71 1011 318 1068 utcunque
347 1011 746 1071 transponantur,
790 1021 889 1055 nou
923 1005 1064 1055 aliter
1086 1019 1138 1053 se
1177 1011 1344 1053 mutuo
1371 1010 1450 1053 at-

71 1078 289 1138 trahunt,
345 1091 492 1141 quam
541 1095 627 1144 per
674 1078 870 1129 easdem
910 1080 1160 1140 utriusque
1197 1078 1454 1141 fragmenti

69 1156 232 1216 partes
258 1150 303 1198 A
330 1158 378 1200 et
402 1152 506 1213 cl),
544 1160 600 1201 ut
637 1167 766 1215 quae
803 1154 938 1217 prius
974 1153 1026 1198 in
1064 1149 1228 1215 lapide
1266 1153 1454 1213 integro
1535 1165 1606 1226 Αἲξ
1664 1185 1667 1192 .

68 1225 361 1288 spectabant
398 1225 604 1275 eandem
653 1225 819 1274 mundi
859 1225 1079 1290 plagam:
1129 1221 1303 1286 quodsi
1340 1223 1455 1272 talis
1521 1214 1658 1295 {53:2⁰⁹
1728 1231 1731 1241 '

68 1297 155 1345 fiat
202 1297 467 1361 applicatio
513 1298 920 1362 fragmentorum,
974 1303 1029 1346 ut
1073 1297 1195 1346 situs
1244 1299 1454 1361 partium
1522 1286 1566 1376 ἐξξ

69 1372 195 1419 inter
231 1386 285 1420 se
323 1372 553 1435 pristinus
591 1374 670 1434 sit,
709 1378 764 1420 ut
791 1371 943 1430 CAD,
983 1370 1142 1420 BCD:
1181 1375 1298 1420 tunc
1320 1370 1456 1433 frag·
1545 1374 1623 1440 §.JV

71 1449 236 1493 menta
274 1458 327 1493 se
364 1450 536 1494 mutuo
572 1444 829 1510 repellunt.
1582 1431 1632 1524 '¹²34
1692 1479 1695 1501 ,
1736 1494 1740 1515 ¹

211 1516 270 1564 In
326 1517 465 1568 coelo
516 1532 592 1567 res
641 1518 789 1583 paulo
841 1516 980 1567 aliter
1031 1521 1104 1565 est
1157 1520 1454 1580 comparata.
1600 1528 1730 1588 Ιἰ

68 1589 155 1638 Sol
193 1591 322 1638 enim
359 1605 456 1639 non
495 1597 551 1640 nt
588 1606 792 1655 magnes
829 1606 928 1639 una
965 1589 1129 1654 plaga,
1169 1588 1255 1638 sed
1295 1590 1454 1637 omni·
1543 1582 1727 1666 ‘1='=.:³31'‘'

69 1663 160 1711 bus
198 1665 275 1712 sui
313 1666 529 1730 corporis
577 1665 800 1728 partibus
844 1663 1127 1713 facultatem
1165 1661 1292 1710 hanc
1329 1663 1454 1711 acti-
1722 1666 1726 1683 ·

70 1751 184 1784 vam
222 1742 271 1784 et
308 1739 635 1800 energeticam
672 1737 892 1801 possidet
939 1735 1214 1786 attrahendi
1254 1736 1335 1784 vel
1372 1750 1453 1785 re·
1500 1778 1505 1779 γ
1547 1733 1560 1747 ”

65 1808 281 1872 pellendi
327 1810 405 1859 vel
454 1807 694 1860 retinendi
739 1810 1004 1874 planetam.
1079 1809 1254 1872 Itaque
1294 1809 1453 1858 credi-

83 1881 180 1931 bile
207 1890 295 1943 est,
337 1891 552 1932 centrum
582 1887 793 1948 corporis
819 1882 1002 1932 Solaris
1028 1881 1319 1946 respondere
1345 1885 1428 1931 uni
1455 1887 1746 1936 extremitati
1773 1885 1851 1935 vel
1886 1885 2063 1950 plagae
2092 1887 2346 1949 magnetiS,

80 1955 384 2018 superficiem
426 1972 540 2007 vero
580 1963 734 2006 totam
772 1956 911 2006 alteri
949 1956 1191 2018 magnetis
1229 1955 1424 2018 plagae
1483 1958 1544 2007 Et
1580 1962 1630 2009 in
1667 1960 1950 2024 corporibus
1987 1960 2134 2021 igitur
2169 1960 2345 2022 plane-

85 2035 269 2089 tarum,
327 2045 454 2093 qnae
502 2046 614 2095 pars
662 2030 742 2079 vel
792 2031 1073 2079 extremitas
1124 2030 1172 2076 in
1211 2030 1366 2093 primo
1405 2045 1561 2080 rerum
1599 2039 1770 2082 exortu
1809 2034 1956 2096 inque
1993 2034 2149 2097 prima
2188 2032 2345 2082 collo-

83 2103 276 2152 catione
322 2103 550 2168 planetae
587 2103 755 2153 Solem
806 2103 1084 2168 spectabat,
1131 2101 1219 2151 illa
1257 2108 1420 2152 centro
1461 2104 1588 2155 Solis
1628 2110 1838 2171 cognata
1890 2110 1989 2166 est,
2035 2105 2123 2154 illa
2161 2121 2191 2155 a
2229 2105 2343 2154 Sole

77 2175 312 2238 trahitur3
354 2191 482 2240 quae
522 2191 638 2226 vero
666 2192 697 2225 a
722 2177 838 2226 Sole
874 2190 1046 2225 versus
1071 2174 1192 2223 fixas
1233 2182 1436 2226 extensa
1462 2186 1578 2240 erat,
1619 2179 1703 2228 illa
1730 2178 2002 2244 superficiei
2029 2178 2215 2228 Solaris
2252 2194 2345 2227 na-

0 2271 7 2328 31
78 2255 235 2297 turam
274 2256 348 2298 est
385 2256 545 2311 nacta,
585 2250 672 2299 illa
709 2251 750 2298 si
789 2248 852 2298 ad
892 2249 1057 2298 Solem
1097 2254 1422 2310 convertatur,
1463 2250 1549 2300 Sol
1585 2253 1833 2316 planetam
1873 2268 1902 2301 a
1940 2267 1992 2301 se
2029 2252 2235 2317 repellit.

233 2321 295 2370 Ut
330 2325 437 2371 vim
475 2324 840 2373 turbinationis
866 2322 996 2372 Solis
1030 2324 1214 2370 rectius
1250 2324 1547 2386 intelliyam,
1588 2327 1668 2375 dic
1706 2327 1831 2390 quid
1867 2340 2066 2375 censeas
2100 2327 2343 2390 futurum

77 2395 262 2459 fuisse,
313 2397 357 2444 εἰ
394 2395 483 2446 Sol
530 2411 638 2444 non
690 2395 1085 2445 turbinaretur?
1138 2394 1562 2457 Quemadmodum
1610 2414 1812 2464 magnes
1859 2404 2137 2463 magnetem
2186 2400 2343 2449 amica

77 2472 217 2530 parte
259 2469 307 2515 in
346 2482 399 2517 se
439 2483 727 2518 conversum
766 2483 863 2518 non
903 2473 1063 2517 cessat
1094 2468 1368 2530 attrahere,
1419 2470 1574 2522 donec
1624 2474 1762 2522 illum
1811 2472 1873 2521 ad
1913 2478 2192 2522 contactum
2234 2487 2344 2522 cor-
2413 2505 2418 2508 ν

79 2554 251 2605 porum
304 2541 518 2591 adducat
564 2544 856 2608 penitusque
902 2542 996 2589 sibi
1039 2542 1201 2601 uniat,
1255 2548 1393 2605 parte
1430 2559 1548 2595 vero
1589 2548 1786 2596 inimica
1823 2546 1916 2594 sibi
1956 2547 2217 2595 obversum
2256 2551 2343 2594 aut

10 2598 13 2674 s
81 2615 323 2662 convertit
370 2621 419 2663 et
465 2628 755 2664 conversum
802 2614 1023 2663 similiter
1072 2613 1298 2675 attrahit,
1354 2623 1440 2665 aut
1477 2620 1518 2666 si
1557 2633 1665 2668 eum
1706 2625 1987 2668 convertere
2027 2633 2123 2667 non
2162 2623 2339 2681 potest,

78 2686 295 2750 repellit,
350 2702 439 2736 nec
487 2687 643 2736 ullum
681 2687 751 2735 illi
791 2688 952 2736 locum
990 2687 1221 2750 relinquit
1258 2689 1385 2737 intra
1424 2691 1590 2740 orbem
1629 2695 1825 2742 virtutis
1860 2707 2009 2752 suae,
2061 2693 2104 2740 si
2144 2683 2339 2754 quidem

13 2780 15 2788 ¹
78 2774 178 2808 non
218 2761 542 2824 impediatur:
582 2762 654 2810 sic
691 2761 1005 2824 cogitandum
1045 2766 1119 2809 est
1156 2762 1305 2809 etiam
1344 2761 1404 2811 de
1444 2763 1585 2827 Sole,
1628 2766 1759 2830 quod
1799 2766 1841 2814 si
1879 2765 1959 2813 hic
1996 2779 2094 2813 non
2135 2764 2358 2818 convol-x

81 2839 276 2883 veretur
316 2835 444 2882 circa
492 2848 633 2883 axem
682 2849 848 2896 suum,
899 2833 1063 2882 nullus
1101 2835 1247 2882 etiam
1286 2836 1625 2897 primariorum
1663 2839 1972 2902 planetarum
2012 2840 2138 2886 circa
2176 2837 2342 2886 Solem

0 2914 17 2961 ,’
76 2912 210 2955 esset
248 2908 601 2966 circumiturus,
641 2906 728 2955 sed
766 2921 879 2970 pars
919 2920 1085 2956 eorum
1125 2905 1445 2970 adnavigaret
1474 2910 1537 2958 ad
1565 2911 1729 2961 Solem
1756 2917 2008 2976 perpetuo,
2051 2910 2204 2959 donec
2229 2913 2343 2958 uni-

0 2971 11 3040 ἴ
83 2986 214 3029 retur
251 2982 345 3044 ipsi
385 2979 446 3029 ad
487 2987 782 3039 contactum,
822 2983 953 3045 pars,
993 2993 1120 3042 quae
1159 2981 1399 3043 posticum
1427 2982 1531 3032 Soli
1558 2986 1780 3047 obvertit,
1823 2983 2148 3047 expelleretur
2172 2998 2342 3034 versus

87 3052 223 3113 fixas,
264 3055 347 3116 qni
387 3066 504 3102 vero
543 3052 673 3101 latus
712 3053 944 3116 praebent
972 3051 1090 3113 Soli,
1131 3052 1201 3100 illi
1242 3052 1498 3104 haererent
1537 3071 1626 3106 suo
1666 3058 1774 3108 loco
1811 3058 2007 3121 penitus
2049 3056 2344 3119 immobiles,

83 3122 298 3175 luctante
339 3127 516 3175 virtute
556 3125 687 3175 Solis
724 3126 954 3174 tractoria
994 3139 1102 3174 cum
1141 3125 1424 3188 repulsoria.

230 3199 371 3263 Quid
405 3202 566 3262 iyitur
602 3214 745 3247 nunc
779 3200 848 3261 tlt,
891 3198 1004 3247 Sole
1040 3200 1175 3246 circa
1212 3212 1365 3247 suum
1403 3213 1553 3251 axem
1590 3202 1800 3250 rotato?
1861 3201 2099 3251 Nimirum
2141 3187 2342 3267 corpore

83 3270 214 3319 Solis
250 3285 488 3322 converso
529 3274 682 3320 virtus
722 3274 867 3320 ctiam
908 3273 1002 3319 ista
1041 3273 1351 3331 convertitur,
1396 3272 1804 3335 quemadmodum
1838 3283 2064 3339 magnete
2104 3290 2341 3325 converso

84 3344 160 3391 vis
193 3347 344 3407 partis
382 3347 526 3394 unius
566 3346 797 3394 tractoria
837 3346 883 3391 in
922 3343 1096 3407 plagas
1135 3345 1301 3391 mundi
1340 3345 1464 3394 alias
1496 3352 1645 3409 atque
1672 3346 1796 3397 alias
1823 3350 2121 3399 transfertur.
2191 3349 2342 3398 Cum-

0 3432 40 3477 »ἱ
85 3428 180 3479 que
217 3416 302 3465 Sol
339 3418 426 3468 illa
464 3420 643 3468 virtute
684 3420 757 3466 sui
799 3417 1012 3480 corporis
1051 3417 1305 3479 arripuerit
1340 3418 1615 3480 planetam,
1666 3432 1751 3470 seu
1796 3421 1996 3471 trahens
2034 3422 2170 3471 illum
2193 3458 2221 3489 ,A
2254 3437 2343 3471 seu

0 3498 20 3531 ·t
86 3489 347 3552 repellens,
386 3507 474 3541 seu
514 3491 690 3540 dubius
731 3493 855 3539 inter
894 3498 1172 3552 utrumque,
1222 3504 1384 3539 secum
1425 3493 1571 3541 etiam
1611 3493 1929 3545 circumducit
1966 3495 2103 3544 illum
2145 3501 2193 3545 et
2231 3510 2340 3544 cum

18 3548 23 3619 Ξ
88 3559 172 3609 illo
205 3561 346 3612 'sorte
394 3566 542 3614 etiam
582 3579 774 3614 omnem
814 3578 982 3614 auram
1020 3561 1295 3611 aetheream
1335 3565 1687 3616 circumfusam.
1765 3566 2027 3618 Trahendo
2067 3570 2252 3632 quippe
2292 3574 2342 3618 ct

20 3632 23 3689 Ϊ
88 3633 364 3696 repellendo
401 3640 588 3698 retinet,
629 3637 880 3687 retinendo
920 3634 1248 3685 circumducit.

22 3707 24 3714 ι

231 3707 287 3755 Si
324 3709 412 3759 hoc
447 3713 518 3759 sic
552 3725 601 3759 se
632 3711 852 3775 haberet,
888 3711 1124 3773 planetae
1157 3722 1326 3757 omnes
1363 3709 1531 3759 eodem
1570 3718 1790 3777 tempore
1826 3729 1942 3763 cum
1971 3714 2088 3764 Sole
2112 3715 2341 3762 restitue-

23 3792 28 3850 ὃ
88 3783 280 3827 rentur.
354 3766 591 3846 Equidem
631 3786 671 3831 si
705 3784 799 3833 hoc
836 3790 1023 3831 tantum
1064 3786 1207 3829 essct.
1286 3782 1350 3830 At
1388 3782 1568 3840 dictum
1608 3791 1682 3835 est
1705 3786 1958 3848 hactenus,
2000 3802 2073 3852 pr
2060 3791 2191 3835 teter
2216 3785 2342 3834 hant·

4 3864 28 3932 ‘f
91 3850 192 3899 vim
217 3850 344 3902 Solis
370 3858 633 3907 rectoriam
673 3870 780 3907 esse
820 3858 967 3907 etiam
1005 3852 1275 3903 naturalem
1312 3856 1534 3907 inertiam
1572 3859 1619 3906 in
1646 3859 1855 3923 planetis
1893 3861 2010 3925 ipsis
2037 3858 2100 3908 ad
2138 3863 2338 3920 motum,
