2554 4140
212 135 315 185 510
533 169 536 171 .
618 200 621 201 γ
1035 128 1271 185 Epitomes
1300 129 1617 178 Astronomiae

350 275 403 318 In
433 273 660 318 schemate
690 271 729 316 si
759 285 816 316 ex
847 271 891 328 S,
924 276 1080 317 centro
1113 273 1244 330 Solis,
1278 278 1438 329 agatur
1465 276 1851 331 perpendicularis
1880 277 1927 322 in
1960 277 2049 335 CD,
2082 275 2300 322 visibilem
2328 276 2445 322 viam

207 341 382 407 Lunae,
409 350 524 394 quae
555 336 613 381 sit
642 336 726 392 SL,
757 340 864 380 tunc
892 336 939 381 in
970 337 1007 381 L
1041 337 1125 382 erit
1156 338 1410 383 obscuratio
1441 340 1650 386 maxffla.

353 414 485 476 Quid
519 416 652 462 circa
689 414 894 460 initium
932 419 978 462 et
999 414 1150 476 finem
1188 415 1444 475 eclipsium
1470 429 1557 463 seu
1592 418 1830 479 scrupula
1867 417 2167 465 incidentiae
2204 423 2250 465 et
2286 432 2444 464 emer—

206 490 360 536 sionis
397 485 809 536 observandum?
861 485 915 535 Si
955 486 1180 535 centralis
1220 493 1293 535 est
1329 487 1734 536 suturavisibilis
1773 490 1975 553 copula,
2025 491 2215 551 initium
2255 495 2301 537 et
2337 488 2445 536 finis

206 561 303 609 sere
341 561 591 623 requirunt
625 572 862 607 summam
898 558 1366 608 semidiametrorum
1402 561 1452 606 in
1493 560 1769 609 distantiam
1806 562 2046 611 visibilem
2085 563 2297 611 locorum
2335 561 2446 610 lon-

207 632 441 696 gitudinis
479 631 609 681 Solis
648 637 696 680 et
733 631 927 694 Lunae3
979 637 1030 679 at
1077 633 1119 680 si
1170 646 1349 694 magna
1395 634 1445 679 in
1483 632 1642 682 medio
1690 633 1832 682 fuerit
1875 634 2081 682 latitudo
2119 634 2286 683 Lunae
2326 635 2446 682 visi-

206 705 344 766 bilis,
395 705 508 754 loca
556 704 872 767 longitudinis
920 706 967 751 in
1006 705 1241 767 principio
1283 703 1337 752 et
1372 704 1466 753 fine
1506 705 1753 754 distabunt
1802 707 1958 754 minus
1994 714 2179 756 summa
2217 707 2447 765 semidia-

207 784 480 827 metrorum.
556 777 730 840 Itaque
769 782 1071 841 computetur
1109 775 1316 826 latitudo
1355 778 1464 825 visa
1501 777 1564 826 ad
1602 784 1877 842 susceptum
1925 786 2105 828 certum
2140 778 2449 829 intervallum

207 852 459 915 temporis,
499 855 612 899 ante
651 850 732 899 vel
769 855 881 915 post
919 848 1144 912 copulam
1180 849 1438 900 visibilem.
1513 850 1676 913 Hujus
1705 850 1974 900 latitudinis
2012 852 2445 916 antilogarithmuS,

209 923 402 972 ablatus
442 924 504 973 ab
544 922 938 985 antilogarithmo
976 937 1196 971 summae
1233 922 1711 983 semidiametrorum,
1749 923 1977 986 relinquit
2007 925 2448 988 antilogaritbmum

209 996 506 1046 differentiae
544 995 759 1045 locorum
796 994 1114 1058 longitudinis
1152 996 1352 1057 circiter,
1393 1010 1537 1059 quam
1575 995 1774 1059 requirit
1811 998 1998 1044 initium
2034 997 2111 1046 vel
2150 997 2258 1045 finis
2294 998 2446 1059 eclip·
2528 1027 2532 1029 Δ

207 1072 288 1118 sis,
363 1070 524 1119 Debet
561 1075 723 1117 autem
771 1068 885 1117 huic
923 1066 1219 1118 differentiae
1273 1069 1492 1131 aequalis
1530 1084 1636 1119 esse
1673 1075 1832 1118 motus
1868 1068 2036 1118 Lunae
2087 1070 2315 1131 visibilis,
2362 1085 2447 1134 per

207 1149 486 1207 susceptum
530 1143 758 1206 temporis
813 1140 1121 1190 intervallum
1168 1140 1421 1204 collectus,
1474 1148 1559 1191 aut
1608 1143 1650 1191 si
1699 1157 1798 1191 non
1836 1149 2036 1205 aequat,
2091 1144 2262 1206 corrigi
2297 1144 2447 1192 inter-

207 1215 407 1278 vallum,
446 1221 501 1263 ut
537 1220 729 1277 aequet.

322 1301 325 1303 ’
351 1300 404 1344 In
435 1299 664 1343 scliemate
696 1297 756 1341 sit
785 1297 864 1342 CH
893 1297 990 1341 visa
1018 1297 1210 1341 latitudo
1241 1296 1424 1343 initialis
1457 1298 1655 1355 circiter,
1696 1297 1762 1343 CS
1801 1309 1972 1342 summa
2007 1297 2447 1355 semidiametrorum,

209 1364 387 1410 dabitur
416 1364 554 1420 igitur
581 1362 656 1408 HS
687 1362 874 1408 visibilis
907 1361 1123 1407 distantia
1152 1367 1409 1406 centrorum
1438 1375 1521 1419 pro
1550 1362 1690 1420 initio,
1723 1375 1803 1407 seu
1834 1362 2042 1420 scrupula
2066 1362 2367 1421 incidentiae3·
2385 1364 2449 1409 sic

209 1443 264 1475 ex
295 1431 375 1475 DF
406 1430 503 1474 visa
532 1429 770 1475 latitudine
798 1428 924 1473 finali
954 1433 1000 1471 et
1030 1440 1087 1471 ex
1118 1429 1195 1473 SD
1226 1431 1280 1472 ut
1309 1428 1433 1486 prius
1463 1429 1751 1490 inveniuntur
1783 1428 1866 1483 SF,
1896 1428 2108 1489 scrupula
2137 1430 2410 1475 emersionis.

354 1510 517 1568 Quam
584 1507 674 1555 diu
729 1506 886 1555 durat
943 1505 1120 1567 aliqua
1168 1505 1297 1554 Solis
1344 1505 1532 1568 eclipsis
1587 1508 1643 1553 in
1698 1511 1828 1555 certo
1885 1505 2066 1554 Terrae
2122 1506 2267 1555 loco?
2339 1506 2448 1556 Non

208 1579 351 1629 facile
388 1579 567 1643 regulis
606 1577 947 1645 comprehendi
984 1584 1146 1642 potest
1183 1584 1406 1627 exactum
1445 1578 1711 1627 durationis
1748 1584 1959 1643 tempus,
2001 1585 2192 1642 propter
2225 1592 2449 1642 magnam

495 1660 500 1665 “
1328 1651 1650 1717 parallaxium
1684 1653 1965 1701 varietatem
1989 1665 2073 1713 per
2110 1651 2327 1701 diversas
2351 1658 2450 1700 tam

1329 1723 1432 1787 poli
1489 1738 1635 1787 quam
1686 1723 1813 1773 Solis
1869 1723 2159 1773 altitudines.
2235 1724 2449 1773 Primum

1328 1804 1490 1846 tamen
1530 1796 1797 1846 durationis
1836 1796 2121 1846 elementum
2155 1802 2229 1846 est
2264 1812 2451 1847 summa

1328 1870 1792 1919 semidiametrorum
1829 1869 1956 1920 Solis
1995 1875 2044 1919 et
2078 1869 2274 1932 Lunae,
2329 1871 2450 1919 visi-

1328 1943 1415 1991 bili
1454 1949 1590 1991 motu
1627 1943 1939 2004 conficienda,
1979 1948 2078 1991 tam
2105 1957 2190 2007 pro
2229 1942 2449 1992 inciden-

1328 2017 1426 2064 tiae
1475 2029 1620 2078 quam
1669 2029 1756 2080 pro
1806 2016 2083 2065 emersionis
2135 2017 2446 2080 temporibus.

1329 2087 1452 2136 Cum
1504 2089 1650 2150 igitur
1683 2087 1824 2138 ,haec
1880 2102 2068 2137 summa
2116 2089 2214 2137 sere
2270 2094 2446 2152 aequet

1327 2160 1572 2209 horarium
1620 2160 1789 2209 Lunae
1845 2177 1875 2211 a
1924 2156 2064 2221 Sole,
2120 2163 2168 2208 in
2222 2174 2444 2226 apogaeo

1308 2232 1497 2289 ,Lunae
1533 2233 1685 2297 paulo
1722 2233 1890 2300 major,
1928 2234 1976 2282 in
2013 2235 2239 2296 perigaeo
2278 2236 2447 2296 minor,

1331 2305 1452 2354 duas
1481 2307 1626 2368 igitur
1661 2305 1807 2355 horas
1831 2306 2127 2370 impenderet
2151 2306 2291 2355 Luna
2314 2313 2450 2356 motu

1329 2393 1447 2428 vero
1485 2379 1533 2425 in
1573 2380 1778 2427 transitu
1814 2394 1900 2442 per
1937 2378 2119 2428 discum
2158 2378 2302 2428 Solis.
2352 2378 2450 2429 Sed

682 1691 765 1733 Εἰς.
788 1691 844 1725 97.

1331 2538 1471 2584 vei-0,
1524 2525 1694 2573 tertiae
1741 2526 1884 2587 igitur
1921 2524 2070 2574 horae
2106 2526 2319 2575 semissis
2361 2539 2451 2574 va-

1329 2599 1551 2646 rietatem
1606 2610 1871 2659 morarum,
1935 2599 1977 2646 si
2031 2597 2090 2647 de
2145 2598 2449 2660 centralibus,

1332 2671 1546 2719 omnium
1603 2671 1841 2732 maximis,
1898 2672 2113 2734 agimus,
2173 2671 2271 2720 sere
2333 2685 2451 2720 con·
2538 2689 2539 2692 ¹

1329 2749 1552 2792 summat.
2472 2751 2477 2756 ’

356 2812 462 2875 Qui·
491 2821 660 2864 exacte
709 2814 817 2865 vult
864 2830 1034 2879 agere,
1084 2817 1126 2864 is
1178 2822 1425 2880 computet
1474 2813 1701 2877 scrupula
1747 2815 2038 2865 incidentiae
2075 2815 2161 2866 HS
2211 2821 2259 2865 et
2296 2830 2452 2866 emer-

1332 2453 1449 2513 quia
1478 2450 1687 2499 visibilis
1713 2457 1872 2501 motus
1908 2452 2063 2501 minor
2089 2458 2138 2501 et
2174 2451 2354 2501 tardior
2379 2458 2452 2502 est
2531 2455 2533 2459 ’

213 2887 365 2935 sionis
411 2885 488 2935 SF
536 2888 766 2938 methodo
817 2890 1111 2951 praemissa3
1158 2904 1270 2939 nam
1316 2887 1625 2938 intervallum
1673 2891 1904 2952 temporis
1952 2903 2050 2938 una
2099 2891 2366 2952 computari
2404 2895 2453 2939 et
2520 2882 2530 2887 ’

214 2959 387 3022 corrigi
410 2958 614 3022 debere,
649 2961 753 3024 jam
790 2967 865 3011 est
902 2961 1098 3011 dictum.

358 3033 491 3092 Quid
522 3041 786 3096 praeterea
821 3041 1074 3097 spectatur
1109 3037 1166 3082 in
1203 3035 1370 3097 eclipsi
1396 3032 1558 3082 Solis?
1599 3033 1775 3099 Plaga,
1812 3050 1842 3083 a
1879 3048 1977 3097 qua
2014 3038 2110 3082 stat
2148 3033 2362 3084 desectus
2399 3036 2450 3083 in

197 3107 428 3166 *margine
461 3105 590 3155 Solis
629 3113 727 3156 tam
766 3109 919 3170 initio,
960 3121 1106 3170 quam
1143 3106 1252 3167 fine,
1290 3109 1406 3155 item
1445 3111 1493 3155 et
1528 3108 1577 3153 in
1602 3107 1776 3168 medio,
1819 3112 1867 3154 et
1905 3106 2096 3169 quando
2123 3121 2305 3156 cornua
2340 3122 2450 3157 sur-

212 3190 338 3237 sum,
391 3179 585 3239 quando
636 3180 884 3242 deorsum,
939 3180 1147 3243 denique
1200 3179 1393 3243 quando
1434 3178 1497 3226 ad
1533 3179 1662 3227 latus
1692 3179 1982 3228 valterutrum
2029 3186 2275 3243 spectent3
2329 3180 2450 3230 haec

212 3263 309 3315 non
347 3251 503 3299 minus
541 3258 737 3316 propter
773 3268 890 3303 usus
929 3253 1279 3302 astronomicos
1329 3259 1377 3301 et
1413 3251 1758 3318 astrologicos,
1807 3266 1952 3314 quam
2003 3251 2064 3306 ad
2110 3253 2449 3316 praedictionis

214 3323 693 3375 commendationem.

361 3405 467 3463 Quo
516 3404 677 3453 medio
727 3404 960 3453 discimus
1003 3404 1094 3452 has
1127 3404 1346 3467 playas?
1395 3403 1776 3467 Investigatione
1814 3403 2099 3465 angulorum
2138 3403 2275 3466 RSE,
2315 3400 2446 3466 CSE,

215 3486 338 3536 quos
379 3488 486 3522 cum
526 3475 748 3538 ecliptica
784 3475 870 3538 EQ
907 3477 1090 3524 faciunt
1127 3476 1290 3526 circuli
1327 3476 1451 3536 duo,
1499 3477 1625 3534 „alter
1662 3474 1904 3525 verticalis
1941 3476 2061 3535 RV,
2113 3491 2198 3541 per
2236 3473 2498 3526 centrum*

214 3545 342 3594 Solis
382 3546 431 3606 S,
471 3545 591 3595 alter
629 3548 719 3608 OS,
759 3548 852 3609 LS,
892 3548 990 3609 DS,
1031 3564 1115 3614 per
1153 3556 1316 3597 centra
1340 3548 1468 3598 Solis
1507 3556 1555 3598 et
1578 3548 1994 3602 Lunaevisibilia
2035 3549 2188 3598 ducti:
2227 3551 2296 3598 sic
2323 3550 2448 3598 enim

215 3619 464 3668 conficitur
517 3625 566 3667 et
614 3619 822 3682 angulus
863 3620 1007 3682 CSR,
1046 3621 1194 3683 LSR,
1245 3621 1395 3682 DSR,
1446 3623 1674 3670 sectionis
1710 3621 1880 3685 horum
1917 3623 2129 3684 ipsorum
2166 3628 2361 3671 mutuae
2399 3624 2446 3670 in

216 3692 377 3740 centro
416 3691 570 3752 Solis,
622 3697 670 3739 et
721 3706 855 3740 vero*
886 3694 1091 3742 circulus
1140 3694 1384 3743 verticalis
1435 3706 1674 3742 summum
1721 3700 1768 3740 et
1815 3694 1962 3746 imum
2005 3694 2132 3743 Solis
2183 3696 2446 3757 marginem

214 3770 462 3826 monstrat,
501 3765 680 3827 quippe
704 3777 787 3827 per
811 3763 939 3811 Solis
978 3772 1191 3815 centrum
1218 3767 1404 3815 ductuS.
1463 3767 1625 3826 Porr0,
1666 3779 1789 3826 quae
1815 3768 1878 3814 sit
1905 3767 2210 3816 observanda
2234 3769 2449 3816 varietas

215 3837 474 3886 additionis
510 3835 591 3886 vel
627 3836 966 3886 subtractionis
1011 3838 1182 3887 horum
1218 3839 1504 3902 angulorum
1546 3843 1632 3888 aut
1681 3838 2139 3900 complementorum
2183 3839 2445 3890 secundum
