2560 4100
225 143 292 189 46
470 203 480 214 1
870 135 1106 192 Epistolae
1137 136 1320 193 Kepleri
1351 136 1631 193 aliorumque
1660 140 1844 180 mutuae

225 290 273 334 et
310 300 396 348 per
434 285 790 347 proportionem
829 281 898 351 Θ
939 282 982 347 S?
1020 283 1085 333 ad
1121 282 1191 350 Θ
1227 283 1272 350 ὃ
1313 285 1508 333 limatur
1557 287 1661 334 sine
1716 285 1847 331 omni
1892 284 2119 346 negotio,
2171 288 2226 330 ut
2263 281 2476 330 secunda

223 357 303 406 vel
357 360 499 406 tertia
555 359 850 406 correctione
897 359 1152 421 positionis
1212 365 1352 407 exeat
1402 358 1620 419 justum,
1678 358 1784 405 sine
1843 359 2102 404 venatione
2149 357 2302 419 partis
2358 368 2475 417 pro-

214 445 245 493 p
257 429 523 478 ortionalis.

316 524 323 530 ⁸
362 529 655 578 Criigerus:
689 527 903 570 Calculum
935 515 1054 569 tuum
1086 531 1316 580 apparituri
1349 541 1485 568 mense
1506 529 1625 570 Febr.
1649 529 1843 568 Mercurii
1866 527 2031 568 eludere
2051 529 2119 568 hic
2150 530 2263 568 visus
2297 533 2358 568 est
2387 529 2476 578 ipse

218 587 459 639 Mercurius,
491 589 564 640 qui
595 589 698 627 mihi
730 593 769 627 et
806 590 899 627 aliis
932 589 1271 638 conspiciendum
1302 600 1344 626 se
1375 587 1566 637 praebuit
1596 591 1663 626 sat
1694 588 1879 626 elevatus
1913 587 2059 626 diebus
2081 589 2151 627 20.
2175 589 2244 626 21.
2267 589 2335 628 2⁶2.
2359 587 2476 626 Febr.

217 649 265 684 st.
297 658 336 686 n.
371 647 421 684 ab
454 657 605 686 occasu
637 646 746 687 Solis
778 647 832 686 ad
864 647 904 685 h.
937 649 979 688 6.
1011 648 1080 685 30‘
1113 659 1146 686 c.
1208 649 1244 684 A
1275 646 1480 684 22.Febr.
1512 646 1671 684 nullam
1691 645 1923 684 habuimus
1954 655 2171 695 vesperam
2202 657 2391 685 serenam
2425 645 2476 683 ad

218 704 412 743 ultimam
442 716 574 757 usquc
604 706 811 744 Lunarem
841 705 1156 757 quadraturam.
1217 704 1323 742 Tum
1354 716 1449 742 vero
1481 704 1707 743 Mercurius
1738 714 1942 754 nusquam
1975 706 2181 754 apparuit.

358 791 703 855 Keplerus:
776 794 1145 856 Apparitionem
1187 788 1228 857 ζῤ
1269 791 1455 839 tardius
1494 805 1705 855 ponere,
1763 805 1908 852 quam
1948 793 1989 839 is
2028 806 2259 854 apparere
2297 797 2473 854 potest,

213 863 333 928 nihil
371 871 444 913 est
482 865 614 928 apud
665 880 740 914 me
778 868 896 913 novi
934 871 981 914 et
1019 865 1072 913 fit
1111 864 1412 913 certitudinis
1451 879 1614 915 causa.
1691 864 1816 912 Nam
1867 864 1907 911 si
1945 866 2105 912 minus
2152 879 2259 912 esse
2297 870 2475 928 potest,

216 937 367 986 multo
406 941 562 1001 magis
603 941 692 988 erit
729 939 903 1001 majus.
1261 959 1265 962 ·

363 1037 499 1087 Oriig
516 1050 651 1079 erus:
684 1025 957 1087 Longitudin'i
978 1037 1260 1076 Dantiscanae
1284 1022 1423 1076 censes
1449 1036 1684 1076 addendum
1716 1017 1920 1085 integrum
1949 1036 2136 1089 gradum,
2170 1036 2255 1075 sive
2278 1038 2317 1075 4¹
2340 1036 2474 1076 horae.

218 1096 418 1146 Equidem
465 1097 640 1147 eclipses
670 1097 854 1136 Lunares
897 1100 1012 1135 tanta
1055 1097 1317 1134 accuratione
1353 1107 1565 1145 nunquam
1608 1096 1824 1134 observavi
1855 1096 2099 1145 (praeterita
2138 1095 2182 1133 in
2214 1093 2353 1144 Aprili
2391 1106 2473 1134 non

216 1159 302 1193 erat
333 1155 400 1194 hic
431 1154 746 1208 observabilis)⁷
787 1160 833 1194 ut
872 1154 1150 1194 differentiam
1191 1150 1242 1195 ab
1275 1154 1574 1202 Uraniburgico
1606 1153 1764 1193 calculo
1797 1157 2035 1193 constanter
2066 1153 2238 1193 eandem
2269 1155 2474 1203 praebue-

213 1213 307 1259 rint,
339 1214 441 1263 quin
473 1212 634 1263 aliquot
663 1214 837 1252 minutis
867 1214 948 1252 huc
969 1211 1072 1252 illuc
1092 1213 1359 1264 nutaverint;
1401 1212 1476 1251 sed
1512 1217 1673 1264 tamen,
1719 1224 1813 1251 cum
1850 1213 1930 1251 hoc
1973 1213 2052 1251 iter
2094 1213 2347 1251 maritimum
2394 1213 2473 1251 huc

213 1269 317 1310 illuc
341 1270 558 1319 navigetur
580 1272 782 1326 quotidie,
815 1272 1060 1323 chartaeque
1080 1271 1274 1310 nauticae
1296 1274 1535 1311 constanter
1556 1274 1748 1309 tueantur
1773 1271 1933 1310 chartas
1954 1271 2248 1320 geographicas
2269 1271 2474 1321 Jansonii‚

213 1340 296 1368 non
328 1330 459 1369 ausim
491 1331 596 1369 hanc
627 1331 768 1369 urbem
800 1332 957 1379 integro
989 1329 1118 1379 gradu
1148 1331 1194 1368 in
1226 1330 1426 1368 orientem
1454 1341 1697 1379 promovere

364 1416 709 1480 Keplerus:
752 1417 858 1465 Etsi
897 1417 955 1466 de
994 1416 1298 1480 longitudine
1336 1417 1641 1466 Dantiscana
1679 1416 1843 1466 nolim,
1869 1432 1929 1466 ex
1966 1420 2109 1465 unica
2147 1417 2315 1480 eclipsi
2354 1431 2474 1466 con-

222 1489 427 1545 cludere,
469 1489 590 1537 nihil
630 1497 793 1538 tamen
831 1491 1070 1553 impedior
1106 1490 1507 1553 navigationibus
1536 1490 1730 1550 crebris,
1773 1504 1867 1553 quo
1897 1491 2056 1539 minus
2081 1492 2140 1538 iis
2179 1491 2260 1540 vel
2286 1492 2474 1553 integra

221 1564 285 1610 15
327 1562 585 1611 obtrudam
623 1562 878 1623 milliaria,
917 1566 960 1611 si
998 1566 1063 1611 sit
1103 1578 1241 1625 ορυε,
1281 1562 1461 1611 nedum
1500 1570 1554 1611 ut
1592 1566 1640 1610 in
1679 1563 1774 1612 hoc
1810 1563 2047 1626 parallelo
2095 1570 2221 1612 octo.
2296 1563 2475 1611 Totum

217 1634 268 1682 id
307 1635 619 1684 excusabitur
657 1651 742 1698 per
779 1635 929 1699 longa
970 1642 1017 1684 et
1057 1637 1227 1685 brevia
1266 1635 1505 1684 milliaria.
1580 1636 1708 1684 Nam
1744 1652 1774 1685 a
1813 1636 2046 1700 Tychone
2084 1636 2259 1697 habeo,
2299 1651 2474 1686 nume-

212 1710 309 1757 rari
348 1708 577 1757 milliaria
622 1710 747 1770 1003
801 1715 852 1757 at
897 1705 996 1757 100
1036 1708 1288 1758 brevicula
1340 1715 1388 1758 et
1430 1711 1495 1757 92
1535 1706 1843 1772 longiuscula
1890 1716 2023 1758 stant
2068 1710 2212 1772 juxta
2250 1711 2474 1759 invicem.

212 1780 418 1831 Solebat
454 1781 537 1831 ille
576 1781 669 1830 hoc
708 1781 963 1844 problema
1000 1797 1298 1845 proponere:
1359 1782 1514 1846 „Dic‚
1573 1784 1750 1845 quibus
1799 1784 1848 1830 in
1889 1785 2025 1831 terris
2072 1803 2127 1833 το
2167 1787 2474 1848 ’νυχθημερον

209 1856 273 1902 sit
309 1854 510 1917 longum
549 1856 615 1902 25
656 1854 837 1903 horas?
912 1854 1090 1922 Resp.:
1146 1857 1194 1902 in
1234 1856 1364 1916 navi,
1406 1870 1531 1917 quac
1571 1856 1784 1904 secundo
1823 1863 1972 1905 vento
2013 1856 2250 1904 Dantisco
2290 1859 2337 1903 in
2377 1858 2474 1905 frc-

198 1933 314 1996 ‘tum
355 1923 608 1981 Sonticum
648 1928 850 1976 advolat
886 1930 1013 1976 intra
1052 1928 1180 1976 diem
1219 1935 1268 1977 et
1305 1930 1546 1977 noctem.“
1633 1928 1767 1977 Alias
1808 1944 1898 1992 ego
1946 1928 2056 1991 plus
2094 1929 2191 1977 fido
2231 1928 2474 1979 Solarium

211 2000 463 2063 eclipsium
521 2001 948 2051 observationibus
996 2001 1354 2051 mathematicis
1415 2015 1504 2064 pro
1554 2001 1826 2051 differentia
1892 2002 2211 2065 longitudinis
2258 2002 2474 2052 locorum

216 2073 589 2135 observationiS‚
633 2090 781 2137 quam
819 2074 1099 2135 Lunarium‚
1143 2077 1259 2138 quia
1297 2076 1345 2121 in
1382 2074 1459 2123 his
1497 2073 1642 2124 valde
1682 2077 1874 2124 variant
1916 2075 2044 2124 oculi
2086 2076 2401 2125 diversorum.

353 2172 634 2223 Oriigerus:
669 2175 731 2213 De
747 2175 957 2218 Poloniae.
987 2176 1176 2226 Russiae,
1209 2175 1462 2214 Lithuaniae
1486 2177 1559 2214 etc.
1591 2175 1826 2214 intervallis
1854 2176 2079 2215 itinerariis
2111 2188 2216 2227 quae
2246 2178 2367 2229 petie,
2401 2189 2472 2217 ex-

210 2232 371 2284 quirere
405 2233 572 2283 quidem
601 2245 675 2283 per
705 2235 964 2273 occasionem
996 2238 1154 2288 potero,
1188 2234 1260 2272 sed
1290 2233 1510 2273 intervalla
1539 2237 1728 2286 tantum3
1763 2245 1848 2272 non
1881 2235 1991 2273 enim
2023 2235 2094 2274 isti
2125 2236 2378 2285 positionem
2407 2248 2473 2275 re-

210 2294 352 2340 spectu
384 2290 600 2341 plagarum
632 2291 777 2330 mundi
809 2293 869 2331 sic
900 2294 1144 2337 observant,
1182 2294 1231 2331 u‘t
1260 2292 1359 2330 inde
1390 2303 1489 2330 vera
1517 2292 1600 2330 loci
1629 2291 1846 2341 longitudo
1889 2305 1938 2332 ac
1979 2294 2158 2332 latitudo
2198 2296 2333 2344 possit
2371 2296 2472 2336 erui.

209 2348 424 2396 Quaenam
454 2348 532 2388 illa
565 2351 661 2399 sint,
704 2362 810 2402 quae
842 2352 1051 2400 prioribus
1081 2349 1216 2390 literis
1246 2362 1319 2401 per
1350 2348 1682 2390 Olomuciensem
1713 2351 1974 2390 tabellarium
2005 2351 2059 2390 ad
2090 2363 2155 2391 me
2187 2353 2296 2392 datis
2328 2356 2368 2391 te
2400 2364 2472 2403 ρε-

205 2408 324 2446 tiisse
356 2410 563 2457 significas
587 2421 607 2447 e
628 2408 869 2448 Ptolemaeo
903 2409 1186 2476 supputanda,
1218 2419 1301 2448 non
1332 2407 1537 2461 intelligo,
1572 2409 1777 2459 siquidem
1808 2408 1902 2449 illas
1934 2411 2049 2449 liter2
2033 2423 2074 2449 2s
2106 2414 2179 2449 aut
2210 2409 2472 2451 tabellarium

207 2477 291 2504 non
323 2466 424 2508 vidi.
471 2468 722 2507 Viennensis
751 2468 821 2506 hic
852 2469 922 2521 ait,
954 2469 1015 2507 ibi
1047 2469 1199 2518 spargi,
1229 2468 1435 2506 hominem
1469 2471 1543 2505 aut
1574 2469 1755 2507 occisum
1787 2473 1858 2506 aut
1888 2470 2155 2510 submersum.
2219 2470 2351 2519 Igitur
2373 2471 2472 2520 quid

206 2522 310 2563 velis
344 2520 478 2564 denuo
508 2519 645 2565 scribe
677 2530 718 2565 et
749 2537 871 2576 opera
901 2538 1003 2580 mea,
1037 2527 1074 2565 si
1105 2538 1187 2578 qua
1217 2526 1415 2565 inservire
1445 2526 1617 2579 possim,
1650 2526 1848 2565 audacter
1877 2531 2003 2568 utere.
2067 2528 2267 2578 Tempore
2299 2529 2471 2567 hiberno

207 2582 359 2622 studiis
392 2585 676 2623 astronomicis
708 2585 812 2623 bene
845 2597 989 2624 vacare
1019 2596 1203 2638 possum,
1233 2585 1390 2624 aestivo
1421 2595 1506 2622 non
1535 2585 1657 2624 item:
1691 2595 1774 2623 non
1805 2586 1912 2624 enim
1946 2587 1996 2624 ab
2029 2587 2285 2636 amplissimo
2316 2589 2471 2627 Senatu

208 2642 466 2693 stipendium
497 2643 631 2682 habeo
663 2643 953 2701 principaliter
984 2645 1035 2682 ob
1069 2644 1377 2696 astronomiam,
1409 2643 1481 2682 sed
1516 2643 1567 2681 ob
1601 2643 1688 2682 alia
1710 2644 1877 2692 negotia
1909 2645 2092 2694 practica
2123 2650 2163 2684 et
2193 2647 2471 2685 mensuratio-

207 2711 291 2750 nes,
325 2702 477 2750 quibus
508 2702 732 2755 potissima
762 2713 856 2752 pars
890 2703 1048 2741 aestiva
1079 2702 1325 2741 absumitur.

353 2788 706 2852 Keplerus:
768 2788 922 2838 Grata
977 2796 1050 2839 est
1105 2796 1191 2838 tua
1243 2788 1541 2853 promtitudo
1600 2767 1648 2836 in
1705 2789 2014 2852 suscipiendo
2071 2790 2273 2839 calcula
2351 2791 2472 2841 Peto

212 2861 360 2922 igitur
401 2861 588 2922 denuo,
630 2869 698 2922 ut,
741 2862 976 2925 quidquid
1020 2869 1091 2911 cst
1132 2864 1531 2911 observationum
1582 2864 1628 2908 in
1668 2861 1980 2923 Ptolemaeo,
2035 2863 2083 2911 id
2124 2871 2375 2929 computes
2414 2879 2474 2914 ex

205 2932 386 2982 tabulis
428 2933 697 2983 Ptolemaei
737 2938 1108 2999 praeceptisque
1153 2937 1273 2999 ejus,
1314 2936 1400 2985 sed
1440 2942 1485 2984 et
1527 2951 1583 2983 ex
1621 2935 1910 2995 PrutenieiS‚¹
1951 2938 2074 2983 sicut
2114 2938 2238 2986 facit
2258 2938 2468 2986 Buntin-

205 3020 295 3068 gus
348 3007 397 3053 in
439 3007 748 3068 quibusdam.
827 3009 918 3057 Ille
970 3015 1138 3058 auctor
1193 3024 1339 3071 saepe
1389 3008 1552 3056 fucum
1602 3008 1742 3070 facit,
1798 3009 2140 3057 commendans
2180 3025 2468 3060 consensum

210 3079 571 3128 observationis
611 3095 719 3128 cum
760 3081 964 3140 calculo,
1008 3085 1096 3131 etsi
1138 3089 1304 3130 tantus
1343 3096 1439 3129 non
1480 3080 1735 3143 invenitur.
1812 3080 1868 3129 In
1902 3082 2124 3144 epistola,
2167 3099 2311 3145 quam
2343 3082 2468 3133 Olu-

206 3154 427 3200 mucensi
466 3152 658 3213 tradidi,
699 3154 851 3202 multa
891 3157 1176 3218 scripseram
1218 3155 1276 3203 de
1318 3155 1589 3203 observatis
1627 3154 1897 3202 Ptolemaei
1938 3160 1996 3202 et⁴
2022 3155 2146 3215 aliie,
2190 3156 2247 3204 de
2289 3158 2467 3221 quibus

208 3232 345 3273 tuum
386 3226 678 3298 cupivissem
718 3226 884 3275 audire
919 3227 1182 3293 judicium3
1232 3230 1273 3275 si
1312 3234 1424 3276 sunt
1462 3229 1696 3288 amissae,
1757 3227 1913 3275 doleo.
1990 3226 2299 3278 Tabellarins
2338 3237 2464 3278 certe

205 3299 253 3344 in
294 3299 456 3345 animo
495 3312 594 3346 non
631 3288 805 3347 habuit
841 3302 1015 3361 perire.

348 3396 429 3436 Gr
419 3400 483 3446 ug
499 3409 520 3436 e
535 3409 555 3436 r
567 3410 592 3436 u
604 3410 642 3438 s.
678 3397 899 3438 Vidistine
917 3399 1102 3439 Diclides
1127 3400 1444 3442 Coelometricas
1465 3399 1730 3441 Nathanaelis
1754 3400 1996 3449 Torporlaei
2012 3401 2170 3449 Angliz
2203 3401 2314 3451 Quid
2346 3403 2463 3443 wide·
2530 3451 2531 3454 Ἴ
2556 3403 2560 3435 fi

204 3459 298 3496 tur?
361 3456 406 3495 Si
435 3452 621 3497 nondum
655 3457 808 3495 videris
840 3458 958 3511 scito,
991 3462 1199 3498 auctorem
1240 3472 1387 3508 magna
1424 3461 1612 3511 polliceri
1650 3461 1694 3497 in
1737 3459 1835 3497 libri
1865 3459 2137 3508 frontispicio.
2201 3460 2248 3498 ln
2281 3462 2461 3500 secundo

204 3516 331 3565 libro,
376 3514 535 3567 inquit,
580 3516 713 3563 agitur
750 3515 884 3565 primo
926 3516 975 3554 de
1007 3529 1112 3555 nova
1144 3522 1231 3556 arte
1274 3518 1676 3571 prosthaphaeretica
1707 3517 1992 3569 planetarum,
2045 3529 2149 3567 quae
2180 3519 2271 3556 sinc
2303 3521 2461 3558 auxilio

203 3573 514 3612 subdititiorum
545 3572 831 3623 scrupulorum
861 3576 1234 3624 proportionalium
1264 3576 1367 3615 adeo
1400 3576 1642 3626 generaliter
1680 3574 1915 3627 perficitur-j,
1964 3579 2011 3613 ut
2053 3577 2244 3614 omnibus
2277 3579 2461 3616 omnium

203 3636 529 3672 astronomorum
560 3631 860 3680 hypothesibus
893 3633 1062 3681 cyclicis
1084 3637 1125 3671 et
1146 3635 1458 3687 phaenomenis,
1490 3630 1698 3686 utcunque
1720 3637 1906 3683 tempore
1927 3632 2213 3687 mutabilibus,
2248 3647 2320 3685 per
2341 3637 2460 3676 hasce

203 3690 367 3732 tabulas
397 3690 591 3728 satisfieri
621 3691 767 3739 possit.
831 3690 878 3728 In
912 3691 1096 3730 secunda
1125 3697 1242 3742 parte
1273 3698 1483 3742 postremo
1515 3694 1652 3742 agitur
1675 3693 1724 3731 de
1756 3692 1947 3730 absoluta
1979 3697 2018 3731 et
2048 3691 2251 3732 facillima
2273 3694 2460 3734 doctrina

200 3748 503 3797 triangulorum
542 3748 873 3797 sphaericorum,
919 3751 1109 3789 universo
1155 3751 1349 3790 nimirum
1391 3752 1563 3791 artificio
1604 3751 1660 3789 ad
1691 3752 1714 3788 6
1757 3750 1930 3788 verbula
1974 3751 2136 3790 redacto
2168 3756 2209 3790 et
2238 3754 2281 3791 in
2314 3753 2458 3791 ordine

201 3802 419 3845 tractabili
447 3817 521 3855 per
550 3807 698 3845 mitrae
728 3808 898 3855 figuram
930 3804 1043 3859 (hine
1074 3811 1195 3847 vocat
1223 3807 1624 3863 mitrosphaericam)
1655 3806 1873 3862 disposito,
1906 3808 2015 3848 unde
2045 3811 2174 3849 totius
2205 3795 2459 3860 pragmatiae

201 3865 381 3904 facultas
413 3867 679 3914 comparatur
699 3868 739 3904 et
759 3865 847 3904 sine
868 3866 1067 3915 perplexa
1088 3868 1426 3917 praeceptionum
1445 3867 1725 3908 inculcatione
1748 3871 2022 3919 conservatur,
2051 3869 2140 3908 sive
2163 3870 2256 3920 quis
2279 3871 2456 3910 auctoris
