2560 4100
216 137 283 185 54
848 128 1084 186 Epistolae
1112 128 1300 187 Kepleri
1329 130 1609 187 aliorumque
1637 133 1823 178 mutuae

222 281 449 331 absolute
500 293 731 342 magnum
782 284 867 328 aut
918 279 1100 341 celere,
1153 278 1283 341 quod
1322 278 1478 326 latens
1515 279 1876 340 imaginationis
1923 295 2053 331 error
2089 286 2179 332 est.
2253 282 2316 330 Et
2352 281 2468 344 quid

223 359 360 413 tum,
411 354 454 401 si
494 353 642 400 etiam
680 350 843 400 Solem
882 352 1050 402 credas
1085 350 1308 400 moveri?
1380 350 1554 399 Nonne
1603 358 1649 400 et
1685 351 1780 400 hoc
1814 355 2018 411 mirum,
2070 360 2256 403 tantum
2295 368 2468 417 corpus

221 427 390 476 dietim
431 426 707 488 promoveri
746 424 935 474 duabus
974 427 1075 473 suis
1115 424 1508 479 semidiametris,
1549 423 1714 473 decem
1753 424 1968 475 Terrae?

364 498 421 545 In
463 497 727 560 hypothesi
753 497 949 558 Lunari,
989 512 1116 560 quae
1154 499 1298 546 tertia
1335 501 1421 543 tua
1459 501 1532 543 est
1569 497 1780 559 objectio
1821 504 1986 547 contra
2012 514 2146 548 meas
2173 497 2470 562 speculatio-

217 585 316 630 nes,
364 569 674 619 difficultates
715 571 787 619 ais
825 575 874 618 te
910 570 1076 619 videre
1126 571 1389 628 maximas3
1438 581 1530 629 ego
1582 583 1698 618 vero
1737 570 1873 619 nulla
1909 573 1958 618 in
1983 571 2125 621 Luna
2163 587 2285 635 opus
2310 573 2469 621 habeo

216 643 498 704 libratione,
541 642 737 705 qualem
773 643 992 692 Braheus
1041 640 1355 706 computandi
1393 653 1543 689 causa
1580 644 1766 691 statuit.
1843 643 2031 693 Sufficit
2074 645 2193 693 mihi
2245 647 2292 692 in
2329 646 2471 693 Luna

219 715 468 780 duplicem
511 717 610 764 vim
647 717 970 777 magneticam
1007 721 1246 774 statuere,
1304 712 1511 761 alteram
1545 727 1807 775 perennem
1845 718 1893 763 in
1932 718 2040 779 ipso
2079 732 2305 781 corpore,
2346 717 2471 766 alte-

215 804 316 837 ram
354 788 646 838 variabilem
686 804 746 838 ex
783 788 1153 836 illuminatione.
1231 785 1330 835 Sed
1367 785 1491 834 haec
1528 793 1600 835 est
1638 789 1842 837 materia
1869 787 2138 853 Hipparchi
2175 793 2284 851 mei,
2324 806 2467 853 quem

215 875 355 925 spero
393 876 470 911 me
510 861 886 923 elaboraturum,
927 862 1011 910 ubi
1049 875 1126 909 me
1165 859 1229 908 ad
1267 859 1480 922 quietem
1520 873 1853 923 composuero‚
1893 861 2002 911 Deo
2039 865 2193 912 vitam
2216 863 2468 926 largiente.

357 933 411 984 Si
451 935 579 982 viam
618 934 844 997 planetae
884 948 944 982 ex
982 932 1218 982 helicibus
1256 933 1530 995 componis,
1585 933 1705 983 doce
1747 941 1794 982 et
1834 934 2057 995 modum,
2098 950 2194 997 quo
2232 952 2318 999 per
2357 937 2468 985 illas

215 1007 323 1072 vias
362 1007 621 1056 incitentur
673 1008 776 1056 sine
827 1005 996 1055 solidis
1044 1006 1259 1055 orbibus.
1332 1004 1439 1068 Ego
1494 1020 1553 1054 ex
1592 1007 2018 1056 observationibus
2067 1009 2260 1059 ovalem
2296 1008 2470 1058 Martis

215 1081 348 1129 viam
387 1079 546 1140 docui,
586 1094 647 1128 ex
682 1079 890 1143 physica
928 1084 977 1128 et
1015 1080 1282 1141 geometria
1319 1091 1494 1127 causas
1534 1080 1740 1141 ostendi,
1781 1081 1959 1144 quibus
1997 1081 2122 1132 haec
2141 1081 2296 1145 figura
2330 1089 2466 1132 motu

214 1152 443 1217 planetae
483 1153 967 1203 circumscriberetur.

357 1226 549 1274 Lunam
589 1224 793 1274 eandem
829 1225 971 1281 nobis
1009 1229 1112 1273 toto
1150 1239 1316 1274 mense
1355 1229 1556 1287 totaque
1594 1230 1737 1274 nocte
1776 1225 1950 1275 faciem
1988 1226 2242 1278 ostendere
2279 1242 2356 1277 res
2396 1235 2470 1277 est

216 1304 358 1348 certa.
433 1298 501 1347 At
547 1297 664 1360 quid
720 1298 812 1346 hoc
865 1297 929 1347 ad
967 1297 1206 1347 Terram?
1279 1297 1408 1346 Num
1462 1311 1585 1360 opus
1634 1298 1723 1347 tibi
1769 1314 1877 1349 esse
1915 1300 2135 1362 videtur,
2195 1306 2251 1350 ut
2302 1315 2470 1351 omnes

214 1372 444 1435 planetae
484 1371 656 1420 eodem
692 1376 827 1420 motu
863 1370 1202 1420 moveantur?¹
1261 1371 1414 1433 Atqui
1452 1371 1714 1420 verisimile
1754 1379 1862 1434 est,
1884 1372 2125 1422 Venerem
2163 1374 2469 1438 rapidissime

218 1445 367 1494 rotari
407 1447 535 1493 circa
572 1459 714 1492 suum
753 1459 917 1506 axem,
968 1444 1092 1493 adeo
1130 1450 1185 1492 ut
1224 1458 1283 1492 ea
1319 1444 1496 1492 rotatio
1536 1444 1596 1492 ad
1636 1458 1834 1493 sensum
1870 1448 2027 1495 notari
2065 1449 2222 1511 possit
2259 1447 2469 1510 indeque

218 1520 280 1567 sit
320 1518 426 1580 ejus
465 1517 764 1574 scintillatio.
838 1518 903 1566 Et
938 1516 1135 1580 Jupiter
1171 1517 1343 1579 procul
1381 1515 1528 1565 dubio
1567 1523 1754 1566 rotatur
1792 1520 1920 1568 circa
1958 1534 2126 1580 axem,
2165 1525 2218 1568 ut
2254 1521 2347 1570 hac
2386 1535 2468 1570 ro-

218 1592 402 1640 tatione
441 1604 607 1640 secum
646 1591 894 1640 circumire
932 1591 1080 1639 faciat
1118 1596 1326 1652 quatuor
1363 1603 1480 1638 suos
1518 1587 1943 1654 satellites,‘quos
1982 1595 2251 1642 certissimo
2290 1595 2466 1642 intuitu

215 1662 437 1713 videmus
476 1665 623 1714 etiam
660 1665 710 1710 in
737 1662 1002 1713 Germania
1038 1662 1350 1726 ridemusque
1376 1658 1553 1712 Sitium
1594 1671 1807 1712 vestrum
1846 1671 2160 1729 nostrumque
2195 1665 2464 1731 Horkyum‚

216 1737 473 1787 manifesta
510 1741 759 1799 negantes.
801 1740 1238 1796 (Comp.vol.11.453
1254 1745 1324 1791 ss.)
1399 1735 1652 1799 Denique,
1703 1739 1744 1785 si
1783 1737 1894 1788 ideo
1933 1738 2083 1788 Terra
2131 1753 2229 1788 non
2266 1747 2467 1802 rotatur,

221 1812 336 1874 quia
374 1809 515 1859 Luna
549 1824 648 1859 non
686 1815 898 1870 rotatur,
948 1810 1195 1873 oportebit
1232 1822 1391 1872 neque
1428 1808 1594 1858 Solem
1631 1811 1795 1859 rotari.
1870 1811 2022 1874 Atqui
2062 1811 2284 1862 maculae
2322 1812 2467 1862 Sola-

215 1899 291 1934 res
330 1885 626 1933 circumeunt
663 1885 712 1930 in
751 1882 886 1932 disco
925 1882 1056 1932 Solis
1095 1881 1454 1945 absolvuntque
1492 1882 1747 1945 periodum
1785 1884 1924 1933 citius
1964 1899 2061 1933 uno
2100 1900 2280 1935 mense.

359 1954 743 2006 Observationes
781 1956 1049 2019 eclipsium,
1087 1954 1399 2005 altitudinum
1437 1954 1568 2005 Solis
1606 1962 1654 2006 et
1694 1955 2073 2007 declinationum
2111 1959 2351 2023 magnetis
2390 1960 2467 2009 vi·
2555 1969 2560 2018 ,ξ

227 2028 338 2080 dere
379 2031 551 2094 cupio;
591 2044 717 2093 quae
758 2031 799 2077 si
836 2032 948 2078 usui
987 2030 1178 2079 suturae
1215 2035 1355 2089 sunt,
1396 2028 1569 2078 cedent
1605 2029 1694 2078 tibi
1731 2029 1918 2080 honori.

362 2103 828 2163 Eccentricitatibus‚
870 2117 992 2166 quas
1030 2102 1200 2167 Tycho
1239 2101 1400 2151 Brahe
1440 2103 1704 2164 constituit,
1746 2117 1838 2167 ego
1877 2105 1948 2153 uti
1985 2117 2083 2153 non
2118 2103 2270 2165 solen,
2313 2119 2468 2169 eoque

220 2175 287 2237 fit,
327 2182 382 2224 ut
420 2175 707 2226 delitescant
744 2177 870 2225 inter
906 2190 1041 2225 meas
1079 2176 1272 2225 chartas
1309 2189 1400 2224 nec
1437 2174 1576 2225 facile
1609 2176 1712 2239 jam
1742 2178 1944 2226 inveniri
1973 2178 2177 2240 possint.
2251 2178 2468 2228 Limavit
2556 2175 2560 2221 ’ἶ

219 2254 382 2299 autem
421 2255 610 2300 veteres
649 2249 904 2313 Copernici
942 2246 1016 2315 (ut
1054 2248 1211 2299 dicere
1261 2254 1336 2298 est
1372 2247 1566 2311 solitus)
1607 2250 1873 2300 secundum
1922 2265 2132 2314 aequum
2184 2256 2232 2301 et
2270 2253 2466 2314 bonum,

219 2324 557 2375 aestimatione
595 2338 712 2372 usus
750 2337 846 2371 non
885 2322 1011 2372 adeo
1050 2327 1234 2374 exacta.
2556 2365 2560 2386 2

359 2395 643 2445 Parallaxes
693 2395 998 2460 planetarum
1048 2394 1355 2455 insensibiles
1404 2408 1511 2444 esse
1565 2396 1800 2460 suspicor.
1874 2396 2000 2446 Nam
2039 2396 2210 2447 Martis
2266 2397 2468 2464 ‹inpovv-
2556 2448 2560 2450 ,

217 2487 349 2535 χιους
385 2468 771 2519 animadvertere
821 2483 917 2518 non
955 2471 1118 2533 potui,
1172 2468 1376 2518 Veneris
1416 2483 1558 2530 vero,
1610 2470 1700 2519 etsi
1738 2474 1851 2518 sunt
1888 2471 2098 2533 majores
2150 2473 2199 2519 in
2237 2473 2465 2536 perigaeo
2558 2507 2560 2512 -

220 2542 442 2606 epicyeli,
481 2547 533 2592 at
570 2542 657 2592 illa
692 2548 809 2606 tunc
845 2557 943 2591 non
982 2548 1055 2592 est
1094 2543 1373 2605 conspicua.
1450 2541 1525 2602 Si,
1564 2540 1696 2604 quod
1733 2542 1903 2606 Tycho
1942 2545 1992 2591 in
2030 2543 2323 2607 quibusdam
2361 2547 2469 2609 epi-

217 2615 355 2664 stolis
395 2620 477 2665 est·
506 2616 766 2679 professuS,
805 2615 979 2665 Martis
1016 2615 1292 2678 parallaxes
1330 2614 1540 2677 maj01es
1580 2619 1742 2664 essent
1768 2615 2036 2678 Solaribus,
2079 2623 2130 2666 ut
2157 2624 2320 2668 essent
2357 2620 2469 2681 qui-

219 2688 347 2750 dem,
389 2691 432 2738 si
471 2690 890 2753 conspicerentur:
941 2702 1119 2752 magno
1156 2683 1401 2752 praesidio
1450 2690 1711 2737 niteremur
1756 2695 1925 2738 contra
1971 2690 2308 2741 oblocutiones
2345 2692 2469 2742 Pto·
2557 2721 2560 2731 ι

217 2762 392 2812 lernaei
430 2761 790 2827 discipulorum.

367 2834 523 2898 Cupio
563 2838 710 2887 etiam
748 2843 882 2885 tuam
921 2833 1160 2898 dirigendi
1197 2832 1479 2883 methodum
1517 2834 1709 2895 videre,
1749 2840 1805 2884 ut
1842 2849 1951 2885 cum
1987 2851 2097 2886 mea
2133 2837 2303 2888 itidem
2338 2853 2470 2893 nova

228 2920 521 2970 comparem.
594 2910 704 2958 Non
743 2907 969 2972 equidem
1017 2907 1150 2971 quod
1188 2909 1515 2971 experientiae
1561 2908 1854 2971 respondeat
1890 2905 2127 2975 (sufficere
2166 2913 2294 2961 enim
2329 2918 2466 2976 putu,
2548 2956 2553 2964 .

226 2982 270 3030 si
308 2983 575 3044 praemium
613 2982 909 3048 respondeat
952 2981 1110 3031 labori
1148 2980 1383 3044 dirigendi
1419 2980 1530 3030 loca
1565 2979 1844 3048 geneseos),
1896 2982 1984 3032 sed
2021 2989 2077 3032 ut
2112 2984 2334 3047 videam,
2392 2987 2468 3035 cui

220 3055 397 3103 rationi
434 3056 668 3104 innitaris.
741 3055 859 3105 Mea
896 3057 1077 3119 quippe
1114 3057 1237 3104 ratio
1275 3055 1513 3104 naturalis
1551 3060 1639 3103 est.

363 3126 438 3176 De
464 3127 655 3178 Venere
694 3143 838 3189 erras,
877 3128 1107 3192 periodus
1135 3128 1240 3191 ejus
1278 3133 1354 3177 est
1381 3123 1559 3197 224²]3
1600 3127 1812 3189 dierum,
1852 3128 1922 3176 tui
1950 3141 2064 3176 vero
2096 3128 2205 3178 583
2237 3136 2351 3180 sunt
2376 3131 2468 3180 nisi

219 3198 362 3250 fallor
393 3203 783 3251 commutationis
808 3202 1038 3264 periodus
1062 3207 1350 3265 tempusque
1371 3202 1498 3250 inter
1521 3201 1642 3250 duas
1663 3201 2026 3263 conjunctiones
2049 3200 2176 3250 Solis
2205 3209 2254 3251 et
2273 3203 2466 3254 Terrae.

365 3273 444 3323 De
484 3273 774 3324 Calendario
813 3276 959 3323 miror
998 3277 1146 3324 etiam
1181 3276 1343 3324 socios
1391 3274 1512 3323 mihi
1550 3289 1656 3324 esse
1694 3274 1809 3324 vani
1858 3279 1907 3322 et
1944 3274 2062 3321 irriti
2100 3273 2302 3326 laboris,
2381 3277 2469 3326 Est

224 3345 343 3394 mihi
394 3345 456 3395 ad
505 3362 679 3397 manus
729 3349 1107 3410 manuscriptum
1154 3347 1450 3411 colloquium
1506 3346 1565 3397 de
1614 3346 1903 3396 Calendario
1952 3345 2123 3409 lingua
2176 3347 2467 3411 Teutonica,

229 3418 360 3482 quod
400 3419 598 3469 Caesari
642 3435 890 3483 nunquam
926 3420 1119 3469 tradidi.
1197 3421 1318 3470 Cum
1353 3422 1490 3470 varia
1526 3434 1765 3482 moveam,
1802 3420 1956 3483 probo
1993 3424 2163 3479 tamen
2179 3422 2467 3484 popularem
2541 3467 2548 3475 s

223 3494 567 3543 correctionem
604 3496 739 3543 aurei
776 3495 979 3558 numeri,
1016 3508 1106 3543 nec
1130 3495 1301 3557 prob0‚
1340 3500 1532 3544 nostras
1569 3495 1780 3543 rationes
1820 3507 1926 3542 esse
1950 3492 2227 3543 subtiliores
2254 3494 2465 3545 Nicenis.

224 3565 399 3628 Itaque
439 3571 487 3614 et
523 3572 659 3615 tuam
695 3566 1117 3629 scrupulositatem
1159 3568 1286 3616 circa
1323 3583 1504 3616 annum
1545 3567 1681 3616 1598
1725 3567 2119 3630 intempestivam
2155 3572 2293 3629 puto·

368 3639 445 3688 De
489 3639 869 3691 Christianorum
906 3654 1021 3689 aera
1058 3638 1267 3701 dubitaS,
1307 3648 1497 3690 rectene
1539 3641 1674 3689 1612
1709 3640 1814 3702 ,iam
1851 3653 2172 3700 numeremus,
2212 3641 2301 3690 tibi
2339 3643 2465 3691 enim

230 3713 363 3760 1613
405 3713 757 3762 numerandum
795 3712 1002 3762 videtur.
1080 3712 1231 3775 Atqui
1270 3729 1298 3762 o
1337 3713 1490 3763 bone!
1531 3711 1724 3763 libellus
1762 3729 1793 3761 a
1829 3727 1907 3763 me
1945 3718 2116 3774 exstat,
2156 3714 2205 3760 in
2234 3728 2331 3777 quo
2368 3729 2466 3763 non

228 3787 365 3833 1612
407 3785 485 3833 vel
530 3787 682 3847 1613,
719 3785 805 3835 sed
848 3787 982 3834 1617
1023 3785 1374 3837 numerandum
1412 3785 1669 3843 contendo.
1741 3785 1878 3837 Nihil
1923 3791 2084 3838 tamen
2122 3785 2216 3837 hoc
2265 3787 2329 3838 ad
2368 3787 2466 3839 Ca-

225 3857 512 3912 lendarium.
555 3862 654 3923 (Gfr.
685 3866 767 3911 vol.
799 3866 872 3908 IV.
912 3877 953 3918 p.
989 3863 1102 3920 198.)
