2554 4140
169 99 271 147 702
925 85 1203 132 Tabularum
1235 85 1635 143 Rudolphinarum.

164 239 350 284 totalem
379 236 426 280 in
456 233 709 286 horizonte,
757 228 887 285 cujus
928 241 984 273 ex
1014 228 1360 285 Heptacosiadis
1399 233 1747 286 sexagesimaria
1777 231 1981 277 exscribe
2019 228 2108 285 log.
2149 228 2407 285 logisticam

165 305 295 362 eique
325 300 440 347 adde
468 297 556 352 log.
590 295 832 339 distantiae
873 298 913 348 2)
950 308 977 338 a
1008 294 1175 339 vertice
1207 307 1263 338 ex
1295 307 1467 339 canone
1499 297 1784 354 quadrantis,
1825 298 1902 354 qui
1931 296 2049 341 idem
2087 300 2157 339 est
2186 294 2276 352 log.
2308 295 2406 339 alti-

163 369 332 413 tudinis
374 370 414 419 2)
451 361 740 415 observatae3
789 372 978 414 summa,
1026 360 1073 403 in
1090 361 1349 423 *Heptacos
1381 361 1607 417 quaesita,
1654 361 1836 407 exhibet
1868 362 1914 406 in
1946 360 2154 406 columna
2183 359 2410 415 sexagesi-

162 434 303 476 maria
332 426 584 487 parallaxin
613 423 889 481 altitudinis,
931 438 1067 481 quam
1107 427 1223 472 adde
1253 426 1492 484 <logistice,
1533 427 1571 471 si
1602 440 1716 483 opus
1745 429 1829 483 est)
1859 427 1916 471 ad
1947 427 2024 471 alt.
2066 423 2288 469 visibilem
2327 436 2408 468 seu

164 499 466 551 observatam,
505 498 552 536 et
590 489 779 535 habebis
816 503 982 535 veram.
1046 493 1280 538 Contraria
1317 494 1492 538 ratione
1529 498 1751 538 tractares
1779 492 2039 538 distantiam
2078 506 2105 536 a
2134 490 2301 535 vertice
2331 488 2409 534 ob-

161 565 403 616 servatam,
435 564 487 604 ut
515 561 673 615 pateat
702 569 820 601 vera.

304 640 590 698 Exemplum.
651 637 719 681 Sit
748 634 992 692 parallaxis
1021 643 1121 684 tota
1149 638 1395 684 horizontis
1428 640 1518 697 53⁴,
1566 652 1623 683 ex
1654 637 1878 684 anomalia
1906 643 2156 694 coaequata
2185 637 2294 682 136⁰.
2323 635 2411 680 30¹.

158 707 273 764 Ejus
304 706 394 762 log.
435 710 506 749 est
534 704 779 761 privativus
811 726 866 732 —·
898 703 1027 750 4886.
1089 706 1157 751 Sit
1188 706 1264 750 alt.
1306 709 1346 760 3)
1382 705 1463 751 29⁰
1492 706 1584 760 30‘,
1626 704 1716 762 log.
1754 703 1914 756 138305
1953 703 2059 747 hinc
2100 702 2262 748 ablatis
2292 701 2407 747 4886

161 772 298 829 (quod
329 776 399 816 est
429 769 597 815 addere
627 770 933 830 privativum),
974 777 1117 816 restat
1146 772 1285 828 8994,
1308 771 1407 830 3qni
1435 773 1486 816 ut
1514 770 1736 826 positivus
1772 768 1819 812 in
1849 769 2196 823 sexagesimaria
2227 767 2410 812 sinistra

159 839 405 896 quaesitus,
439 837 636 882 ostendit
668 838 738 883 54¹
760 841 844 886 50⁴¹
874 837 1138 896 parallaxin,
1159 837 1421 882 altitudinis.
1482 836 1600 880 Vera
1623 834 1758 892 igitur
1788 833 1980 878 altitudo
2012 834 2096 878 erit
2117 834 2196 881 30⁰
2215 834 2285 879 24¹
2308 832 2407 877 50¹2

299 905 408 951 Nro.
439 904 538 949 133.
602 903 739 959 Cujus
778 907 846 950 rei
885 901 1190 961 conficiendae
1231 901 1481 946 doctrinam
1522 901 1806 946 utilissimam
1844 900 2008 945 tradidi
2050 905 2153 945 ante
2183 912 2323 946 annos
2353 899 2405 943 21

156 971 203 1015 in
231 973 355 1015 Astr.
387 973 516 1025 parte
546 967 727 1026 Optica‚
769 985 854 1015 nec
878 966 942 1014 'ex
973 982 1027 1014 eo
1059 969 1299 1030 quicquam
1342 967 1492 1013 inveni
1525 967 1812 1013 commodius.
1831 1014 1846 1022 ,
1875 967 1985 1012 Cum
2022 967 2162 1025 igitur
2190 965 2409 1023 plurimus

157 1037 216 1082 sit
243 1035 381 1092 hujus
410 1033 707 1091 parallaxium
740 1034 972 1081 doctrinae
1003 1047 1114 1080 usus
1143 1033 1195 1077 in
1222 1034 1517 1091 astronomia,
1558 1047 1659 1079 cum
1692 1026 1932 1078 Reinlsoldi
1970 1031 2151 1078 tabulae
2190 1029 2410 1089 parallac-

156 1102 274 1147 ticae
317 1100 375 1145 ad
404 1099 591 1145 climata
633 1100 829 1158 diversa,
875 1114 1037 1158 magna
1068 1099 1411 1145 Prutenicarum
1441 1112 1571 1158 pars,
1618 1113 1704 1145 usu
1738 1100 1828 1145 sint
1857 1098 2095 1143 intricatae
2133 1102 2179 1142 et
2203 1088 2412 1140 ‘difficiles

156 1169 212 1214 ob
243 1167 558 1213 necessitatem
586 1167 726 1224 partis
758 1166 1131 1224 proportionalis,
1162 1167 1210 1211 in
1238 1172 1368 1212 tanta
1399 1166 1682 1223 obliquarum
1714 1166 2027 1212 ascensionum
2064 1169 2109 1208 et
2138 1163 2414 1220 nonagesimi

158 1234 390 1291 eclipticae
421 1231 588 1288 gradus
616 1233 849 1289 varietate,
885 1246 985 1278 cum
1014 1232 1060 1275 in
1093 1231 1339 1289 eclipsibus
1369 1233 1426 1289 Q
1457 1232 1577 1276 unici
1609 1232 1816 1290 scrupuli,
1840 1237 2042 1289 peccato,
2075 1230 2196 1287 quod
2226 1230 2272 1275 in
2300 1230 2412 1275 Pru-

160 1300 320 1345 tenicis
350 1297 649 1356 parallaxium
680 1298 849 1343 tabulis
881 1298 1095 1344 facillime
1126 1297 1432 1355 committitur,
1463 1298 1529 1342 rei
1560 1310 1733 1342 summa
1753 1303 1967 1353 vertatur,
1998 1302 2176 1342 noctem
2207 1309 2266 1341 an
2295 1297 2412 1342 diem

159 1365 361 1412 defectus
394 1365 450 1423 Q
483 1365 541 1408 sit
571 1369 914 1422 praestaturus:
948 1365 1056 1411 hinc
1086 1365 1200 1410 adeo
1232 1364 1469 1410 consilium
1501 1364 1619 1421 cepi,
1649 1377 1731 1421 per
1761 1365 1817 1410 90
1848 1363 2037 1408 tabellas
2069 1376 2244 1409 omnem
2273 1375 2411 1408 nona-

155 1431 311 1488 gesimi
341 1429 603 1477 varietatem
633 1429 679 1472 in
712 1435 870 1486 aperto
901 1443 1086 1487 ponere,
1118 1436 1170 1475 ut
1201 1443 1254 1474 eo
1286 1442 1343 1474 ex
1363 1428 1666 1486 Rudolphinis
1691 1429 1924 1486 depromto
1956 1427 2203 1474 calculator
2237 1430 2292 1475 de
2312 1429 2414 1474 reli·
2488 1456 2494 1461 ι

159 1510 248 1553 quo
278 1496 497 1541 rationem
526 1493 773 1540 diducendi
805 1495 1061 1554 parallaxes
1090 1496 1270 1550 Lunae,
1302 1493 1549 1540 secundum
1580 1500 1874 1552 praeceptum
1903 1495 1949 1540 in
1981 1495 2155 1552 Opticis
2185 1494 2412 1552 traditum,

154 1564 342 1610 facilem¹
368 1564 533 1610 habeat
564 1569 609 1628 et
638 1560 910 1620 expeditam.

298 1639 499 1684 Primum
529 1637 666 1694 igitur
694 1649 776 1692 per
808 1637 1077 1684 anomaliam
1098 1638 1270 1694 Lunae,
1301 1644 1353 1683 ut
1373 1635 1582 1695 proximo
1604 1641 1863 1694 praeceptO,
1894 1634 2141 1693 parallaxis
2162 1633 2412 1680 horizontis

156 1702 310 1750 totalis
351 1709 634 1762 excerpatur.
698 1702 873 1749 Deinde
912 1703 1159 1749 cavendum
1199 1702 1287 1748 hoc
1333 1702 1595 1748 calculatori
1641 1701 1902 1760 diligenter,
1951 1707 2002 1747 ut
2049 1714 2150 1747 cum
2192 1701 2413 1747 hactenus

88 1772 89 1775 ’
151 1766 300 1813 locum
329 1768 487 1813 Lunae
519 1769 754 1830 collegerit
784 1771 842 1817 ad
872 1774 1052 1827 tempus
1083 1769 1272 1827 aequale
1305 1768 1361 1814 ad
1393 1768 1627 1814 meridiem
1663 1767 2049 1826 Uraniburgicam,
2075 1768 2170 1824 jam
2201 1780 2336 1826 porro
2367 1767 2414 1811 in

142 1834 464 1892 parallaxibus
494 1835 760 1893 indagandis
793 1837 907 1883 sciat
937 1835 1023 1881 sibi
1044 1835 1323 1880 redeundum
1346 1847 1446 1879 esse
1477 1834 1534 1879 ad
1556 1841 1734 1892 tempus
1757 1848 1994 1893 apparens,
2026 1834 2411 1880 accommodatum

155 1906 277 1959 certo
308 1900 398 1945 loci
428 1901 690 1961 meridiano,
721 1917 804 1961 pro
837 1915 925 1960 quo
956 1901 1214 1960 parallaxes
1246 1901 1343 1946 vult
1366 1905 1640 1955 computare.
1703 1900 1851 1957 Quare
1882 1900 2128 1946 secundum
2162 1900 2410 1946 doctrinam

152 1966 282 2022 primi
311 1966 488 2012 mobilis
520 1982 603 2025 per
631 1968 783 2015 locum
803 1969 860 2028 Q
890 1982 1046 2014 verum
1078 1981 1134 2012 ex
1156 1967 1310 2012 tabula
1336 1973 1424 2012 asc.
1452 1972 1676 2012 rectarum
1702 1967 1987 2025 excerpenda
2007 1973 2077 2012 est
2095 1980 2185 2012 asc.
2208 1972 2334 2013 recta
2351 1967 2410 2024 Q

152 2031 284 2088 eique
316 2032 594 2090 adjiciendae
625 2041 732 2082 sunt
761 2035 901 2080 horae
942 2039 988 2078 et
1018 2033 1192 2078 minuta
1228 2032 1445 2089 temporis
1476 2033 1760 2089 apparentis,
1801 2033 1928 2091 prins
1966 2045 2050 2090 per
2089 2030 2411 2090 heptacosiada

152 2097 364 2143 redactae
395 2097 440 2141 in
470 2103 623 2154 partes
657 2105 703 2143 et
734 2098 947 2156 scrupula
972 2099 1259 2155 ‘aequatoris,
1296 2104 1348 2143 ut
1379 2099 1443 2142 sic
1474 2098 1698 2143 habeatur
1727 2111 1817 2143 asc.
1848 2105 1975 2143 recta
2004 2098 2139 2144 medii
2169 2098 2306 2156 coeli,
2337 2097 2409 2143 cui

152 2165 190 2208 si
219 2178 354 2220 porro
386 2163 657 2219 adjiciantur
687 2172 840 2225 partes
872 2168 949 2224 90,
987 2171 1238 2221 consurget
1277 2179 1366 2212 asc.
1399 2165 1583 2222 obliqua
1622 2165 1787 2221 gradus
1827 2166 2024 2212 orientis.
2086 2166 2260 2223 Tertio,
2307 2179 2407 2211 cum

149 2228 230 2275 alt.
261 2229 355 2286 poli
383 2228 581 2275 borealis
612 2231 851 2289 deligenda
881 2236 951 2276 est
979 2229 1143 2275 tabula
1175 2243 1265 2275 una
1295 2242 1353 2275 ex
1384 2230 1460 2284 90,
1502 2229 1549 2273 in
1581 2244 1670 2286 qua
1700 2230 1907 2287 quaesita
1937 2245 2030 2277 asc.
2061 2232 2243 2290 obliqua
2273 2232 2406 2278 horo-

155 2293 280 2350 scopi
311 2294 521 2340 ostendet
551 2302 597 2341 et
626 2297 816 2353 gradum
847 2295 1082 2353 eclipticas
1116 2295 1352 2350 orientem,
1394 2301 1439 2339 et
1471 2295 1708 2353 angulum,
1751 2308 1883 2352 quem
1913 2294 2124 2353 ecliptica
2165 2294 2274 2342 facit
2304 2311 2406 2343 cum

151 2358 398 2406 horizonte.
458 2361 583 2407 Haec
612 2362 835 2408 hactenus
868 2375 924 2407 ex
956 2361 1164 2408 doctrina
1194 2360 1327 2419 primi
1356 2361 1536 2407 mobilis
1566 2361 1753 2407 fuerunt
1771 2362 2030 2418 repetenda.
2084 2362 2270 2419 Quarto,
2300 2375 2406 2419 cog-

151 2425 247 2490 nito
289 2425 434 2481 gradu
475 2427 670 2487 oriente,
716 2427 858 2473 scitur
904 2426 1038 2472 etiam
1077 2427 1396 2484 nonagesimus
1437 2430 1542 2472 ante
1584 2426 1710 2471 illum
1754 2440 1892 2488 supra
1922 2426 2130 2486 Terram,
2171 2429 2197 2474 3
2236 2426 2407 2473 scilicet

151 2490 293 2546 signis
326 2496 448 2536 retro
479 2493 742 2539 numeratis.
776 2529 785 2539 .
823 2527 832 2536 .
867 2527 877 2537 .
915 2526 927 2538 .
964 2527 973 2537 .
1005 2507 1047 2539 v.
1081 2504 1116 2538 S.
1150 2491 1228 2536 fol.
1261 2492 1364 2539 700.

296 2565 524 2618 Praecepta
564 2580 588 2607 a
621 2570 718 2610 134.
762 2569 806 2607 in
839 2568 943 2611 185.
989 2567 1173 2608 referunt
1214 2567 1420 2608 calculum
1468 2569 1686 2620 eclipsium
1731 2571 1868 2624 iisque
1908 2571 2140 2612 inserviunt
2178 2570 2344 2611 tabulae
2383 2581 2407 2609 a

151 2624 224 2667 fol.
257 2625 312 2666 89
343 2626 389 2664 in
422 2626 519 2667 102.
581 2627 649 2666 Ad
678 2638 827 2666 usum
859 2628 1006 2666 aurei
1036 2638 1148 2666 num
1168 2627 1241 2666 eri
1271 2632 1323 2675 (v.
1357 2640 1388 2667 s.
1421 2639 1465 2679 p.
1498 2626 1616 2681 686.)
1646 2641 1785 2680 praec.
1819 2631 1915 2671 134.
1947 2630 2052 2671 haec
2082 2633 2245 2672 monet:

301 2698 353 2748 Si
391 2714 547 2748 annus
586 2702 865 2767 propositus
906 2715 1099 2750 currens
1137 2708 1417 2750 numeratus
1454 2701 1599 2752 fuerit
1636 2717 1666 2752 a
1704 2709 1820 2752 nato
1860 2703 2051 2753 Christo
2090 2708 2230 2765 retro,
2271 2701 2406 2751 auser

158 2771 263 2840 ejus
305 2773 655 2836 completorum
693 2788 945 2824 numerum
983 2790 1014 2824 a
1051 2776 1267 2839 proxime
1305 2772 1477 2838 majori
1517 2777 1730 2839 capitum
1768 2775 1956 2840 periodi
1993 2790 2232 2840 magnae,
2278 2787 2404 2837 quae

74 2869 76 2872 ·
155 2843 391 2908 adjuncta
430 2852 503 2895 est
542 2851 659 2910 typo
711 2848 846 2916 aurei
883 2849 1093 2908 numeri,
1152 2849 1226 2896 sin
1264 2862 1407 2910 porro
1461 2862 1548 2898 seu
1587 2854 1698 2912 post
1737 2848 2007 2911 Christum,
2065 2850 2169 2912 ejus
2206 2860 2405 2897 numero

155 2919 246 2980 ipsi
286 2917 414 2968 adde
455 2920 705 2968 minimum
744 2921 956 2983 capitum
994 2925 1107 2970 ante
1134 2920 1408 2983 Christum3
1447 2926 1532 2970 aut
1568 2922 1611 2969 si
1650 2927 1749 2970 tam
1787 2928 1859 2972 est
1895 2922 2129 2987 prolixus,
2167 2927 2222 2970 ut
2256 2933 2406 2983 supe-

156 2995 230 3039 ret
268 2997 416 3055 caput
453 2999 565 3056 post
603 2991 872 3053 Christum,
924 2993 1059 3042 aufer
1096 2994 1158 3042 ab
1199 3007 1256 3043 eo
1296 2995 1470 3057 capitis
1519 2993 1652 3043 illius
1690 2995 1978 3060 completos,
2029 3012 2058 3046 a
2094 2993 2288 3044 residuo
2325 2991 2406 3041 vel

156 3076 253 3111 uno
304 3064 387 3113 vel
437 3063 609 3126 altero]
638 3065 797 3128 abjice
850 3071 949 3115 tam
994 3068 1211 3131 proxime
1261 3068 1496 3116 minorem
1544 3067 1733 3129 periodi
1769 3082 2001 3132 magnae,
2055 3081 2199 3131 quam
2240 3065 2404 3131 cyclos

160 3133 628 3187 decemnovennales
666 3140 880 3201 integros
918 3153 1006 3188 seu
1044 3153 1196 3188 annos
1239 3140 1328 3200 19,
1379 3140 1474 3201 38,
1527 3140 1622 3202 57,
1666 3142 1749 3189 76.
1826 3140 1969 3204 Quod
2004 3141 2208 3191 restabit
2243 3141 2403 3188 minus

156 3220 254 3254 uno
295 3209 461 3272 cyclo,
515 3215 588 3259 est
629 3211 742 3264 anni
781 3207 1018 3276 propositi
1057 3226 1233 3262 aureus
1270 3226 1499 3262 numerus
1537 3222 1758 3275 currens,
1809 3215 1850 3262 si
1889 3213 2009 3264 nihil
2044 3213 2274 3274 restabit,
2319 3214 2400 3261 19.

157 3277 300 3340 Cadit
351 3287 513 3331 autem
550 3273 694 3333 ‘anno
743 3286 897 3348 primo
946 3284 1134 3348 periodi
1173 3284 1452 3351 Calippicae
1506 3287 1570 3335 76
1610 3300 1846 3336 annorum
1899 3285 1997 3353 (vel
2034 3285 2274 3336 Judaicae
2314 3281 2402 3350 84)

148 3356 267 3400 ante
305 3353 385 3401 vel
422 3361 534 3416 post
558 3355 811 3406 meridiem
837 3356 933 3419 diei
959 3359 1044 3407 23.
1070 3357 1237 3407 Martii
1273 3358 1579 3408 novilunium
1603 3357 1817 3409 medium
1852 3358 1984 3426 horis
2021 3358 2241 3420 totidem,
2281 3363 2401 3422 quot
2484 3416 2491 3424 ,

154 3424 466 3486 inveniuntur
515 3435 775 3479 annotatae
825 3429 889 3480 ad
939 3430 1192 3495 periodum
1244 3431 1609 3482 antecedentem
1658 3432 1970 3482 subtractam.
2044 3431 2112 3480 At
2163 3445 2397 3482 annorum

154 3498 460 3560 sequentium
511 3503 644 3560 aurei
691 3509 896 3566 possunt
932 3504 1156 3554 aberrare
1207 3519 1238 3553 a
1273 3505 1539 3555 noviluniis
1576 3504 1749 3554 mediis
1783 3504 1914 3569 horis
1963 3518 2204 3554 summum
2242 3506 2308 3554 36
2347 3505 2398 3550 in

153 3575 411 3633 utrumque
459 3570 608 3620 latusss
680 3574 952 3640 Praecipua
1003 3576 1320 3627 commoditas
1367 3579 1501 3627 aurei
1537 3579 1725 3627 numeri
1773 3577 1994 3629 consistit
2032 3571 2083 3626 in'
2119 3593 2206 3641 ec,
2265 3573 2396 3640 quod

153 3641 283 3692 idem
319 3643 500 3693 indicat
536 3643 677 3709 sedes
713 3648 1073 3698 novilun'iorum
1110 3665 1197 3715 per
1234 3664 1402 3700 omnes
1439 3652 1555 3699 anni
1591 3662 1796 3699 menses.

295 3725 584 3784 Exemplum.
622 3727 886 3782 'Quaeritur
926 3745 1088 3779 aureus
1129 3746 1170 3779 a.
1210 3733 1324 3780 3993
1364 3745 1402 3778 a.
1433 3732 1536 3778 Chr.
1602 3729 1741 3776 Aufer
1778 3730 2026 3789 completos
2067 3732 2181 3779 3992
2223 3745 2250 3778 a
2278 3733 2392 3779 6904

157 3791 374 3850 (proxime
403 3792 550 3849 majus
580 3792 854 3861 insertorum
884 3795 1002 3843 inter
1030 3802 1187 3856 typum
1227 3804 1273 3845 et
1304 3797 1477 3856 cyclum
1506 3798 1752 3855 magnum),
1792 3797 2059 3857 relinquitur
2089 3800 2216 3846 2912.
2275 3801 2392 3847 Hinc
