2554 4140
875 1089 1223 1221 LIBRI
1295 1043 1700 1219 ΤΕΒΤΠ

1029 1319 1201 1370 PARS
1240 1317 1564 1370 SECUNDA.

245 1481 335 1547 DE
393 1477 943 1561 ASGENSIONIBUS,
986 1478 1076 1545 ET
1138 1473 1737 1561 DESCENSIONIBUS⁴
1783 1474 2136 1545 SIGNORUM
2179 1473 2329 1544 SEU

853 1579 1277 1649 PUNCTORUM
1321 1578 1734 1646 EGLlPTlGAE.

318 1874 574 1923 Hactenus
611 1878 669 1923 in
715 1889 893 1937 qenere
941 1873 1001 1922 de
1038 1873 1419 1936 quibuscunque
1447 1874 1654 1934 punctis
1689 1871 1931 1934 sphaerae
1967 1871 2173 1921 dictum.
2259 1869 2418 1918 Velim

175 1960 314 1995 nunc
349 1949 407 1995 in
443 1949 599 2008 specie
650 1947 814 1997 doceri
827 1986 840 2005 ,
892 1940 1018 2009 quid
1066 1948 1343 1995 astronomi
1387 1959 1541 2006 super
1585 1945 1839 2006 eclipticae
1878 1947 2084 2006 punctis
2120 1949 2166 1992 et
2201 1942 2420 1991 arcubus
2512 1956 2515 1962 ¹

174 2021 492 2079 potissimum
531 2019 886 2083 inquirerent?
960 2019 1266 2067 Astronomis
1319 2017 1382 2066 ad
1433 2023 1594 2080 partes
1642 2017 1788 2080 hujus
1840 2015 2087 2066 doctrinae
2139 2015 2420 2079 sphaericae

177 2100 436 2153 sequentes
474 2092 836 2154 pertractandas
874 2093 1108 2155 imprimis
1145 2105 1267 2154 opus
1305 2096 1378 2140 est
1409 2095 1696 2153 punctorum
1736 2088 1987 2152 eclipticae
2015 2089 2420 2139 declinationibus
2512 2110 2554 2156 10,

179 2170 227 2213 et
265 2166 630 2213 ascensionibus
667 2172 768 2214 tam
804 2166 944 2214 rectis
985 2178 1130 2226 quam
1168 2163 1408 2225 obliquis,
1463 2162 1750 2226 angulisque
1804 2176 1926 2224 quos
1978 2163 2153 2212 format
2199 2160 2421 2224 ecliptica
2515 2178 2550 2221 ·1

178 2237 309 2299 apud
346 2237 433 2285 illa
470 2244 651 2300 puncta
690 2252 798 2286 cum
836 2237 1085 2286 horizonte
1125 2236 1324 2298 obliquo
1363 2235 1443 2286 vel
1479 2242 1626 2295 recto,
1666 2235 1716 2283 id
1755 2244 1827 2283 est
1863 2235 2147 2285 meridiano,

327 2309 470 2373 Quae
507 2325 664 2359 causa
701 2317 784 2372 est,
823 2324 916 2359 cur
949 2311 1266 2372 potissimum
1304 2308 1616 2356 considerent
1639 2308 1956 2370 eclipticam?
2011 2309 2058 2372 1)
2099 2306 2228 2370 Quia
2254 2319 2419 2355 omnes

177 2381 407 2444 planetae
455 2385 523 2431 cis
578 2390 626 2432 et
675 2384 802 2432 ultra
852 2381 985 2430 illam
1023 2389 1256 2445 perpetuo
1312 2388 1590 2442 versantur,
1645 2379 1695 2446 2)
1733 2383 1781 2428 in
1819 2383 1981 2444 specie
2019 2394 2136 2431 vero
2172 2378 2287 2440 Sol,
2336 2392 2420 2427 rex

178 2453 479 2516 planetarum
526 2462 792 2518 auctorque
838 2461 1133 2518 temporum,
1187 2459 1351 2504 centro
1389 2467 1480 2502 suo
1518 2454 1610 2503 sub
1649 2454 1735 2503 illa
1771 2459 2006 2518 perpetuo
2045 2453 2229 2503 versari
2266 2451 2421 2501 cerni·
2511 2444 2523 2514 ,ἶ

180 2534 271 2589 tur,
313 2527 365 2591 3)
405 2528 627 2591 denique,
669 2531 786 2591 quia
822 2542 989 2578 omnes
1029 2530 1175 2577 etiam
1211 2525 1333 2575 fixas
1371 2526 1539 2576 stellas
1578 2525 1641 2576 ad
1679 2526 1955 2590 eclipticam
1991 2527 2256 2577 referimus.

634 2673 1127 2739 Declinationes
1169 2677 1554 2736 punctorum
1603 2673 1966 2737 eclipticae.

329 2803 465 2867 Quid
499 2806 704 2869 metitur
742 2804 1095 2854 declinationes
1130 2812 1437 2866 punctorum
1477 2805 1768 2866 eclipticae?
1804 2803 2104 2854 Meridianus
2141 2803 2188 2849 in
2215 2802 2420 2866 sphaera

185 2877 340 2924 vicem
392 2882 607 2939 praestat
660 2879 871 2925 omnium
920 2876 1257 2926 declinationis
1309 2877 1617 2939 circulorum,
1676 2892 1766 2926 nec
1815 2879 1975 2925 minus
2027 2883 2073 2926 et
2124 2875 2322 2924 horizon
2372 2877 2420 2923 in

183 2947 390 3009 sphaera
434 2954 581 2999 recta.
655 2948 844 2998 Puncto
890 2951 1064 3012 igitur,
1121 2951 1260 3012 cujus
1314 2950 1573 2999 declinatio
1631 2951 1900 3012 quaeritur,
1957 2949 2021 2998 ad
2074 2949 2162 2997 hos
2218 2947 2421 2998 circulos

185 3020 443 3083 applicem,
480 3027 616 3084 patet
651 3022 714 3070 ad
754 3022 971 3084 oculum,
1019 3029 1229 3086 quantus
1266 3024 1455 3073 intersit
1492 3036 1632 3072 arcus
1670 3025 1792 3072 inter
1830 3028 2143 3086 aequatorem
2182 3028 2230 3071 et
2265 3035 2421 3085 punc-

185 3098 288 3140 tum
324 3093 446 3141 illud
485 3094 752 3157 eclipticae.

331 3162 470 3213 Num
515 3169 665 3215 etiam
717 3168 908 3217 calculo
952 3174 1164 3229 possunt
1206 3170 1500 3231 investiqari
1552 3168 1904 3217 declinationes
1948 3169 2071 3214 istae
2110 3173 2429 3228 punctorum
2506 3148 2515 3177 5

186 3239 436 3298 eclipticae
474 3245 519 3285 et
555 3254 615 3288 ex
654 3241 835 3302 quibus
865 3240 1169 3303 principiis?
1225 3240 1345 3289 Cum
1383 3242 1809 3304 praesuppositum
1843 3242 1907 3288 sit
1944 3241 2246 3288 verissimum
2286 3241 2423 3302 ipso-

188 3323 281 3372 que
318 3324 410 3357 usu
446 3311 717 3373 probatum,
758 3311 1029 3376 eclipticam
1067 3328 1172 3362 esse
1209 3315 1474 3376 perfectum
1513 3313 1742 3362 circulum
1781 3314 2067 3372 maximum,
2119 3326 2216 3362 non
2264 3314 2421 3360 minus

187 3397 331 3443 quam
369 3388 708 3444 aequatorem:
760 3385 875 3434 data
912 3387 1061 3448 igitur
1098 3388 1310 3435 maxima
1348 3387 1452 3449 ejus
1492 3386 1812 3435 declinatione
1849 3385 1912 3434 ab
1950 3391 2242 3447 aequatore,
2297 3398 2423 3447 quae
2484 3434 2486 3439 ,

188 3461 261 3503 est
298 3468 522 3502 mensura
560 3455 751 3517 anguli,
791 3472 886 3518 quo
927 3473 978 3506 se
1016 3465 1184 3507 mutuo
1223 3468 1391 3508 secant
1427 3465 1628 3522 uterque
1666 3457 1899 3517 circulus,
1939 3459 2228 3521 *investigari
2265 3461 2424 3522 potest

189 3527 424 3589 cujusque
464 3527 715 3588 eclipticae
753 3532 918 3589 puncti
958 3530 1233 3591 declinatiO,
1276 3532 1508 3580 beneficio
1546 3531 1790 3580 doctrinae
1827 3530 2192 3592 triangulorum.

336 3606 472 3670 Quid
508 3610 713 3655 metitur
748 3612 1030 3658 maaeimam
1069 3614 1321 3674 eclipticae
1343 3613 1724 3661 declinationem
1761 3613 1817 3658 in
1851 3612 2008 3672 specie
2030 3617 2238 3672 praeter
2271 3612 2424 3659 meri-

188 3679 406 3728 dianum
453 3686 498 3728 et
546 3680 854 3729 horizontem
903 3685 1133 3731 rectum?
1195 3684 1402 3733 Colurus
1439 3684 1779 3743 solstitiorum,
1831 3685 2011 3746 quippe
2055 3683 2302 3732 traductus
2338 3697 2424 3746 per
2475 3719 2478 3721 .

189 3751 441 3814 eclipticae
491 3758 540 3800 et
585 3754 864 3814 aequatoris
902 3753 1057 3815 polos,
1134 3755 1329 3815 Quanta
1382 3758 1509 3807 enim
1549 3762 1621 3806 est
1659 3755 1889 3804 distantia
1925 3757 2150 3818 utrinque
2186 3756 2420 3819 polorum,

187 3829 324 3874 tanta
362 3830 437 3874 est
475 3825 621 3874 etiam
659 3825 781 3875 haec
820 3825 1078 3876 declinatio
1115 3828 1346 3889 ipsorum.
