2554 4140
916 115 1266 174 Regiomontani
1295 119 1341 162 et
1370 115 1609 162 waltheri.
2291 120 2394 168 747

134 274 173 324 <s
212 269 475 331 perexiguo
521 267 822 330 superaverit
871 266 999 315 hanc
1034 267 1239 327 lineam,
1293 271 1348 314 ut
1383 265 1692 315 latitudinem
1745 270 2080 330 computatam
2119 260 2177 313 40
2216 261 2267 312 8¹
2304 263 2397 312 ob-

131 343 285 391 tinere
334 342 514 403 possit,
568 340 753 387 distans
802 355 832 387 a
882 339 1025 389 corde
1069 345 1108 403 εἰ
1149 354 1190 389 c.
1231 335 1289 388 8⁰
1329 344 1430 389 40¹.
1508 339 1600 388 Die
1652 355 1767 388 vero
1810 341 1893 387 20.
1948 340 2072 387 inter
2128 343 2165 393 ό
2223 342 2270 384 et
2310 342 2396 385 22.

133 421 173 478 εἰ
215 414 451 462 distantia
494 409 589 461 11-0
626 411 733 472 34’,
789 414 915 461 inter
955 419 992 469 (ς
1038 418 1086 461 et
1122 412 1331 460 caudam
1373 417 1413 475 gg
1456 408 1515 460 80
1554 413 1664 472 34’,
1705 415 1828 461 inter
1882 417 1919 467 0'
1977 417 2026 459 et
2066 416 2148 459 23.
2193 407 2250 457 6⁰
2294 406 2396 457 19‘.

123 487 254 535 Hinc
290 485 428 533 locus
467 484 547 534 vel
590 481 682 533 18⁰
723 484 808 533 20‘
848 483 931 553 up,
973 485 1053 534 vel
1096 490 1177 534 16.
1221 484 1304 543 53,
1348 484 1425 532 vel
1468 490 1548 533 16.
1597 490 1687 544 13,
1728 485 1950 534 adhibita
1988 483 2072 532 lat.
2115 484 2216 531 bor.
2261 486 2306 530 4.
2351 485 2397 533 8.

126 560 261 608 Inter
298 558 388 606 has
429 558 706 606 verisimilis
747 565 821 606 est
860 557 1046 618 ultima,
1090 558 1399 606 consentiens
1438 571 1546 604 cum
1574 557 1897 606 antecedenti.
1977 557 2127 618 Atqui
2167 560 2397 617 computo

123 646 216 695 ego
257 630 319 679 ad
362 636 442 679 19.
473 630 616 679 Febr.
657 630 705 678 h.
737 636 784 680 9.
832 630 922 679 160
950 629 1035 679 41⁴
1075 628 1169 697 Ῑη);
1209 632 1393 692 itaque,
1433 631 1474 676 si
1514 630 1591 678 hic
1630 629 1767 678 radio
1806 629 2052 678 fidendum
2093 634 2234 688 esset,
2275 629 2396 675 satis

121 718 273 767 prope
293 706 481 751 veniret
502 702 718 752 calculus
740 718 893 751 meus.
943 703 1012 751 At
1031 702 1226 750 infidam
1245 700 1636 751 observationem
1660 702 1910 752 dissensus
1931 703 2106 764 arguit,
2147 706 2195 749 et
2224 700 2396 750 stellae

121 777 232 842 plus
272 778 321 822 in
348 775 501 823 latum
541 791 689 838 quam
726 778 774 823 in
813 775 1014 838 longum
1042 775 1236 835 distant,
1278 775 1410 837 quod
1448 790 1535 838 per
1558 790 1610 824 se
1650 775 1846 823 infidam
1886 774 2003 822 facit
2028 773 2395 836 longitudinem.

265 848 362 897 Hic
401 856 567 897 autem
618 848 841 897 facienda
894 854 968 897 est
1003 850 1186 897 mentio
1242 847 1449 896 aliorum
1489 847 1695 896 duorum
1734 847 2213 909 impedimentorum,
2271 860 2396 907 quae

121 921 457 970 difficultatem
482 923 722 973 ‚auxerint
759 921 999 970 tractandi
1038 922 1129 970 has
1169 922 1553 970 observationes,
1627 921 1770 968 Prius
1808 920 1902 968 hoc
1941 925 2030 979 est,
2070 918 2201 981 quod
2239 918 2397 967 Scho-

119 1009 292 1055 nerus,
351 997 435 1056 qui
486 994 574 1042 has
616 994 986 1043 observationes
1037 993 1215 1053 edidit,
1268 999 1582 1057 praeceptum
1631 993 1929 1058 praescribat
1969 991 2280 1055 computandi
2321 990 2398 1038 di-

129 1069 361 1116 stantiam
404 1069 453 1113 in
495 1066 728 1128 gradibus
767 1073 815 1115 et
852 1069 1052 1115 minutis
1092 1082 1151 1115 ex
1190 1067 1318 1116 fuste
1357 1073 1406 1115 et
1447 1066 1780 1128 transversali,
1821 1065 1953 1128 quod
1994 1064 2393 1128 compendiosum

123 1139 322 1203 quidem
373 1146 448 1187 cst
500 1154 585 1202 pro
627 1139 872 1188 distantiis
924 1140 1218 1200 minoi-ibae,
1269 1139 1421 1189 fallax
1460 1155 1576 1189 vero
1626 1142 1674 1187 in
1714 1137 2016 1202 majusculis
2093 1137 2219 1185 Nam
2258 1138 2299 1184 si
2339 1151 2398 1184 ex

119 1214 248 1261 suste
286 1213 340 1260 fit
377 1215 512 1260 sinus
553 1218 701 1271 totuS,
741 1219 859 1261 tunc
898 1228 956 1262 ex
994 1212 1305 1261 transversali
1347 1227 1443 1260 non
1483 1212 1537 1261 fit
1574 1215 1711 1261 sinus
1750 1227 1837 1261 seu
1865 1217 2073 1273 tangens
2111 1209 2265 1274 (quod
2293 1210 2396 1272 ipse

118 1288 489 1351 praesupponit,
545 1285 660 1332 dum
699 1286 1075 1334 transversalem
1122 1286 1515 1334 transformatam
1561 1287 1609 1333 in
1650 1285 1775 1334 alios
1824 1298 2051 1333 numeros
2093 1283 2294 1331 remittit
2333 1281 2397 1329 ad

117 1358 338 1407 tabulam
384 1359 728 1420 gnomonicam
765 1357 1072 1424 Purbachii),
1126 1358 1213 1406 sed
1262 1374 1320 1407 ex
1372 1358 1572 1408 dimidio
1621 1357 1962 1407 transversalis
2011 1371 2100 1404 seu
2143 1370 2203 1405 ex
2239 1354 2392 1403 altero

120 1431 319 1480 brachio
371 1432 477 1493 ejus
530 1431 584 1479 fit
634 1438 857 1494 tangens.
931 1429 1063 1497 (Ipse
1110 1445 1206 1479 non
1259 1438 1567 1494 tangentem,
1627 1431 1713 1481 sed
1762 1433 1922 1480 sinum
1961 1430 2170 1493 primum
2222 1427 2396 1492 appel-

116 1505 209 1565 lat,
262 1505 380 1566 quia
418 1506 663 1566 tangentis
703 1518 800 1552 vox
837 1506 1026 1552 novitia
1064 1509 1163 1564 est,
1217 1505 1610 1566 Regiomontano
1656 1504 1928 1554 foecundus
1975 1516 2206 1551 numerus
2238 1501 2397 1562 dicta3

121 1578 373 1642 proportio
428 1592 547 1626 vero
598 1577 740 1625 fustis
793 1577 854 1625 ad
896 1578 1396 1626 semitransversalem
1445 1585 1519 1626 est
1568 1593 1653 1638 ea,
1704 1593 1830 1641 quae
1870 1579 2004 1626 sinus
2045 1574 2244 1624 secundi
2286 1571 2397 1641 [seu

122 1647 486 1716 complementi]
528 1650 591 1698 ad
630 1651 789 1697 sinum
828 1652 1060 1712 primum3
1100 1650 1223 1699 haec
1261 1651 1334 1698 illi
1375 1666 1524 1699 causa
1564 1653 1944 1716 nuncupationis
1983 1646 2167 1715 hujus.)

268 1722 488 1771 Alterum
548 1722 948 1785 impedimentum
1003 1725 1219 1771 nascitur
1279 1738 1338 1771 ex
1395 1725 1716 1786 ambiguitate
1772 1725 2039 1773 notationis
2107 1728 2394 1787 temporum.

118 1798 245 1847 Nam
297 1798 381 1858 qui
434 1796 551 1844 dicit
593 1797 676 1844 19.
717 1796 862 1845 Febr.
913 1797 1034 1844 hora
1075 1799 1120 1848 2.
1171 1798 1329 1846 noctis
1381 1803 1493 1860 post
1530 1797 1810 1858 meridiem,
1866 1799 1915 1844 in
1963 1796 2112 1844 dubio
2165 1796 2396 1858 relinquit

117 1871 378 1929 lectorem,
431 1867 619 1917 falsane
674 1871 737 1917 sit
789 1871 1028 1933 scriptura
1081 1875 1226 1932 „post
1278 1869 1590 1936 meridiem“,
1631 1885 1740 1919 cum
1793 1876 1922 1919 esset
1976 1870 2243 1933 scripturus
2282 1875 2394 1933 post

119 1942 331 1993 mediam
369 1947 585 2002 noctem,
626 1948 679 1990 ut
718 1942 805 1990 illa
826 1957 942 1991 ·vox
987 1942 1168 1991 ordinis
1211 1943 1492 2005 „secunda“
1536 1945 1770 1992 referatur
1815 1943 1877 1993 ad
1902 1944 2194 2007 principium
2222 1957 2396 1992 nume÷

119 2016 271 2069 randi,
300 2016 445 2063 horas
485 2031 515 2063 a
554 2015 717 2063 media
753 2021 894 2064 nocte
935 2016 1202 2064 secundum
1251 2016 1560 2079 horologium
1613 2017 1894 2078 dimidium,
1945 2030 2042 2078 quo
2081 2015 2204 2064 alias
2245 2018 2397 2064 utitur

121 2088 432 2150 Waltherus3
474 2103 598 2137 anne
638 2088 759 2136 illud
802 2096 945 2152 „post
984 2089 1267 2138 meridiem“
1311 2089 1545 2138 referatur
1583 2090 1864 2139 immediate
1903 2089 1966 2137 ad
2005 2103 2259 2138 numerum
2300 2089 2396 2137 diei

122 2177 429 2226 expressum,
478 2176 575 2209 non
617 2176 732 2210 vero
777 2162 1056 2223 „secunda“
1101 2162 1164 2210 ad
1214 2163 1441 2211 horarum
1481 2165 1771 2226 principium
1811 2164 1873 2212 ab
1916 2176 2094 2211 occasu
2133 2162 2291 2222 Solis,
2343 2169 2398 2210 ut

121 2238 169 2283 in
225 2234 481 2296 horologio
521 2234 926 2296 Norimbergico‘?
1002 2235 1105 2283 Etsi
1158 2250 1275 2284 vero
1327 2237 1550 2284 invenias
1603 2250 1750 2285 voces
1799 2236 1981 2285 alicubi
2031 2250 2090 2283 ex
2139 2237 2399 2284 oscitantia

120 2314 450 2372 permutatas,
499 2314 552 2354 ut
590 2323 634 2355 a.
684 2309 819 2355 1478
862 2308 1018 2371 Aprili
1059 2323 1224 2358 mense
1281 2311 1477 2371 saepius
1521 2314 1665 2373 „post
1716 2315 1872 2358 ortum
1913 2308 2075 2358 50119,ιζ
2122 2323 2210 2371 pro
2254 2313 2398 2372 „post

121 2396 349 2431 occasum
388 2379 580 2440 Solis«,
622 2382 713 2428 etsi
753 2382 901 2429 etiam
939 2384 987 2427 in
1027 2384 1345 2444 sequentibus
1379 2382 1659 2431 Waltherus
1702 2383 1987 2446 plerumque
2028 2380 2157 2430 diem
2197 2382 2395 2430 inchoat

121 2471 152 2504 a
190 2453 355 2502 media
394 2459 552 2513 nocte,
592 2453 886 2502 hoctamen
927 2469 1054 2503 anno
1096 2470 1125 2503 a
1169 2458 1250 2503 12.
1291 2455 1411 2504 Feb.
1455 2470 1608 2517 usque
1648 2457 1696 2502 in
1741 2459 1821 2504 12.
1854 2456 1970 2517 Apr.
2012 2469 2188 2503 censeo
2230 2455 2396 2517 desig-

119 2530 225 2575 nari
264 2533 475 2587 noctem,
518 2541 644 2588 quae
684 2528 905 2589 seqnitur
943 2527 1071 2576 diem
1112 2533 1422 2588 annotatam,
1477 2535 1523 2576 et
1564 2527 1781 2577 ordinem
1821 2529 2049 2577 horarum
2088 2543 2118 2576 a
2156 2529 2393 2592 principio

122 2602 281 2649 noctis
308 2602 535 2663 incipere.
613 2599 806 2648 Causae
845 2600 963 2648 mihi
1003 2602 1074 2648 sic
1113 2600 1358 2649 statuendi
1399 2608 1512 2649 sunt
1540 2603 1688 2650 istae:
1730 2601 1863 2664 quod
1893 2601 2037 2650 video
2066 2600 2143 2650 die
2174 2602 2220 2649 5.
2248 2602 2392 2649 Febr.

118 2675 337 2739 proxime
377 2672 687 2721 antecedenti
725 2687 1007 2734 expressum
1048 2688 1155 2722 esse
1195 2673 1409 2723 medium
1450 2676 1638 2734 noctiS,
1680 2674 1877 2737 quando
1919 2674 2051 2723 Mars
2090 2673 2252 2723 adhuc
2291 2679 2395 2722 crat

118 2745 399 2806 orientalis,
453 2747 718 2807 statimque
772 2749 852 2794 12.
904 2747 1076 2807 Febr.,
1131 2747 1232 2809 jam
1285 2749 1497 2797 instante
1546 2751 1903 2811 permutatione
1961 2763 2020 2796 ex
2067 2746 2290 2796 orientali
2346 2747 2394 2794 in

114 2818 487 2879 occidentalem,
530 2821 698 2882 incipit
736 2819 957 2869 meridiei
996 2822 1197 2881 menti0,
1240 2835 1329 2869 nec
1370 2827 1584 2869 mutatur
1623 2835 1779 2884 usque
1819 2822 1867 2868 in
1910 2820 2158 2885 Aprilem,
2203 2826 2256 2868 ut
2297 2835 2393 2881 quo

115 2900 333 2955 tempore
373 2894 520 2940 etiam
562 2891 864 2941 commodius
904 2898 1017 2941 ante
1057 2893 1268 2942 mediam
1307 2899 1500 2942 noctem
1540 2895 1670 2943 cerni
1708 2894 1911 2956 planeta
1936 2895 2115 2956 potuit.
2183 2894 2243 2941 Et
2282 2895 2395 2954 qui-

117 2966 224 3015 dem
267 2969 384 3027 (quo
438 2966 597 3012 minus
648 2963 859 3031 dubites)
901 2965 946 3014 d.
994 2969 1074 3015 12.
1115 2967 1259 3016 Febr.
1314 2967 1515 3016 infertur
1565 2981 1663 3015 vox
1708 2973 1851 3029 „post
1901 2966 2186 3015 nieridicn1“
2230 2968 2394 3015 statim

114 3047 226 3103 post
250 3039 545 3086 mentionem
574 3038 670 3086 diei
699 3044 746 3086 et
773 3044 874 3085 tum
904 3038 1097 3088 demum
1125 3041 1342 3102 sequitur
1374 3039 1523 3101 „hora
1555 3042 1600 3086 2.
1632 3041 1840 3099 noctis“,
1883 3037 2014 3101 quod
2056 3040 2214 3088 minus
2243 3039 2397 3090 habet

116 3111 450 3161 dubitationis,
529 3110 616 3157 Est
654 3112 799 3159 etiam
840 3113 888 3158 in
929 3113 1022 3161 hoc
1061 3113 1332 3175 emphasiS,
1375 3112 1504 3175 quod
1546 3127 1639 3160 non
1679 3114 1899 3160 nominat
1941 3112 2143 3179 „horam
2181 3113 2393 3174 noctis“,

114 3186 335 3248 genitivo
375 3198 506 3241 casu,
552 3183 747 3245 qnando
787 3191 1009 3234 numerat
1047 3201 1078 3234 a
1112 3192 1255 3234 nocte
1298 3186 1483 3245 media,
1528 3185 1606 3233 hic
1642 3199 1758 3234 vero
1798 3200 1989 3249 semper
2028 3186 2197 3234 horam
2236 3188 2396 3235 noctis

115 3257 246 3318 dicit,
287 3259 508 3316 innucnS,
550 3270 600 3303 se
628 3256 690 3302 ab
718 3255 824 3317 ejus
850 3260 1088 3322 principio
1127 3273 1382 3307 numerare
1410 3265 1457 3307 et
1483 3260 1552 3306 sic
1579 3263 1690 3320 post
1716 3257 1966 3307 meridiem
1994 3258 2091 3307 diei
2118 3273 2393 3322 expressae.

266 3329 363 3379 Sed
408 3328 771 3377 consideremus
812 3332 959 3378 etiam
998 3331 1218 3379 ultimam
1258 3332 1653 3380 observationem
1694 3330 1787 3379 hoc
1823 3345 1951 3381 anno
1990 3331 2224 3392 habitam,
2268 3334 2396 3380 circa

116 3406 378 3452 stationem
420 3400 702 3450 secundam.
781 3401 875 3450 Die
922 3407 1001 3451 12.
1048 3405 1163 3465 Apr.
1205 3403 1252 3451 h.
1297 3405 1342 3451 8.
1385 3419 1431 3467 p.
1473 3419 1536 3454 m.
1591 3405 1788 3466 gemina
1826 3406 1910 3453 via
1961 3405 2183 3468 proditur
2219 3404 2393 3454 eadem

113 3475 344 3525 distantia
402 3480 439 3530 ό
498 3489 528 3522 a
567 3472 711 3523 corde
756 3479 794 3537 Q
843 3472 932 3522 120
960 3472 1138 3541 44²s3‘3
1181 3482 1489 3539 computatur
1528 3483 1692 3525 autem
1731 3476 1817 3526 lat.
1867 3483 1904 3534 (ζ
1953 3477 2010 3525 20
2034 3475 2120 3526 2Ο’
2163 3478 2222 3538 b.,
2267 3492 2392 3539 quae

115 3563 223 3597 cum
274 3549 359 3596 lat.
411 3546 571 3595 cordis
626 3548 899 3609 composita
948 3550 1157 3610 imputat
1209 3548 1502 3611 longitudini
1561 3547 1652 3596 120
1705 3544 1873 3615 36¹l3‘.
1964 3550 2138 3613 Itaque
2182 3557 2219 3606 0'
2266 3556 2395 3599 esset

114 3623 248 3670 visus
289 3622 335 3668 in
380 3616 437 3667 5⁰
481 3616 593 3685 773¹
636 3616 720 3687 m).
800 3620 865 3668 At
906 3626 1134 3683 computo
1176 3636 1267 3683 ego
1311 3618 1368 3668 40
1410 3620 1563 3686 5572‘
1604 3619 1698 3690 Ῐη);
1750 3637 1936 3671 rursum
1980 3625 2126 3686 igitur
2167 3623 2245 3670 hic
2286 3622 2390 3671 cal-

117 3693 257 3742 culus
296 3706 434 3741 meus
475 3691 665 3752 deficit,
718 3693 956 3753 siquidem
1010 3694 1129 3742 fides
1170 3693 1306 3742 radio
1347 3700 1394 3742 et
1449 3694 1781 3743 observationi
1833 3697 1896 3745 ab
1936 3711 2034 3745 una
2085 3695 2191 3744 sola
2230 3695 2390 3743 stella.

113 3764 272 3816 Locus
314 3766 613 3815 eccentricns
656 3763 712 3812 60
758 3767 839 3812 15’
884 3769 988 3821 st.

265 3840 406 3888 Anno
453 3838 587 3886 1477
629 3851 817 3887 rursum
859 3841 1146 3889 observator
1200 3843 1415 3888 attentus
1461 3839 1552 3888 fuit
1589 3839 1652 3889 ad
1692 3851 1753 3897 0(
1798 3837 1836 3906 ῒ)
1882 3847 1930 3892 et
1972 3848 2009 3899 ὅ
2078 3844 2387 3904 testaturque
