<?xml version="1.0" encoding="UTF-8"?>
<!DOCTYPE html PUBLIC "-//W3C//DTD XHTML 1.0 Transitional//EN"
    "http://www.w3.org/TR/xhtml1/DTD/xhtml1-transitional.dtd">
<html xmlns="http://www.w3.org/1999/xhtml" xml:lang="en" lang="en">
 <head>
  <title>
</title>
<meta http-equiv="Content-Type" content="text/html;charset=utf-8" />
  <meta name='ocr-system' content='tesseract 3.04.00' />
  <meta name='ocr-capabilities' content='ocr_page ocr_carea ocr_par ocr_line ocrx_word'/>
</head>
<body>
  <div class='ocr_page' id='page_1' title='image "./operaomniaedidit06kepluoft_0368.png"; bbox 0 0 2554 4140; ppageno 0'>
   <div class='ocr_carea' id='block_1_1' title="bbox 207 149 1615 226">
    <p class='ocr_par' dir='ltr' id='par_1_1' title="bbox 207 149 1615 226">
     <span class='ocr_line' id='line_1_1' title="bbox 207 149 1615 226; baseline -0.024 -1"><span class='ocrx_word' id='word_1_1' title='bbox 207 175 312 226; x_wconf 81' lang='lat'><strong>354</strong></span> <span class='ocrx_word' id='word_1_2' title='bbox 1031 154 1268 214; x_wconf 87' lang='lat' dir='ltr'><strong>Epitomes</strong></span> <span class='ocrx_word' id='word_1_3' title='bbox 1298 149 1615 196; x_wconf 82' lang='lat' dir='ltr'><strong>Astronomiae</strong></span> 
     </span>
    </p>
   </div>
   <div class='ocr_carea' id='block_1_2' title="bbox 163 288 2554 3927">
    <p class='ocr_par' dir='ltr' id='par_1_2' title="bbox 207 288 2456 369">
     <span class='ocr_line' id='line_1_2' title="bbox 207 288 2456 369; baseline -0.016 -1"><span class='ocrx_word' id='word_1_4' title='bbox 207 321 434 369; x_wconf 84' lang='lat' dir='ltr'><strong>tribuitur</strong></span> <span class='ocrx_word' id='word_1_5' title='bbox 471 313 621 363; x_wconf 90' lang='lat' dir='ltr'><strong>motui</strong></span> <span class='ocrx_word' id='word_1_6' title='bbox 659 309 780 359; x_wconf 88' lang='lat' dir='ltr'><strong>reali</strong></span> <span class='ocrx_word' id='word_1_7' title='bbox 816 312 1028 357; x_wconf 89' lang='lat' dir='ltr'><strong>totorum</strong></span> <span class='ocrx_word' id='word_1_8' title='bbox 1067 304 1255 352; x_wconf 89' lang='lat' dir='ltr'><strong>orbium</strong></span> <span class='ocrx_word' id='word_1_9' title='bbox 1290 297 1686 362; x_wconf 82' lang='lat' dir='ltr'>planetariorum,</span> <span class='ocrx_word' id='word_1_10' title='bbox 1724 308 1756 341; x_wconf 87' lang='lat' dir='ltr'><strong>a</strong></span> <span class='ocrx_word' id='word_1_11' title='bbox 1780 291 2048 355; x_wconf 85' lang='lat' dir='ltr'><strong>Copernico</strong></span> <span class='ocrx_word' id='word_1_12' title='bbox 2086 303 2202 338; x_wconf 81' lang='lat' dir='ltr'><strong>vero</strong></span> <span class='ocrx_word' id='word_1_13' title='bbox 2238 289 2302 337; x_wconf 87' lang='lat' dir='ltr'><strong>ab</strong></span> <span class='ocrx_word' id='word_1_14' title='bbox 2338 288 2456 350; x_wconf 83' lang='lat' dir='ltr'><strong>ipsis</strong></span> 
     </span>
    </p>

    <p class='ocr_par' dir='ltr' id='par_1_3' title="bbox 209 362 2457 456">
     <span class='ocr_line' id='line_1_3' title="bbox 209 362 2457 456; baseline -0.014 -16"><span class='ocrx_word' id='word_1_15' title='bbox 209 393 510 456; x_wconf 88' lang='lat' dir='ltr'><strong>planetarum</strong></span> <span class='ocrx_word' id='word_1_16' title='bbox 550 385 748 434; x_wconf 85' lang='lat' dir='ltr'>orbibus</span> <span class='ocrx_word' id='word_1_17' title='bbox 786 382 979 446; x_wconf 91' lang='lat' dir='ltr'><strong>penitus</strong></span> <span class='ocrx_word' id='word_1_18' title='bbox 1016 382 1307 427; x_wconf 79' lang='lat' dir='ltr'><strong>removetur.</strong></span> <span class='ocrx_word' id='word_1_19' title='bbox 1383 371 1506 419; x_wconf 87' lang='lat' dir='ltr'><strong>Nam</strong></span> <span class='ocrx_word' id='word_1_20' title='bbox 1546 366 1766 415; x_wconf 87' lang='lat' dir='ltr'><strong>Braheus</strong></span> <span class='ocrx_word' id='word_1_21' title='bbox 1813 365 1976 424; x_wconf 88' lang='lat' dir='ltr'><strong>docet,</strong></span> <span class='ocrx_word' id='word_1_22' title='bbox 2027 376 2195 412; x_wconf 87' lang='lat' dir='ltr'><strong>omnes</strong></span> <span class='ocrx_word' id='word_1_23' title='bbox 2244 362 2457 424; x_wconf 85' lang='lat' dir='ltr'><strong>quinque</strong></span> 
     </span>
    </p>

    <p class='ocr_par' dir='ltr' id='par_1_4' title="bbox 212 432 2459 530">
     <span class='ocr_line' id='line_1_4' title="bbox 212 432 2459 530; baseline -0.015 -17"><span class='ocrx_word' id='word_1_24' title='bbox 212 466 352 513; x_wconf 90' lang='lat' dir='ltr'><strong>orbes</strong></span> <span class='ocrx_word' id='word_1_25' title='bbox 390 460 725 530; x_wconf 80' lang='lat' dir='ltr'><strong>primariorum</strong></span> <span class='ocrx_word' id='word_1_26' title='bbox 774 455 1078 518; x_wconf 78' lang='lat' dir='ltr'><strong>planetarum</strong></span> <span class='ocrx_word' id='word_1_27' title='bbox 1127 457 1372 497; x_wconf 85' lang='lat' dir='ltr'><strong>connexos</strong></span> <span class='ocrx_word' id='word_1_28' title='bbox 1419 456 1526 491; x_wconf 88' lang='lat' dir='ltr'><strong>esse</strong></span> <span class='ocrx_word' id='word_1_29' title='bbox 1573 440 1819 488; x_wconf 89' lang='lat' dir='ltr'><strong>communi</strong></span> <span class='ocrx_word' id='word_1_30' title='bbox 1864 437 2031 499; x_wconf 89' lang='lat' dir='ltr'><strong>aliquo</strong></span> <span class='ocrx_word' id='word_1_31' title='bbox 2068 442 2276 498; x_wconf 89' lang='lat' dir='ltr'><strong>puncto,</strong></span> <span class='ocrx_word' id='word_1_32' title='bbox 2327 432 2459 495; x_wconf 89' lang='lat' dir='ltr'><strong>quod</strong></span> 
     </span>
    </p>

    <p class='ocr_par' dir='ltr' id='par_1_5' title="bbox 210 508 2549 597">
     <span class='ocr_line' id='line_1_5' title="bbox 210 508 2549 597; baseline -0.014 -12"><span class='ocrx_word' id='word_1_33' title='bbox 210 552 306 586; x_wconf 90' lang='lat' dir='ltr'><strong>non</strong></span> <span class='ocrx_word' id='word_1_34' title='bbox 343 535 488 597; x_wconf 86' lang='lat' dir='ltr'><strong>longe</strong></span> <span class='ocrx_word' id='word_1_35' title='bbox 516 533 645 582; x_wconf 88' lang='lat' dir='ltr'><strong>absit</strong></span> <span class='ocrx_word' id='word_1_36' title='bbox 683 530 745 579; x_wconf 90' lang='lat' dir='ltr'><strong>ab</strong></span> <span class='ocrx_word' id='word_1_37' title='bbox 770 524 1151 587; x_wconf 87' lang='lat' dir='ltr'><strong>uniuscujusque</strong></span> <span class='ocrx_word' id='word_1_38' title='bbox 1191 520 1320 569; x_wconf 88' lang='lat' dir='ltr'><strong>orbis</strong></span> <span class='ocrx_word' id='word_1_39' title='bbox 1348 521 1511 565; x_wconf 88' lang='lat' dir='ltr'><strong>centro</strong></span> <span class='ocrx_word' id='word_1_40' title='bbox 1549 511 1623 579; x_wconf 91' lang='lat' dir='ltr'><strong>(ut</strong></span> <span class='ocrx_word' id='word_1_41' title='bbox 1646 515 1689 563; x_wconf 84' lang='lat' dir='ltr'><strong>si</strong></span> <span class='ocrx_word' id='word_1_42' title='bbox 1725 512 1804 560; x_wconf 88' lang='lat' dir='ltr'><strong>bic</strong></span> <span class='ocrx_word' id='word_1_43' title='bbox 1842 524 2010 559; x_wconf 88' lang='lat' dir='ltr'><strong>omnes</strong></span> <span class='ocrx_word' id='word_1_44' title='bbox 2048 508 2275 570; x_wconf 82' lang='lat' dir='ltr'><strong>descripti</strong></span> <span class='ocrx_word' id='word_1_45' title='bbox 2301 512 2462 554; x_wconf 89' lang='lat' dir='ltr'><strong>essent</strong></span> <span class='ocrx_word' id='word_1_46' title='bbox 2546 571 2549 574; x_wconf 86' lang='lat'>.</span> 
     </span>
    </p>

    <p class='ocr_par' dir='ltr' id='par_1_6' title="bbox 656 579 2465 871">
     <span class='ocr_line' id='line_1_6' title="bbox 656 579 2463 665; baseline -0.01 -21"><span class='ocrx_word' id='word_1_47' title='bbox 656 623 740 665; x_wconf 48' lang='lat' dir='ltr'><strong>mg,</strong></span> <span class='ocrx_word' id='word_1_48' title='bbox 767 619 821 653; x_wconf 68' lang='lat'><strong>55,</strong></span> <span class='ocrx_word' id='word_1_49' title='bbox 1254 594 1302 638; x_wconf 88' lang='lat' dir='ltr'><strong>in</strong></span> <span class='ocrx_word' id='word_1_50' title='bbox 1343 588 1588 638; x_wconf 89' lang='lat' dir='ltr'><strong>communi</strong></span> <span class='ocrx_word' id='word_1_51' title='bbox 1626 585 1798 634; x_wconf 85' lang='lat' dir='ltr'><strong>tabula</strong></span> <span class='ocrx_word' id='word_1_52' title='bbox 1846 582 2067 633; x_wconf 83' lang='lat' dir='ltr'><strong>circulari</strong></span> <span class='ocrx_word' id='word_1_53' title='bbox 2105 581 2214 645; x_wconf 76' lang='lat' dir='ltr'><strong>B),</strong></span> <span class='ocrx_word' id='word_1_54' title='bbox 2249 579 2463 628; x_wconf 83' lang='lat' dir='ltr'><strong>et-hunc</strong></span> 
     </span>
     <span class='ocr_line' id='line_1_7' title="bbox 1251 653 2464 712; baseline -0.011 0"><span class='ocrx_word' id='word_1_55' title='bbox 1251 662 1407 712; x_wconf 89' lang='lat' dir='ltr'><strong>veluti</strong></span> <span class='ocrx_word' id='word_1_56' title='bbox 1437 672 1742 709; x_wconf 90' lang='lat' dir='ltr'><strong>communem</strong></span> <span class='ocrx_word' id='word_1_57' title='bbox 1775 655 1960 705; x_wconf 86' lang='lat' dir='ltr'><strong>nodum</strong></span> <span class='ocrx_word' id='word_1_58' title='bbox 1982 669 2035 704; x_wconf 90' lang='lat' dir='ltr'><strong>re</strong></span> <span class='ocrx_word' id='word_1_59' title='bbox 2073 667 2191 702; x_wconf 81' lang='lat' dir='ltr'><strong>vera</strong></span> <span class='ocrx_word' id='word_1_60' title='bbox 2216 653 2464 705; x_wconf 80' lang='lat' dir='ltr'><strong>circumire</strong></span> 
     </span>
     <span class='ocr_line' id='line_1_8' title="bbox 1254 724 2464 794; baseline -0.011 -9"><span class='ocrx_word' id='word_1_61' title='bbox 1254 749 1417 786; x_wconf 84' lang='lat' dir='ltr'><strong>annuo</strong></span> <span class='ocrx_word' id='word_1_62' title='bbox 1465 740 1680 794; x_wconf 89' lang='lat' dir='ltr'><strong>tempore</strong></span> <span class='ocrx_word' id='word_1_63' title='bbox 1729 744 1827 778; x_wconf 86' lang='lat' dir='ltr'><strong>una</strong></span> <span class='ocrx_word' id='word_1_64' title='bbox 1877 743 1988 777; x_wconf 87' lang='lat' dir='ltr'><strong>cum</strong></span> <span class='ocrx_word' id='word_1_65' title='bbox 2023 725 2141 775; x_wconf 88' lang='lat' dir='ltr'><strong>Sole</strong></span> <span class='ocrx_word' id='word_1_66' title='bbox 2180 731 2229 774; x_wconf 90' lang='lat' dir='ltr'><strong>et</strong></span> <span class='ocrx_word' id='word_1_67' title='bbox 2268 724 2464 787; x_wconf 88' lang='lat' dir='ltr'><strong>quidem</strong></span> 
     </span>
     <span class='ocr_line' id='line_1_9' title="bbox 1253 798 2465 871; baseline -0.012 -15"><span class='ocrx_word' id='word_1_68' title='bbox 1253 809 1473 871; x_wconf 81' lang='lat' dir='ltr'><strong>proxime</strong></span> <span class='ocrx_word' id='word_1_69' title='bbox 1509 805 1648 854; x_wconf 89' lang='lat' dir='ltr'><strong>illum</strong></span> <span class='ocrx_word' id='word_1_70' title='bbox 1685 802 1761 866; x_wconf 89' lang='lat' dir='ltr'><strong>(in</strong></span> <span class='ocrx_word' id='word_1_71' title='bbox 1801 800 1993 851; x_wconf 88' lang='lat' dir='ltr'><strong>circello</strong></span> <span class='ocrx_word' id='word_1_72' title='bbox 2034 802 2092 861; x_wconf 88' lang='lat' dir='ltr'><strong>A,</strong></span> <span class='ocrx_word' id='word_1_73' title='bbox 2131 799 2324 862; x_wconf 86' lang='lat' dir='ltr'><strong>punctis</strong></span> <span class='ocrx_word' id='word_1_74' title='bbox 2363 798 2465 859; x_wconf 83' lang='lat' dir='ltr'><strong>sig-</strong></span> 
     </span>
    </p>

    <p class='ocr_par' dir='ltr' id='par_1_7' title="bbox 1218 873 2554 1669">
     <span class='ocr_line' id='line_1_10' title="bbox 1218 873 2467 947; baseline -0.008 -19"><span class='ocrx_word' id='word_1_75' title='bbox 1218 892 1223 901; x_wconf 86' lang='grc'><strong><em>’</em></strong></span> <span class='ocrx_word' id='word_1_76' title='bbox 1254 877 1400 947; x_wconf 87' lang='lat' dir='ltr'><strong>nato)</strong></span> <span class='ocrx_word' id='word_1_77' title='bbox 1439 890 1701 939; x_wconf 80' lang='lat' dir='ltr'><strong>secumque</strong></span> <span class='ocrx_word' id='word_1_78' title='bbox 1739 881 1871 924; x_wconf 90' lang='lat' dir='ltr'><strong>totos</strong></span> <span class='ocrx_word' id='word_1_79' title='bbox 1909 874 2053 923; x_wconf 85' lang='lat' dir='ltr'><strong>orbes</strong></span> <span class='ocrx_word' id='word_1_80' title='bbox 2092 873 2467 933; x_wconf 73' lang='lat' dir='ltr'><strong>circumgestat-e</strong></span> 
     </span>
     <span class='ocr_line' id='line_1_11' title="bbox 1257 943 2549 1016; baseline -0.011 -13"><span class='ocrx_word' id='word_1_81' title='bbox 1257 967 1378 1016; x_wconf 90' lang='lat' dir='ltr'><strong>eque</strong></span> <span class='ocrx_word' id='word_1_82' title='bbox 1416 953 1519 1000; x_wconf 85' lang='lat' dir='ltr'><strong>suis</strong></span> <span class='ocrx_word' id='word_1_83' title='bbox 1556 953 1607 998; x_wconf 86' lang='lat' dir='ltr'><strong>in</strong></span> <span class='ocrx_word' id='word_1_84' title='bbox 1643 948 1828 997; x_wconf 89' lang='lat' dir='ltr'><strong>mundo</strong></span> <span class='ocrx_word' id='word_1_85' title='bbox 1878 948 2053 1010; x_wconf 88' lang='lat' dir='ltr'><strong>spatiis</strong></span> <span class='ocrx_word' id='word_1_86' title='bbox 2090 945 2244 994; x_wconf 84' lang='lat' dir='ltr'><strong>veluti</strong></span> <span class='ocrx_word' id='word_1_87' title='bbox 2282 943 2467 1004; x_wconf 86' lang='lat' dir='ltr'><strong>luxare,</strong></span> <span class='ocrx_word' id='word_1_88' title='bbox 2546 1003 2549 1006; x_wconf 12' lang='grc' dir='ltr'><em>Α</em></span> 
     </span>
     <span class='ocr_line' id='line_1_12' title="bbox 1257 1017 2471 1083; baseline -0.009 -8"><span class='ocrx_word' id='word_1_89' title='bbox 1257 1029 1308 1075; x_wconf 90' lang='lat' dir='ltr'><strong>in</strong></span> <span class='ocrx_word' id='word_1_90' title='bbox 1346 1025 1545 1074; x_wconf 89' lang='lat' dir='ltr'><strong>modum</strong></span> <span class='ocrx_word' id='word_1_91' title='bbox 1580 1022 1745 1083; x_wconf 87' lang='lat' dir='ltr'><strong>talem,</strong></span> <span class='ocrx_word' id='word_1_92' title='bbox 1787 1034 1887 1083; x_wconf 91' lang='lat' dir='ltr'><strong>quo</strong></span> <span class='ocrx_word' id='word_1_93' title='bbox 1922 1019 2240 1083; x_wconf 83' lang='lat' dir='ltr'><strong>pollinatores</strong></span> <span class='ocrx_word' id='word_1_94' title='bbox 2264 1017 2471 1065; x_wconf 80' lang='lat' dir='ltr'><strong>cribrum</strong></span> 
     </span>
     <span class='ocr_line' id='line_1_13' title="bbox 1259 1089 2473 1161; baseline -0.011 -13"><span class='ocrx_word' id='word_1_95' title='bbox 1259 1114 1359 1148; x_wconf 87' lang='lat' dir='ltr'><strong>una</strong></span> <span class='ocrx_word' id='word_1_96' title='bbox 1395 1103 1535 1161; x_wconf 87' lang='lat' dir='ltr'><strong>parte</strong></span> <span class='ocrx_word' id='word_1_97' title='bbox 1571 1095 1711 1144; x_wconf 91' lang='lat' dir='ltr'><strong>limbi</strong></span> <span class='ocrx_word' id='word_1_98' title='bbox 1749 1094 2044 1157; x_wconf 87' lang='lat' dir='ltr'><strong>prehensum</strong></span> <span class='ocrx_word' id='word_1_99' title='bbox 2078 1095 2278 1140; x_wconf 79' lang='lat' dir='ltr'><strong>versant</strong></span> <span class='ocrx_word' id='word_1_100' title='bbox 2314 1089 2473 1137; x_wconf 85' lang='lat' dir='ltr'><strong>mani·</strong></span> 
     </span>
     <span class='ocr_line' id='line_1_14' title="bbox 1259 1159 2554 1232; baseline -0.01 -12"><span class='ocrx_word' id='word_1_101' title='bbox 1259 1173 1367 1232; x_wconf 89' lang='lat' dir='ltr'><strong>bus,</strong></span> <span class='ocrx_word' id='word_1_102' title='bbox 1407 1169 1731 1220; x_wconf 82' lang='lat' dir='ltr'><strong>ventilantes:</strong></span> <span class='ocrx_word' id='word_1_103' title='bbox 1770 1173 1826 1215; x_wconf 88' lang='lat' dir='ltr'><strong>ut</strong></span> <span class='ocrx_word' id='word_1_104' title='bbox 1860 1166 2171 1215; x_wconf 44' lang='lat' dir='ltr'><strong>situsvtotius</strong></span> <span class='ocrx_word' id='word_1_105' title='bbox 2194 1162 2474 1227; x_wconf 76' lang='lat' dir='ltr'><strong>systematis</strong></span> <span class='ocrx_word' id='word_1_106' title='bbox 2544 1159 2554 1207; x_wconf 58' lang='grc' dir='ltr'><strong>ζ</strong></span> 
     </span>
     <span class='ocr_line' id='line_1_15' title="bbox 1260 1236 2554 1307; baseline -0.009 -14"><span class='ocrx_word' id='word_1_107' title='bbox 1260 1244 1521 1307; x_wconf 80' lang='lat' dir='ltr'><strong>planetarii</strong></span> <span class='ocrx_word' id='word_1_108' title='bbox 1570 1243 1634 1290; x_wconf 83' lang='lat' dir='ltr'><strong>sit</strong></span> <span class='ocrx_word' id='word_1_109' title='bbox 1696 1240 1835 1289; x_wconf 79' lang='lat' dir='ltr'><strong>verbi</strong></span> <span class='ocrx_word' id='word_1_110' title='bbox 1897 1252 2050 1287; x_wconf 84' lang='lat' dir='ltr'><strong>eausa</strong></span> <span class='ocrx_word' id='word_1_111' title='bbox 2099 1236 2254 1286; x_wconf 86' lang='lat' dir='ltr'><strong>Junio</strong></span> <span class='ocrx_word' id='word_1_112' title='bbox 2307 1243 2485 1285; x_wconf 81' lang='lat' dir='ltr'><strong>mense-</strong></span> <span class='ocrx_word' id='word_1_113' title='bbox 2550 1278 2554 1298; x_wconf 25' lang='grc' dir='ltr'>ἶ</span> 
     </span>
     <span class='ocr_line' id='line_1_16' title="bbox 1262 1305 2546 1374; baseline -0.008 -9"><span class='ocrx_word' id='word_1_114' title='bbox 1262 1316 1532 1365; x_wconf 85' lang='lat' dir='ltr'><strong>secundum</strong></span> <span class='ocrx_word' id='word_1_115' title='bbox 1570 1311 1806 1362; x_wconf 82' lang='lat' dir='ltr'><strong>circulum</strong></span> <span class='ocrx_word' id='word_1_116' title='bbox 1845 1313 1903 1372; x_wconf 91' lang='lat' dir='ltr'><strong>B,</strong></span> <span class='ocrx_word' id='word_1_117' title='bbox 1943 1312 2170 1374; x_wconf 83' lang='lat' dir='ltr'><strong>Augusto</strong></span> <span class='ocrx_word' id='word_1_118' title='bbox 2210 1306 2478 1358; x_wconf 85' lang='lat' dir='ltr'><strong>seeundum</strong></span> <span class='ocrx_word' id='word_1_119' title='bbox 2530 1305 2546 1369; x_wconf 58' lang='lat' dir='ltr'><strong>J</strong></span> 
     </span>
     <span class='ocr_line' id='line_1_17' title="bbox 1266 1372 2549 1450; baseline -0.009 -11"><span class='ocrx_word' id='word_1_120' title='bbox 1266 1388 1320 1450; x_wconf 88' lang='lat' dir='ltr'><strong>C,</strong></span> <span class='ocrx_word' id='word_1_121' title='bbox 1363 1387 1564 1437; x_wconf 87' lang='lat' dir='ltr'><strong>Octobri</strong></span> <span class='ocrx_word' id='word_1_122' title='bbox 1603 1384 1870 1436; x_wconf 87' lang='lat' dir='ltr'><strong>secundum</strong></span> <span class='ocrx_word' id='word_1_123' title='bbox 1903 1385 1967 1445; x_wconf 94' lang='lat' dir='ltr'><strong>D,</strong></span> <span class='ocrx_word' id='word_1_124' title='bbox 2007 1383 2268 1432; x_wconf 85' lang='lat' dir='ltr'><strong>Decembri</strong></span> <span class='ocrx_word' id='word_1_125' title='bbox 2303 1392 2479 1430; x_wconf 81' lang='lat' dir='ltr'><strong>secuu-</strong></span> <span class='ocrx_word' id='word_1_126' title='bbox 2535 1372 2549 1419; x_wconf 64' lang='lat' dir='ltr'><strong>i</strong></span> 
     </span>
     <span class='ocr_line' id='line_1_18' title="bbox 1268 1454 2542 1522; baseline -0.006 -12"><span class='ocrx_word' id='word_1_127' title='bbox 1268 1462 1384 1510; x_wconf 90' lang='lat' dir='ltr'><strong>dum</strong></span> <span class='ocrx_word' id='word_1_128' title='bbox 1421 1461 1489 1522; x_wconf 89' lang='lat' dir='ltr'><strong>E,</strong></span> <span class='ocrx_word' id='word_1_129' title='bbox 1550 1460 1821 1509; x_wconf 85' lang='lat' dir='ltr'><strong>Februario</strong></span> <span class='ocrx_word' id='word_1_130' title='bbox 1870 1456 2138 1506; x_wconf 85' lang='lat' dir='ltr'><strong>secundum</strong></span> <span class='ocrx_word' id='word_1_131' title='bbox 2177 1456 2246 1516; x_wconf 81' lang='lat' dir='ltr'><strong>F,</strong></span> <span class='ocrx_word' id='word_1_132' title='bbox 2301 1454 2479 1504; x_wconf 68' lang='lat' dir='ltr'><strong>Martio</strong></span> <span class='ocrx_word' id='word_1_133' title='bbox 2533 1471 2542 1513; x_wconf 65' lang='grc' dir='ltr'>ἡ</span> 
     </span>
     <span class='ocr_line' id='line_1_19' title="bbox 1268 1526 2480 1593; baseline -0.008 -10"><span class='ocrx_word' id='word_1_134' title='bbox 1268 1533 1538 1584; x_wconf 87' lang='lat' dir='ltr'><strong>secundum</strong></span> <span class='ocrx_word' id='word_1_135' title='bbox 1586 1531 1655 1593; x_wconf 87' lang='lat' dir='ltr'><strong>G,</strong></span> <span class='ocrx_word' id='word_1_136' title='bbox 1706 1530 1819 1580; x_wconf 90' lang='lat' dir='ltr'><strong>inde</strong></span> <span class='ocrx_word' id='word_1_137' title='bbox 1868 1544 2058 1579; x_wconf 85' lang='lat' dir='ltr'><strong>rursum</strong></span> <span class='ocrx_word' id='word_1_138' title='bbox 2109 1526 2480 1588; x_wconf 49' lang='lat' dir='ltr'><strong>secundum&amp;</strong></span> 
     </span>
     <span class='ocr_line' id='line_1_20' title="bbox 1266 1599 2484 1669; baseline -0.002 -15"><span class='ocrx_word' id='word_1_139' title='bbox 1266 1609 1557 1669; x_wconf 88' lang='lat' dir='ltr'><strong>interimque</strong></span> <span class='ocrx_word' id='word_1_140' title='bbox 1593 1605 1872 1669; x_wconf 86' lang='lat' dir='ltr'><strong>planetam,</strong></span> <span class='ocrx_word' id='word_1_141' title='bbox 1924 1603 2044 1651; x_wconf 87' lang='lat' dir='ltr'><strong>nihil</strong></span> <span class='ocrx_word' id='word_1_142' title='bbox 2083 1603 2331 1651; x_wconf 88' lang='lat' dir='ltr'><strong>turbatum</strong></span> <span class='ocrx_word' id='word_1_143' title='bbox 2389 1599 2484 1649; x_wconf 77' lang='lat' dir='ltr'><strong>bae</strong></span> 
     </span>
    </p>

    <p class='ocr_par' dir='ltr' id='par_1_8' title="bbox 399 1672 2546 1759">
     <span class='ocr_line' id='line_1_21' title="bbox 399 1672 2546 1759; baseline -0.006 -24"><span class='ocrx_word' id='word_1_144' title='bbox 399 1747 410 1759; x_wconf 90' lang='lat'><strong>.</strong></span> <span class='ocrx_word' id='word_1_145' title='bbox 1266 1680 1518 1729; x_wconf 86' lang='lat' dir='ltr'><strong>luxatione</strong></span> <span class='ocrx_word' id='word_1_146' title='bbox 1565 1680 1643 1728; x_wconf 90' lang='lat' dir='ltr'><strong>sui</strong></span> <span class='ocrx_word' id='word_1_147' title='bbox 1693 1678 1852 1742; x_wconf 85' lang='lat' dir='ltr'><strong>orbis,</strong></span> <span class='ocrx_word' id='word_1_148' title='bbox 1899 1678 2029 1724; x_wconf 85' lang='lat' dir='ltr'><strong>intra</strong></span> <span class='ocrx_word' id='word_1_149' title='bbox 2070 1675 2270 1736; x_wconf 85' lang='lat' dir='ltr'><strong>orbem,</strong></span> <span class='ocrx_word' id='word_1_150' title='bbox 2326 1672 2479 1724; x_wconf 78' lang='lat' dir='ltr'><strong>veluti</strong></span> <span class='ocrx_word' id='word_1_151' title='bbox 2541 1678 2546 1679; x_wconf 69' lang='grc'>’</span> 
     </span>
    </p>

    <p class='ocr_par' dir='ltr' id='par_1_9' title="bbox 232 1743 2549 1817">
     <span class='ocr_line' id='line_1_22' title="bbox 232 1743 2549 1817; baseline -0.008 -7"><span class='ocrx_word' id='word_1_152' title='bbox 232 1748 328 1798; x_wconf 71' lang='lat' dir='ltr'><strong>fixo</strong></span> <span class='ocrx_word' id='word_1_153' title='bbox 367 1763 472 1811; x_wconf 70' lang='lat' dir='ltr'><strong>eJUS</strong></span> <span class='ocrx_word' id='word_1_154' title='bbox 512 1755 711 1809; x_wconf 50' lang='lat' dir='ltr'><strong>centwr</strong></span> <span class='ocrx_word' id='word_1_155' title='bbox 756 1748 988 1797; x_wconf 73' lang='lat' dir='ltr'><strong>circulum</strong></span> <span class='ocrx_word' id='word_1_156' title='bbox 1035 1764 1176 1817; x_wconf 72' lang='lat' dir='ltr'><strong>suum</strong></span> <span class='ocrx_word' id='word_1_157' title='bbox 1219 1753 1474 1815; x_wconf 79' lang='lat' dir='ltr'><strong>perficere.</strong></span> <span class='ocrx_word' id='word_1_158' title='bbox 1553 1751 1855 1814; x_wconf 84' lang='lat' dir='ltr'><strong>Copernicus</strong></span> <span class='ocrx_word' id='word_1_159' title='bbox 1902 1763 2020 1798; x_wconf 85' lang='lat' dir='ltr'><strong>vero</strong></span> <span class='ocrx_word' id='word_1_160' title='bbox 2069 1753 2234 1797; x_wconf 89' lang='lat' dir='ltr'><strong>centra</strong></span> <span class='ocrx_word' id='word_1_161' title='bbox 2281 1746 2485 1806; x_wconf 72' lang='lat' dir='ltr'><strong>orbim,</strong></span> <span class='ocrx_word' id='word_1_162' title='bbox 2531 1743 2549 1798; x_wconf 68' lang='lat'><strong>,¹7</strong></span> 
     </span>
    </p>

    <p class='ocr_par' dir='ltr' id='par_1_10' title="bbox 232 1815 2545 1906">
     <span class='ocr_line' id='line_1_23' title="bbox 232 1815 2545 1906; baseline -0.002 -35"><span class='ocrx_word' id='word_1_163' title='bbox 232 1820 364 1906; x_wconf 73' lang='lat' dir='ltr'><strong>quod</strong></span> <span class='ocrx_word' id='word_1_164' title='bbox 403 1836 616 1871; x_wconf 89' lang='lat' dir='ltr'><strong>annuum</strong></span> <span class='ocrx_word' id='word_1_165' title='bbox 656 1829 849 1885; x_wconf 87' lang='lat' dir='ltr'><strong>tempus</strong></span> <span class='ocrx_word' id='word_1_166' title='bbox 888 1825 1077 1884; x_wconf 84' lang='lat' dir='ltr'><strong>attinet,</strong></span> <span class='ocrx_word' id='word_1_167' title='bbox 1115 1825 1347 1888; x_wconf 84' lang='lat' dir='ltr'><strong>relinquit</strong></span> <span class='ocrx_word' id='word_1_168' title='bbox 1382 1828 1577 1890; x_wconf 87' lang='lat' dir='ltr'><strong>penitus</strong></span> <span class='ocrx_word' id='word_1_169' title='bbox 1602 1825 1714 1885; x_wconf 85' lang='lat' dir='ltr'><strong>fixa,</strong></span> <span class='ocrx_word' id='word_1_170' title='bbox 1754 1823 1904 1871; x_wconf 87' lang='lat' dir='ltr'><strong>fixum</strong></span> <span class='ocrx_word' id='word_1_171' title='bbox 1931 1824 2077 1872; x_wconf 87' lang='lat' dir='ltr'><strong>etiam</strong></span> <span class='ocrx_word' id='word_1_172' title='bbox 2115 1826 2332 1870; x_wconf 79' lang='lat' dir='ltr'><strong>centrum</strong></span> <span class='ocrx_word' id='word_1_173' title='bbox 2361 1817 2488 1868; x_wconf 75' lang='lat' dir='ltr'><strong>Solis</strong></span> <span class='ocrx_word' id='word_1_174' title='bbox 2530 1815 2545 1881; x_wconf 70' lang='lat'><strong>2&#39;</strong></span> 
     </span>
    </p>

    <p class='ocr_par' dir='ltr' id='par_1_11' title="bbox 163 1887 2554 1962">
     <span class='ocr_line' id='line_1_24' title="bbox 163 1887 2554 1962; baseline -0.002 -20"><span class='ocrx_word' id='word_1_175' title='bbox 163 1956 169 1962; x_wconf 70' lang='lat'><strong>..</strong></span> <span class='ocrx_word' id='word_1_176' title='bbox 230 1909 280 1942; x_wconf 76' lang='lat' dir='ltr'><strong>in</strong></span> <span class='ocrx_word' id='word_1_177' title='bbox 331 1901 601 1945; x_wconf 89' lang='lat' dir='ltr'><strong>centrorum</strong></span> <span class='ocrx_word' id='word_1_178' title='bbox 649 1895 888 1946; x_wconf 91' lang='lat' dir='ltr'><strong>dictorum</strong></span> <span class='ocrx_word' id='word_1_179' title='bbox 937 1897 1145 1958; x_wconf 76' lang='lat' dir='ltr'><strong>vicinia,</strong></span> <span class='ocrx_word' id='word_1_180' title='bbox 1207 1904 1394 1947; x_wconf 91' lang='lat' dir='ltr'><strong>motum</strong></span> <span class='ocrx_word' id='word_1_181' title='bbox 1441 1906 1558 1948; x_wconf 81' lang='lat' dir='ltr'><strong>&#39;vero</strong></span> <span class='ocrx_word' id='word_1_182' title='bbox 1607 1910 1823 1946; x_wconf 88' lang='lat' dir='ltr'><strong>annuum</strong></span> <span class='ocrx_word' id='word_1_183' title='bbox 1871 1898 1999 1945; x_wconf 89' lang='lat' dir='ltr'><strong>eirca</strong></span> <span class='ocrx_word' id='word_1_184' title='bbox 2048 1893 2213 1943; x_wconf 83' lang='lat' dir='ltr'><strong>Solem</strong></span> <span class='ocrx_word' id='word_1_185' title='bbox 2260 1887 2554 1941; x_wconf 54' lang='lat' dir='ltr'><strong>adscribitaess}</strong></span> 
     </span>
    </p>

    <p class='ocr_par' dir='ltr' id='par_1_12' title="bbox 230 1932 2554 2034">
     <span class='ocr_line' id='line_1_25' title="bbox 230 1932 2554 2034; baseline -0 -19"><span class='ocrx_word' id='word_1_186' title='bbox 230 1966 416 2016; x_wconf 83' lang='lat' dir='ltr'><strong>Telluri</strong></span> <span class='ocrx_word' id='word_1_187' title='bbox 454 1974 503 2018; x_wconf 91' lang='lat' dir='ltr'><strong>et</strong></span> <span class='ocrx_word' id='word_1_188' title='bbox 540 1970 611 2019; x_wconf 89' lang='lat' dir='ltr'><strong>sic</strong></span> <span class='ocrx_word' id='word_1_189' title='bbox 651 1971 776 2019; x_wconf 87' lang='lat' dir='ltr'><strong>visui</strong></span> <span class='ocrx_word' id='word_1_190' title='bbox 813 1975 1005 2018; x_wconf 84' lang='lat' dir='ltr'><strong>nostro:</strong></span> <span class='ocrx_word' id='word_1_191' title='bbox 1046 1983 1111 2020; x_wconf 82' lang='lat' dir='ltr'><strong>ex</strong></span> <span class='ocrx_word' id='word_1_192' title='bbox 1148 1985 1246 2034; x_wconf 87' lang='lat' dir='ltr'><strong>quo</strong></span> <span class='ocrx_word' id='word_1_193' title='bbox 1286 1972 1374 2021; x_wconf 85' lang='lat' dir='ltr'><strong>fiat</strong></span> <span class='ocrx_word' id='word_1_194' title='bbox 1409 1978 1479 2034; x_wconf 86' lang='lat' dir='ltr'><strong>ut,</strong></span> <span class='ocrx_word' id='word_1_195' title='bbox 1517 1985 1626 2020; x_wconf 91' lang='lat' dir='ltr'><strong>cum</strong></span> <span class='ocrx_word' id='word_1_196' title='bbox 1673 1972 1811 2019; x_wconf 79' lang='lat' dir='ltr'><strong>visus</strong></span> <span class='ocrx_word' id='word_1_197' title='bbox 1848 1983 1901 2018; x_wconf 87' lang='lat' dir='ltr'><strong>se</strong></span> <span class='ocrx_word' id='word_1_198' title='bbox 1937 1972 2076 2032; x_wconf 84' lang='lat' dir='ltr'><strong>putet</strong></span> <span class='ocrx_word' id='word_1_199' title='bbox 2101 1967 2365 2030; x_wconf 85' lang='lat' dir='ltr'><strong>quiescere,</strong></span> <span class='ocrx_word' id='word_1_200' title='bbox 2399 1962 2489 2013; x_wconf 79' lang='lat' dir='ltr'><strong>Sol</strong></span> <span class='ocrx_word' id='word_1_201' title='bbox 2524 1932 2554 2027; x_wconf 41' lang='grc' dir='ltr'><strong>ξ’.</strong></span> 
     </span>
    </p>

    <p class='ocr_par' dir='ltr' id='par_1_13' title="bbox 231 2029 2554 2107">
     <span class='ocr_line' id='line_1_26' title="bbox 231 2029 2554 2107; baseline -0.001 -17"><span class='ocrx_word' id='word_1_202' title='bbox 231 2055 393 2090; x_wconf 85' lang='lat' dir='ltr'><strong>annuo</strong></span> <span class='ocrx_word' id='word_1_203' title='bbox 432 2049 568 2090; x_wconf 91' lang='lat' dir='ltr'><strong>motu</strong></span> <span class='ocrx_word' id='word_1_204' title='bbox 603 2043 805 2103; x_wconf 87' lang='lat' dir='ltr'><strong>moveri,</strong></span> <span class='ocrx_word' id='word_1_205' title='bbox 844 2042 1071 2104; x_wconf 88' lang='lat' dir='ltr'><strong>planetae</strong></span> <span class='ocrx_word' id='word_1_206' title='bbox 1114 2059 1230 2093; x_wconf 86' lang='lat' dir='ltr'><strong>vero</strong></span> <span class='ocrx_word' id='word_1_207' title='bbox 1270 2059 1442 2094; x_wconf 83' lang='lat' dir='ltr'><strong>omnes</strong></span> <span class='ocrx_word' id='word_1_208' title='bbox 1464 2045 1683 2107; x_wconf 88' lang='lat' dir='ltr'><strong>quinque</strong></span> <span class='ocrx_word' id='word_1_209' title='bbox 1717 2046 2017 2101; x_wconf 66' lang='lat' dir='ltr'><strong>nunczstare,</strong></span> <span class='ocrx_word' id='word_1_210' title='bbox 2054 2053 2187 2089; x_wconf 89' lang='lat' dir='ltr'><strong>nunc</strong></span> <span class='ocrx_word' id='word_1_211' title='bbox 2210 2042 2342 2089; x_wconf 86' lang='lat' dir='ltr'><strong>viam</strong></span> <span class='ocrx_word' id='word_1_212' title='bbox 2375 2040 2493 2088; x_wconf 76' lang='lat' dir='ltr'><strong>oon-</strong></span> <span class='ocrx_word' id='word_1_213' title='bbox 2524 2029 2554 2098; x_wconf 60' lang='grc' dir='ltr'>Ξ</span> 
     </span>
    </p>

    <p class='ocr_par' dir='ltr' id='par_1_14' title="bbox 234 2103 2546 2180">
     <span class='ocr_line' id='line_1_27' title="bbox 234 2114 2484 2180; baseline 0 -19"><span class='ocrx_word' id='word_1_214' title='bbox 234 2115 430 2162; x_wconf 86' lang='lat' dir='ltr'><strong>trariam</strong></span> <span class='ocrx_word' id='word_1_215' title='bbox 470 2116 553 2175; x_wconf 92' lang='lat' dir='ltr'><strong>ire,</strong></span> <span class='ocrx_word' id='word_1_216' title='bbox 594 2130 721 2163; x_wconf 90' lang='lat' dir='ltr'><strong>nunc</strong></span> <span class='ocrx_word' id='word_1_217' title='bbox 760 2114 996 2164; x_wconf 90' lang='lat' dir='ltr'><strong>celerrimi</strong></span> <span class='ocrx_word' id='word_1_218' title='bbox 1035 2117 1166 2164; x_wconf 88' lang='lat' dir='ltr'><strong>viam</strong></span> <span class='ocrx_word' id='word_1_219' title='bbox 1206 2116 1437 2166; x_wconf 83' lang='lat' dir='ltr'><strong>directam</strong></span> <span class='ocrx_word' id='word_1_220' title='bbox 1474 2131 1674 2180; x_wconf 86' lang='lat' dir='ltr'><strong>pergere</strong></span> <span class='ocrx_word' id='word_1_221' title='bbox 1715 2114 1986 2164; x_wconf 86' lang='lat' dir='ltr'><strong>videantur.</strong></span> <span class='ocrx_word' id='word_1_222' title='bbox 2463 2143 2484 2149; x_wconf 76' lang='lat'><strong>.,</strong></span> 
     </span>
    </p>

    <p class='ocr_par' dir='ltr' id='par_1_15' title="bbox 200 2162 2554 2833">
     <span class='ocr_line' id='line_1_28' title="bbox 384 2162 2538 2251; baseline -0.003 -15"><span class='ocrx_word' id='word_1_223' title='bbox 384 2187 576 2249; x_wconf 75' lang='lat' dir='ltr'><strong>Quibus</strong></span> <span class='ocrx_word' id='word_1_224' title='bbox 612 2191 771 2250; x_wconf 65' lang='grc' dir='ltr'><strong>ἱρέων</strong></span> <span class='ocrx_word' id='word_1_225' title='bbox 808 2192 1123 2250; x_wconf 68' lang='lat' dir='ltr'><strong>armamentis</strong></span> <span class='ocrx_word' id='word_1_226' title='bbox 1154 2191 1344 2251; x_wconf 72' lang='lat' dir='ltr'><strong>probas</strong></span> <span class='ocrx_word' id='word_1_227' title='bbox 1379 2191 1414 2238; x_wconf 82' lang='lat'><strong><em>3</em></strong></span> <span class='ocrx_word' id='word_1_228' title='bbox 1425 2226 1441 2251; x_wconf 91' lang='lat'><strong>,</strong></span> <span class='ocrx_word' id='word_1_229' title='bbox 1481 2202 1802 2239; x_wconf 81' lang='lat' dir='ltr'><strong>communem</strong></span> <span class='ocrx_word' id='word_1_230' title='bbox 1837 2188 1999 2236; x_wconf 75' lang='lat' dir='ltr'><strong>illum·</strong></span> <span class='ocrx_word' id='word_1_231' title='bbox 2023 2185 2218 2235; x_wconf 79' lang='lat' dir='ltr'><strong>nodum</strong></span> <span class='ocrx_word' id='word_1_232' title='bbox 2253 2198 2342 2232; x_wconf 77' lang='lat' dir='ltr'><strong>seu</strong></span> <span class='ocrx_word' id='word_1_233' title='bbox 2379 2198 2494 2231; x_wconf 81' lang='lat' dir='ltr'><strong>cen-</strong></span> <span class='ocrx_word' id='word_1_234' title='bbox 2523 2162 2538 2228; x_wconf 49' lang='grc' dir='ltr'><strong>,θ’</strong></span> 
     </span>
     <span class='ocr_line' id='line_1_29' title="bbox 233 2250 2540 2325; baseline -0.002 -18"><span class='ocrx_word' id='word_1_235' title='bbox 233 2265 372 2308; x_wconf 78' lang='lat' dir='ltr'><strong>trum</strong></span> <span class='ocrx_word' id='word_1_236' title='bbox 407 2266 731 2323; x_wconf 75' lang='lat' dir='ltr'><strong>systematum</strong></span> <span class='ocrx_word' id='word_1_237' title='bbox 756 2267 986 2312; x_wconf 81' lang='lat' dir='ltr'><strong>omnium</strong></span> <span class='ocrx_word' id='word_1_238' title='bbox 1019 2265 1400 2323; x_wconf 74' lang='lat' dir='ltr'><strong>primariorum</strong></span> <span class='ocrx_word' id='word_1_239' title='bbox 1438 2263 1713 2325; x_wconf 76' lang='lat' dir='ltr'><strong>competere</strong></span> <span class='ocrx_word' id='word_1_240' title='bbox 1734 2276 1842 2310; x_wconf 80' lang='lat' dir='ltr'><strong>non</strong></span> <span class='ocrx_word' id='word_1_241' title='bbox 1874 2261 2111 2323; x_wconf 76' lang='lat' dir='ltr'><strong>proxime</strong></span> <span class='ocrx_word' id='word_1_242' title='bbox 2142 2271 2325 2320; x_wconf 80' lang='lat' dir='ltr'><strong>corpus</strong></span> <span class='ocrx_word' id='word_1_243' title='bbox 2352 2250 2540 2317; x_wconf 47' lang='lat' dir='ltr'><strong>Solia?</strong></span> 
     </span>
     <span class='ocr_line' id='line_1_30' title="bbox 235 2327 2547 2398; baseline -0.002 -19"><span class='ocrx_word' id='word_1_244' title='bbox 235 2332 320 2380; x_wconf 80' lang='lat' dir='ltr'><strong>sed</strong></span> <span class='ocrx_word' id='word_1_245' title='bbox 367 2334 424 2380; x_wconf 80' lang='lat' dir='ltr'><strong>in</strong></span> <span class='ocrx_word' id='word_1_246' title='bbox 471 2335 640 2395; x_wconf 81' lang='lat' dir='ltr'><strong>ipsum</strong></span> <span class='ocrx_word' id='word_1_247' title='bbox 685 2343 875 2395; x_wconf 63' lang='lat' dir='ltr'><strong>corpus*</strong></span> <span class='ocrx_word' id='word_1_248' title='bbox 917 2341 966 2383; x_wconf 83' lang='lat' dir='ltr'><strong>et</strong></span> <span class='ocrx_word' id='word_1_249' title='bbox 1013 2341 1242 2384; x_wconf 63' lang='lat' dir='ltr'><strong>centrum</strong></span> <span class='ocrx_word' id='word_1_250' title='bbox 1268 2335 1447 2385; x_wconf 76' lang='lat' dir='ltr'><strong>Solis?</strong></span> <span class='ocrx_word' id='word_1_251' title='bbox 1511 2337 1813 2398; x_wconf 84' lang='lat' dir='ltr'><strong>Argumenta</strong></span> <span class='ocrx_word' id='word_1_252' title='bbox 1859 2333 2008 2396; x_wconf 82' lang='lat' dir='ltr'><strong>hujus</strong></span> <span class='ocrx_word' id='word_1_253' title='bbox 2054 2332 2124 2380; x_wconf 89' lang='lat' dir='ltr'><strong>rei</strong></span> <span class='ocrx_word' id='word_1_254' title='bbox 2174 2333 2241 2378; x_wconf 88' lang='lat' dir='ltr'><strong>in·</strong></span> <span class='ocrx_word' id='word_1_255' title='bbox 2279 2327 2499 2378; x_wconf 70' lang='lat' dir='ltr'><strong>doctrina</strong></span> <span class='ocrx_word' id='word_1_256' title='bbox 2520 2339 2547 2346; x_wconf 47' lang='lat'><strong>*⁴</strong></span> 
     </span>
     <span class='ocr_line' id='line_1_31' title="bbox 238 2395 2554 2469; baseline -0.005 -7"><span class='ocrx_word' id='word_1_257' title='bbox 238 2408 563 2460; x_wconf 71' lang='lat' dir='ltr'><strong>astronomica</strong></span> <span class='ocrx_word' id='word_1_258' title='bbox 602 2413 830 2456; x_wconf 86' lang='lat' dir='ltr'><strong>texuntur</strong></span> <span class='ocrx_word' id='word_1_259' title='bbox 867 2409 976 2457; x_wconf 86' lang='lat' dir='ltr'><strong>ista.</strong></span> <span class='ocrx_word' id='word_1_260' title='bbox 1055 2410 1100 2457; x_wconf 91' lang='lat'><strong>1.</strong></span> <span class='ocrx_word' id='word_1_261' title='bbox 1154 2409 1198 2457; x_wconf 87' lang='lat' dir='ltr'><strong>A</strong></span> <span class='ocrx_word' id='word_1_262' title='bbox 1235 2415 1374 2457; x_wconf 89' lang='lat' dir='ltr'><strong>motu</strong></span> <span class='ocrx_word' id='word_1_263' title='bbox 1414 2408 1686 2458; x_wconf 81' lang='lat' dir='ltr'><strong>altitudinis</strong></span> <span class='ocrx_word' id='word_1_264' title='bbox 1725 2413 1774 2456; x_wconf 86' lang='lat' dir='ltr'><strong>et</strong></span> <span class='ocrx_word' id='word_1_265' title='bbox 1811 2404 2136 2469; x_wconf 81' lang='lat' dir='ltr'><strong>longitudinis</strong></span> <span class='ocrx_word' id='word_1_266' title='bbox 2170 2395 2554 2467; x_wconf 52' lang='lat' dir='ltr'><strong>planetarum-J</strong></span> 
     </span>
     <span class='ocr_line' id='line_1_32' title="bbox 200 2475 2497 2562; baseline -0.004 -31"><span class='ocrx_word' id='word_1_267' title='bbox 200 2526 205 2531; x_wconf 72' lang='grc'>,</span> <span class='ocrx_word' id='word_1_268' title='bbox 239 2475 623 2562; x_wconf 70' lang='lat' dir='ltr'><strong>Qbservationes</strong></span> <span class='ocrx_word' id='word_1_269' title='bbox 666 2479 879 2543; x_wconf 90' lang='lat' dir='ltr'><strong>legitime</strong></span> <span class='ocrx_word' id='word_1_270' title='bbox 930 2486 1166 2530; x_wconf 82' lang='lat' dir='ltr'><strong>tractatae</strong></span> <span class='ocrx_word' id='word_1_271' title='bbox 1214 2487 1479 2541; x_wconf 83' lang='lat' dir='ltr'><strong>testantur,</strong></span> <span class='ocrx_word' id='word_1_272' title='bbox 1528 2481 1914 2543; x_wconf 82' lang='lat' dir='ltr'><strong>uniuscujusque</strong></span> <span class='ocrx_word' id='word_1_273' title='bbox 1968 2479 2186 2527; x_wconf 86' lang='lat' dir='ltr'><strong>theoriae</strong></span> <span class='ocrx_word' id='word_1_274' title='bbox 2241 2476 2497 2540; x_wconf 62' lang='lat' dir='ltr'><strong>primariae</strong></span> 
     </span>
     <span class='ocr_line' id='line_1_33' title="bbox 238 2546 2498 2618; baseline -0.001 -19"><span class='ocrx_word' id='word_1_275' title='bbox 238 2550 419 2600; x_wconf 75' lang='lat' dir='ltr'><strong>lineam</strong></span> <span class='ocrx_word' id='word_1_276' title='bbox 458 2551 822 2618; x_wconf 87' lang='lat' dir='ltr'><strong>longissimam,</strong></span> <span class='ocrx_word' id='word_1_277' title='bbox 874 2568 1001 2616; x_wconf 84' lang='lat' dir='ltr'><strong>quae</strong></span> <span class='ocrx_word' id='word_1_278' title='bbox 1039 2555 1204 2604; x_wconf 87' lang='lat' dir='ltr'><strong>orbem</strong></span> <span class='ocrx_word' id='word_1_279' title='bbox 1242 2557 1292 2603; x_wconf 89' lang='lat' dir='ltr'><strong>iu</strong></span> <span class='ocrx_word' id='word_1_280' title='bbox 1332 2556 1474 2603; x_wconf 89' lang='lat' dir='ltr'><strong>binos</strong></span> <span class='ocrx_word' id='word_1_281' title='bbox 1512 2553 1845 2603; x_wconf 89' lang='lat' dir='ltr'><strong>semicirculos</strong></span> <span class='ocrx_word' id='word_1_282' title='bbox 1882 2558 1932 2601; x_wconf 81' lang='lat' dir='ltr'><strong>et</strong></span> <span class='ocrx_word' id='word_1_283' title='bbox 1969 2552 2245 2615; x_wconf 72' lang='lat' dir='ltr'><strong>quantitate</strong></span> <span class='ocrx_word' id='word_1_284' title='bbox 2284 2555 2333 2598; x_wconf 89' lang='lat' dir='ltr'><strong>et</strong></span> <span class='ocrx_word' id='word_1_285' title='bbox 2371 2546 2498 2598; x_wconf 61' lang='lat' dir='ltr'><strong>cele·</strong></span> 
     </span>
     <span class='ocr_line' id='line_1_34' title="bbox 238 2620 2497 2690; baseline -0.002 -18"><span class='ocrx_word' id='word_1_286' title='bbox 238 2626 380 2673; x_wconf 86' lang='lat' dir='ltr'><strong>ritate</strong></span> <span class='ocrx_word' id='word_1_287' title='bbox 417 2627 629 2688; x_wconf 85' lang='lat' dir='ltr'><strong>partium</strong></span> <span class='ocrx_word' id='word_1_288' title='bbox 668 2625 930 2676; x_wconf 89' lang='lat' dir='ltr'><strong>earundem</strong></span> <span class='ocrx_word' id='word_1_289' title='bbox 966 2627 1200 2690; x_wconf 87' lang='lat' dir='ltr'><strong>aequales</strong></span> <span class='ocrx_word' id='word_1_290' title='bbox 1240 2633 1408 2677; x_wconf 83' lang='lat' dir='ltr'><strong>exacte</strong></span> <span class='ocrx_word' id='word_1_291' title='bbox 1447 2629 1661 2688; x_wconf 85' lang='lat' dir='ltr'><strong>bisecat,</strong></span> <span class='ocrx_word' id='word_1_292' title='bbox 1717 2627 1922 2675; x_wconf 86' lang='lat' dir='ltr'><strong>transire</strong></span> <span class='ocrx_word' id='word_1_293' title='bbox 1968 2636 2055 2688; x_wconf 85' lang='lat' dir='ltr'><strong>per</strong></span> <span class='ocrx_word' id='word_1_294' title='bbox 2102 2629 2320 2672; x_wconf 85' lang='lat' dir='ltr'><strong>centrum</strong></span> <span class='ocrx_word' id='word_1_295' title='bbox 2357 2620 2497 2670; x_wconf 64' lang='lat' dir='ltr'><strong>Solia</strong></span> 
     </span>
     <span class='ocr_line' id='line_1_35' title="bbox 239 2692 2498 2774; baseline -0.001 -30"><span class='ocrx_word' id='word_1_296' title='bbox 239 2694 422 2774; x_wconf 77' lang='lat' dir='ltr'><strong>Omnes</strong></span> <span class='ocrx_word' id='word_1_297' title='bbox 460 2699 608 2760; x_wconf 88' lang='lat' dir='ltr'><strong>igitur</strong></span> <span class='ocrx_word' id='word_1_298' title='bbox 648 2701 861 2761; x_wconf 89' lang='lat' dir='ltr'><strong>quinque</strong></span> <span class='ocrx_word' id='word_1_299' title='bbox 899 2700 1058 2749; x_wconf 84' lang='lat' dir='ltr'><strong>lineae</strong></span> <span class='ocrx_word' id='word_1_300' title='bbox 1099 2700 1412 2762; x_wconf 89' lang='lat' dir='ltr'><strong>altitudinum</strong></span> <span class='ocrx_word' id='word_1_301' title='bbox 1451 2706 1743 2750; x_wconf 90' lang='lat' dir='ltr'><strong>concurrunt</strong></span> <span class='ocrx_word' id='word_1_302' title='bbox 1780 2704 2016 2762; x_wconf 79' lang='lat' dir='ltr'><strong>perpetuo</strong></span> <span class='ocrx_word' id='word_1_303' title='bbox 2064 2699 2114 2744; x_wconf 84' lang='lat' dir='ltr'><strong>iu</strong></span> <span class='ocrx_word' id='word_1_304' title='bbox 2153 2701 2316 2746; x_wconf 89' lang='lat' dir='ltr'><strong>centro</strong></span> <span class='ocrx_word' id='word_1_305' title='bbox 2357 2692 2498 2744; x_wconf 69' lang='lat' dir='ltr'><strong>Soita</strong></span> 
     </span>
     <span class='ocr_line' id='line_1_36' title="bbox 241 2769 1117 2833; baseline 0.007 -16"><span class='ocrx_word' id='word_1_306' title='bbox 241 2769 432 2833; x_wconf 85' lang='lat' dir='ltr'><strong>Inspice</strong></span> <span class='ocrx_word' id='word_1_307' title='bbox 471 2771 723 2821; x_wconf 86' lang='lat' dir='ltr'><strong>schemata</strong></span> <span class='ocrx_word' id='word_1_308' title='bbox 758 2772 875 2822; x_wconf 87' lang='lat' dir='ltr'><strong>Nro.</strong></span> <span class='ocrx_word' id='word_1_309' title='bbox 903 2774 987 2822; x_wconf 78' lang='lat'><strong>51.</strong></span> <span class='ocrx_word' id='word_1_310' title='bbox 1028 2775 1117 2823; x_wconf 74' lang='lat'><strong>52.</strong></span> 
     </span>
    </p>

    <p class='ocr_par' dir='ltr' id='par_1_16' title="bbox 238 2838 2535 3055">
     <span class='ocr_line' id='line_1_37' title="bbox 383 2838 2497 2909; baseline -0.002 -19"><span class='ocrx_word' id='word_1_311' title='bbox 383 2846 428 2894; x_wconf 77' lang='lat'><strong>2,</strong></span> <span class='ocrx_word' id='word_1_312' title='bbox 482 2843 527 2892; x_wconf 93' lang='lat' dir='ltr'>A</span> <span class='ocrx_word' id='word_1_313' title='bbox 565 2851 704 2893; x_wconf 89' lang='lat' dir='ltr'><strong>motu</strong></span> <span class='ocrx_word' id='word_1_314' title='bbox 737 2844 1010 2894; x_wconf 87' lang='lat' dir='ltr'><strong>latitudinis</strong></span> <span class='ocrx_word' id='word_1_315' title='bbox 1046 2846 1389 2909; x_wconf 51' lang='lat' dir='ltr'><strong>planetarum.¹</strong></span> <span class='ocrx_word' id='word_1_316' title='bbox 1446 2846 1522 2894; x_wconf 83' lang='lat' dir='ltr'><strong>Ex</strong></span> <span class='ocrx_word' id='word_1_317' title='bbox 1561 2845 1733 2895; x_wconf 90' lang='lat' dir='ltr'><strong>eodem</strong></span> <span class='ocrx_word' id='word_1_318' title='bbox 1770 2858 1931 2893; x_wconf 88' lang='lat' dir='ltr'><strong>rerum</strong></span> <span class='ocrx_word' id='word_1_319' title='bbox 1969 2855 2161 2905; x_wconf 84' lang='lat' dir='ltr'><strong>genere,</strong></span> <span class='ocrx_word' id='word_1_320' title='bbox 2203 2855 2270 2891; x_wconf 87' lang='lat' dir='ltr'><strong>sc.</strong></span> <span class='ocrx_word' id='word_1_321' title='bbox 2311 2838 2497 2889; x_wconf 53' lang='lat' dir='ltr'><strong>evah</strong></span> 
     </span>
     <span class='ocr_line' id='line_1_38' title="bbox 238 2907 2503 2982; baseline -0.002 -19"><span class='ocrx_word' id='word_1_322' title='bbox 238 2918 596 2966; x_wconf 86' lang='lat' dir='ltr'><strong>servationibus</strong></span> <span class='ocrx_word' id='word_1_323' title='bbox 635 2917 892 2979; x_wconf 86' lang='lat' dir='ltr'><strong>discimus,</strong></span> <span class='ocrx_word' id='word_1_324' title='bbox 938 2920 1332 2982; x_wconf 78' lang='lat' dir='ltr'><strong>uuiuscujusque</strong></span> <span class='ocrx_word' id='word_1_325' title='bbox 1382 2921 1600 2982; x_wconf 86' lang='lat' dir='ltr'><strong>primarii</strong></span> <span class='ocrx_word' id='word_1_326' title='bbox 1650 2919 1881 2981; x_wconf 83' lang='lat' dir='ltr'><strong>planetae</strong></span> <span class='ocrx_word' id='word_1_327' title='bbox 1921 2917 2130 2965; x_wconf 88' lang='lat' dir='ltr'><strong>orbitam</strong></span> <span class='ocrx_word' id='word_1_328' title='bbox 2177 2915 2241 2963; x_wconf 89' lang='lat' dir='ltr'><strong>ab</strong></span> <span class='ocrx_word' id='word_1_329' title='bbox 2282 2907 2503 2976; x_wconf 56' lang='lat' dir='ltr'><strong>eclipsi&amp;</strong></span> 
     </span>
     <span class='ocr_line' id='line_1_39' title="bbox 240 2977 2535 3055; baseline 0 -19"><span class='ocrx_word' id='word_1_330' title='bbox 240 2990 392 3037; x_wconf 88' lang='lat' dir='ltr'><strong>secari</strong></span> <span class='ocrx_word' id='word_1_331' title='bbox 429 2988 549 3039; x_wconf 88' lang='lat' dir='ltr'><strong>locis</strong></span> <span class='ocrx_word' id='word_1_332' title='bbox 591 3005 648 3038; x_wconf 86' lang='lat' dir='ltr'><strong>ex</strong></span> <span class='ocrx_word' id='word_1_333' title='bbox 689 2998 851 3040; x_wconf 89' lang='lat' dir='ltr'><strong>centro</strong></span> <span class='ocrx_word' id='word_1_334' title='bbox 889 2991 1034 3052; x_wconf 87' lang='lat' dir='ltr'><strong>Solis,</strong></span> <span class='ocrx_word' id='word_1_335' title='bbox 1075 3006 1172 3040; x_wconf 90' lang='lat' dir='ltr'><strong>non</strong></span> <span class='ocrx_word' id='word_1_336' title='bbox 1211 3007 1271 3041; x_wconf 86' lang='lat' dir='ltr'><strong>ex</strong></span> <span class='ocrx_word' id='word_1_337' title='bbox 1310 2991 1408 3041; x_wconf 91' lang='lat' dir='ltr'><strong>alio</strong></span> <span class='ocrx_word' id='word_1_338' title='bbox 1449 2994 1613 3041; x_wconf 83' lang='lat' dir='ltr'><strong>vicino</strong></span> <span class='ocrx_word' id='word_1_339' title='bbox 1650 2997 1851 3055; x_wconf 74' lang='lat' dir='ltr'><strong>punem,</strong></span> <span class='ocrx_word' id='word_1_340' title='bbox 1896 2990 2151 3053; x_wconf 85' lang='lat' dir='ltr'><strong>oppositis.</strong></span> <span class='ocrx_word' id='word_1_341' title='bbox 2375 2977 2498 3026; x_wconf 58' lang='grc' dir='ltr'><strong>ἨΜ</strong></span> <span class='ocrx_word' id='word_1_342' title='bbox 2528 3011 2535 3015; x_wconf 27' lang='lat'><em>³</em></span> 
     </span>
    </p>

    <p class='ocr_par' dir='ltr' id='par_1_17' title="bbox 244 3059 2504 3706">
     <span class='ocr_line' id='line_1_40' title="bbox 387 3059 2504 3127; baseline -0.001 -18"><span class='ocrx_word' id='word_1_343' title='bbox 387 3063 433 3109; x_wconf 85' lang='lat'><strong>3.</strong></span> <span class='ocrx_word' id='word_1_344' title='bbox 487 3062 672 3123; x_wconf 85' lang='lat' dir='ltr'><strong>Quodsi</strong></span> <span class='ocrx_word' id='word_1_345' title='bbox 713 3063 956 3113; x_wconf 89' lang='lat' dir='ltr'><strong>differrent</strong></span> <span class='ocrx_word' id='word_1_346' title='bbox 993 3067 1088 3113; x_wconf 87' lang='lat' dir='ltr'><strong>ista</strong></span> <span class='ocrx_word' id='word_1_347' title='bbox 1127 3065 1223 3114; x_wconf 90' lang='lat' dir='ltr'><strong>duo</strong></span> <span class='ocrx_word' id='word_1_348' title='bbox 1263 3071 1427 3114; x_wconf 87' lang='lat' dir='ltr'><strong>centra</strong></span> <span class='ocrx_word' id='word_1_349' title='bbox 1455 3064 1584 3113; x_wconf 89' lang='lat' dir='ltr'><strong>Solis</strong></span> <span class='ocrx_word' id='word_1_350' title='bbox 1625 3072 1674 3113; x_wconf 91' lang='lat' dir='ltr'><strong>et</strong></span> <span class='ocrx_word' id='word_1_351' title='bbox 1711 3065 1927 3127; x_wconf 83' lang='lat' dir='ltr'><strong>regionis</strong></span> <span class='ocrx_word' id='word_1_352' title='bbox 1966 3061 2241 3121; x_wconf 86' lang='lat' dir='ltr'><strong>mobilium,</strong></span> <span class='ocrx_word' id='word_1_353' title='bbox 2283 3063 2398 3108; x_wconf 80' lang='lat' dir='ltr'><strong>tunc</strong></span> <span class='ocrx_word' id='word_1_354' title='bbox 2421 3059 2504 3106; x_wconf 64' lang='lat' dir='ltr'><strong>m</strong></span> 
     </span>
     <span class='ocr_line' id='line_1_41' title="bbox 244 3129 2502 3217; baseline -0.001 -36"><span class='ocrx_word' id='word_1_355' title='bbox 244 3138 406 3217; x_wconf 84' lang='lat' dir='ltr'><strong>centro</strong></span> <span class='ocrx_word' id='word_1_356' title='bbox 444 3133 572 3183; x_wconf 88' lang='lat' dir='ltr'><strong>Solis</strong></span> <span class='ocrx_word' id='word_1_357' title='bbox 619 3142 705 3186; x_wconf 88' lang='lat' dir='ltr'><strong>aut</strong></span> <span class='ocrx_word' id='word_1_358' title='bbox 755 3144 919 3186; x_wconf 86' lang='lat' dir='ltr'><strong>centro</strong></span> <span class='ocrx_word' id='word_1_359' title='bbox 957 3140 1170 3201; x_wconf 85' lang='lat' dir='ltr'><strong>regionis</strong></span> <span class='ocrx_word' id='word_1_360' title='bbox 1207 3138 1463 3186; x_wconf 90' lang='lat' dir='ltr'><strong>mobilium</strong></span> <span class='ocrx_word' id='word_1_361' title='bbox 1515 3136 1867 3186; x_wconf 86' lang='lat' dir='ltr'><strong>adscribendus</strong></span> <span class='ocrx_word' id='word_1_362' title='bbox 1890 3141 2038 3184; x_wconf 81' lang='lat' dir='ltr'><strong>esset</strong></span> <span class='ocrx_word' id='word_1_363' title='bbox 2074 3139 2240 3182; x_wconf 89' lang='lat' dir='ltr'><strong>motus</strong></span> <span class='ocrx_word' id='word_1_364' title='bbox 2279 3129 2502 3181; x_wconf 82' lang='lat' dir='ltr'><strong>tardissi-</strong></span> 
     </span>
     <span class='ocr_line' id='line_1_42' title="bbox 244 3199 2501 3289; baseline -0.001 -32"><span class='ocrx_word' id='word_1_365' title='bbox 244 3219 350 3253; x_wconf 86' lang='lat' dir='ltr'><strong>mus</strong></span> <span class='ocrx_word' id='word_1_366' title='bbox 386 3221 436 3289; x_wconf 80' lang='lat'>¹.¹¹</span> <span class='ocrx_word' id='word_1_367' title='bbox 474 3208 663 3257; x_wconf 91' lang='lat' dir='ltr'><strong>circello</strong></span> <span class='ocrx_word' id='word_1_368' title='bbox 700 3224 880 3271; x_wconf 83' lang='lat' dir='ltr'><strong>parvo,</strong></span> <span class='ocrx_word' id='word_1_369' title='bbox 933 3218 1477 3274; x_wconf 53' lang='lat' dir='ltr'><strong>proptervprogressum</strong></span> <span class='ocrx_word' id='word_1_370' title='bbox 1515 3211 1727 3273; x_wconf 84' lang='lat' dir='ltr'><strong>apogaei</strong></span> <span class='ocrx_word' id='word_1_371' title='bbox 1766 3208 1912 3269; x_wconf 87' lang='lat' dir='ltr'><strong>Solis,</strong></span> <span class='ocrx_word' id='word_1_372' title='bbox 1953 3213 2011 3256; x_wconf 88' lang='lat' dir='ltr'><strong>ut</strong></span> <span class='ocrx_word' id='word_1_373' title='bbox 2044 3206 2131 3256; x_wconf 89' lang='lat' dir='ltr'><strong>lib.</strong></span> <span class='ocrx_word' id='word_1_374' title='bbox 2174 3205 2263 3253; x_wconf 89' lang='lat' dir='ltr'><strong>VI.</strong></span> <span class='ocrx_word' id='word_1_375' title='bbox 2300 3210 2352 3253; x_wconf 90' lang='lat' dir='ltr'><strong>et</strong></span> <span class='ocrx_word' id='word_1_376' title='bbox 2378 3199 2501 3254; x_wconf 65' lang='lat' dir='ltr'><strong>Vsst</strong></span> 
     </span>
     <span class='ocr_line' id='line_1_43' title="bbox 245 3276 2501 3346; baseline -0.001 -22"><span class='ocrx_word' id='word_1_377' title='bbox 245 3277 506 3326; x_wconf 77' lang='lat' dir='ltr'><strong>docebitur.</strong></span> <span class='ocrx_word' id='word_1_378' title='bbox 581 3280 643 3328; x_wconf 87' lang='lat' dir='ltr'><strong>Et</strong></span> <span class='ocrx_word' id='word_1_379' title='bbox 679 3284 749 3330; x_wconf 89' lang='lat' dir='ltr'><strong>sic</strong></span> <span class='ocrx_word' id='word_1_380' title='bbox 786 3296 886 3331; x_wconf 91' lang='lat' dir='ltr'><strong>non</strong></span> <span class='ocrx_word' id='word_1_381' title='bbox 921 3291 1095 3346; x_wconf 75' lang='lat' dir='ltr'><strong>posset</strong></span> <span class='ocrx_word' id='word_1_382' title='bbox 1126 3299 1188 3333; x_wconf 84' lang='lat' dir='ltr'><strong>ex</strong></span> <span class='ocrx_word' id='word_1_383' title='bbox 1225 3284 1299 3332; x_wconf 88' lang='lat' dir='ltr'><strong>his</strong></span> <span class='ocrx_word' id='word_1_384' title='bbox 1339 3283 1531 3332; x_wconf 88' lang='lat' dir='ltr'><strong>duobus</strong></span> <span class='ocrx_word' id='word_1_385' title='bbox 1570 3283 1794 3342; x_wconf 82' lang='lat' dir='ltr'><strong>alterum,¹</strong></span> <span class='ocrx_word' id='word_1_386' title='bbox 1833 3279 1967 3344; x_wconf 86' lang='lat' dir='ltr'><strong>quod</strong></span> <span class='ocrx_word' id='word_1_387' title='bbox 1990 3285 2234 3339; x_wconf 88' lang='lat' dir='ltr'><strong>movetur,</strong></span> <span class='ocrx_word' id='word_1_388' title='bbox 2277 3276 2357 3327; x_wconf 86' lang='lat' dir='ltr'><strong>vel</strong></span> <span class='ocrx_word' id='word_1_389' title='bbox 2379 3283 2501 3330; x_wconf 58' lang='lat' dir='ltr'><strong>-em</strong></span> 
     </span>
     <span class='ocr_line' id='line_1_44' title="bbox 248 3342 2503 3419; baseline -0 -22"><span class='ocrx_word' id='word_1_390' title='bbox 248 3349 327 3397; x_wconf 90' lang='lat' dir='ltr'><strong>vel</strong></span> <span class='ocrx_word' id='word_1_391' title='bbox 363 3365 556 3399; x_wconf 89' lang='lat' dir='ltr'><strong>manere</strong></span> <span class='ocrx_word' id='word_1_392' title='bbox 594 3354 643 3399; x_wconf 90' lang='lat' dir='ltr'><strong>in</strong></span> <span class='ocrx_word' id='word_1_393' title='bbox 682 3361 845 3404; x_wconf 86' lang='lat' dir='ltr'><strong>centro</strong></span> <span class='ocrx_word' id='word_1_394' title='bbox 882 3355 1065 3406; x_wconf 90' lang='lat' dir='ltr'><strong>mundi.</strong></span> <span class='ocrx_word' id='word_1_395' title='bbox 1145 3357 1210 3405; x_wconf 84' lang='lat' dir='ltr'><strong>At</strong></span> <span class='ocrx_word' id='word_1_396' title='bbox 1246 3363 1507 3419; x_wconf 88' lang='lat' dir='ltr'><strong>utrumque</strong></span> <span class='ocrx_word' id='word_1_397' title='bbox 1544 3354 1811 3405; x_wconf 83' lang='lat' dir='ltr'><strong>verisimile</strong></span> <span class='ocrx_word' id='word_1_398' title='bbox 1849 3358 1938 3415; x_wconf 83' lang='lat' dir='ltr'><strong>est,</strong></span> <span class='ocrx_word' id='word_1_399' title='bbox 1980 3354 2105 3401; x_wconf 90' lang='lat' dir='ltr'><strong>etin</strong></span> <span class='ocrx_word' id='word_1_400' title='bbox 2144 3356 2312 3400; x_wconf 89' lang='lat' dir='ltr'><strong>centro</strong></span> <span class='ocrx_word' id='word_1_401' title='bbox 2340 3342 2503 3402; x_wconf 67' lang='lat' dir='ltr'><strong>muudi</strong></span> 
     </span>
     <span class='ocr_line' id='line_1_45' title="bbox 247 3419 2503 3493; baseline -0.002 -18"><span class='ocrx_word' id='word_1_402' title='bbox 247 3435 354 3471; x_wconf 78' lang='lat' dir='ltr'><strong>esse</strong></span> <span class='ocrx_word' id='word_1_403' title='bbox 393 3429 440 3470; x_wconf 83' lang='lat' dir='ltr'><strong>et</strong></span> <span class='ocrx_word' id='word_1_404' title='bbox 475 3423 544 3470; x_wconf 81' lang='lat' dir='ltr'><strong>ibi</strong></span> <span class='ocrx_word' id='word_1_405' title='bbox 583 3425 853 3490; x_wconf 72' lang='lat' dir='ltr'><strong>quiescere,</strong></span> <span class='ocrx_word' id='word_1_406' title='bbox 895 3428 1059 3479; x_wconf 85' lang='lat' dir='ltr'><strong>Solem</strong></span> <span class='ocrx_word' id='word_1_407' title='bbox 1085 3429 1282 3493; x_wconf 89' lang='lat' dir='ltr'><strong>quidem</strong></span> <span class='ocrx_word' id='word_1_408' title='bbox 1320 3437 1516 3493; x_wconf 89' lang='lat' dir='ltr'><strong>propter</strong></span> <span class='ocrx_word' id='word_1_409' title='bbox 1548 3432 1836 3492; x_wconf 82' lang='lat' dir='ltr'><strong>argumenta</strong></span> <span class='ocrx_word' id='word_1_410' title='bbox 1875 3432 1923 3475; x_wconf 90' lang='lat' dir='ltr'><strong>et</strong></span> <span class='ocrx_word' id='word_1_411' title='bbox 1951 3427 2208 3488; x_wconf 87' lang='lat' dir='ltr'><strong>superiora</strong></span> <span class='ocrx_word' id='word_1_412' title='bbox 2247 3429 2296 3472; x_wconf 89' lang='lat' dir='ltr'><strong>et</strong></span> <span class='ocrx_word' id='word_1_413' title='bbox 2322 3419 2503 3484; x_wconf 56' lang='lat' dir='ltr'><strong>sequ*</strong></span> 
     </span>
     <span class='ocr_line' id='line_1_46' title="bbox 247 3492 2502 3565; baseline -0.002 -22"><span class='ocrx_word' id='word_1_414' title='bbox 247 3499 371 3555; x_wconf 86' lang='lat' dir='ltr'><strong>tura,</strong></span> <span class='ocrx_word' id='word_1_415' title='bbox 408 3494 590 3542; x_wconf 89' lang='lat' dir='ltr'><strong>nodum</strong></span> <span class='ocrx_word' id='word_1_416' title='bbox 627 3511 740 3545; x_wconf 89' lang='lat' dir='ltr'><strong>vero</strong></span> <span class='ocrx_word' id='word_1_417' title='bbox 778 3502 1045 3550; x_wconf 83' lang='lat' dir='ltr'><strong>mobilium·</strong></span> <span class='ocrx_word' id='word_1_418' title='bbox 1066 3508 1266 3565; x_wconf 86' lang='lat' dir='ltr'><strong>propter.</strong></span> <span class='ocrx_word' id='word_1_419' title='bbox 1297 3503 1510 3551; x_wconf 88' lang='lat' dir='ltr'><strong>rationes</strong></span> <span class='ocrx_word' id='word_1_420' title='bbox 1536 3508 1598 3551; x_wconf 36' lang='lat' dir='ltr'><strong>‘et</strong></span> <span class='ocrx_word' id='word_1_421' title='bbox 1634 3503 1818 3550; x_wconf 84' lang='lat' dir='ltr'><strong>fontem</strong></span> <span class='ocrx_word' id='word_1_422' title='bbox 1839 3504 2018 3559; x_wconf 87' lang='lat' dir='ltr'><strong>motus,</strong></span> <span class='ocrx_word' id='word_1_423' title='bbox 2058 3497 2343 3560; x_wconf 74' lang='lat' dir='ltr'><strong>quem·Jam</strong></span> <span class='ocrx_word' id='word_1_424' title='bbox 2378 3492 2502 3542; x_wconf 60' lang='lat' dir='ltr'><strong>dixu</strong></span> 
     </span>
     <span class='ocr_line' id='line_1_47' title="bbox 251 3566 2504 3651; baseline -0.001 -35"><span class='ocrx_word' id='word_1_425' title='bbox 251 3581 357 3615; x_wconf 91' lang='lat' dir='ltr'><strong>mus</strong></span> <span class='ocrx_word' id='word_1_426' title='bbox 402 3581 462 3651; x_wconf 58' lang='lat' dir='ltr'><strong>er}</strong></span> <span class='ocrx_word' id='word_1_427' title='bbox 510 3567 602 3615; x_wconf 93' lang='lat' dir='ltr'><strong>hoc</strong></span> <span class='ocrx_word' id='word_1_428' title='bbox 650 3575 889 3618; x_wconf 88' lang='lat' dir='ltr'><strong>communi</strong></span> <span class='ocrx_word' id='word_1_429' title='bbox 940 3582 1102 3623; x_wconf 88' lang='lat' dir='ltr'><strong>centro</strong></span> <span class='ocrx_word' id='word_1_430' title='bbox 1159 3575 1411 3623; x_wconf 89' lang='lat' dir='ltr'><strong>mobilium</strong></span> <span class='ocrx_word' id='word_1_431' title='bbox 1460 3577 1719 3635; x_wconf 81' lang='lat' dir='ltr'><strong>scaturire3</strong></span> <span class='ocrx_word' id='word_1_432' title='bbox 1793 3572 1916 3619; x_wconf 84' lang='lat' dir='ltr'><strong>fonti</strong></span> <span class='ocrx_word' id='word_1_433' title='bbox 1972 3586 2094 3620; x_wconf 86' lang='lat' dir='ltr'><strong>vero</strong></span> <span class='ocrx_word' id='word_1_434' title='bbox 2148 3576 2312 3618; x_wconf 91' lang='lat' dir='ltr'><strong>motus</strong></span> <span class='ocrx_word' id='word_1_435' title='bbox 2369 3566 2504 3630; x_wconf 71' lang='lat' dir='ltr'><strong>quio!</strong></span> 
     </span>
     <span class='ocr_line' id='line_1_48' title="bbox 254 3635 2503 3706; baseline -0.009 -2"><span class='ocrx_word' id='word_1_436' title='bbox 254 3644 486 3702; x_wconf 44' lang='lat' dir='ltr'><strong>compen&amp;</strong></span> <span class='ocrx_word' id='word_1_437' title='bbox 520 3645 568 3687; x_wconf 67' lang='lat' dir='ltr'><strong>et</strong></span> <span class='ocrx_word' id='word_1_438' title='bbox 604 3647 799 3702; x_wconf 78' lang='lat' dir='ltr'><strong>propter</strong></span> <span class='ocrx_word' id='word_1_439' title='bbox 837 3647 1046 3704; x_wconf 89' lang='lat' dir='ltr'><strong>quietem</strong></span> <span class='ocrx_word' id='word_1_440' title='bbox 1084 3647 1221 3696; x_wconf 89' lang='lat' dir='ltr'><strong>locus</strong></span> <span class='ocrx_word' id='word_1_441' title='bbox 1259 3649 1309 3695; x_wconf 91' lang='lat' dir='ltr'><strong>in</strong></span> <span class='ocrx_word' id='word_1_442' title='bbox 1335 3654 1497 3696; x_wconf 89' lang='lat' dir='ltr'><strong>centro</strong></span> <span class='ocrx_word' id='word_1_443' title='bbox 1537 3654 1638 3705; x_wconf 81' lang='lat' dir='ltr'><strong>tarn</strong></span> <span class='ocrx_word' id='word_1_444' title='bbox 1665 3644 1923 3694; x_wconf 88' lang='lat' dir='ltr'><strong>mobilium</strong></span> <span class='ocrx_word' id='word_1_445' title='bbox 1961 3658 2110 3706; x_wconf 87' lang='lat' dir='ltr'><strong>quam</strong></span> <span class='ocrx_word' id='word_1_446' title='bbox 2148 3645 2301 3692; x_wconf 87' lang='lat' dir='ltr'><strong>totius</strong></span> <span class='ocrx_word' id='word_1_447' title='bbox 2325 3635 2503 3688; x_wconf 88' lang='lat' dir='ltr'><strong>mundi.</strong></span> 
     </span>
    </p>

    <p class='ocr_par' dir='ltr' id='par_1_18' title="bbox 254 3709 2504 3927">
     <span class='ocr_line' id='line_1_49' title="bbox 357 3709 2501 3798; baseline -0 -39"><span class='ocrx_word' id='word_1_448' title='bbox 357 3787 367 3798; x_wconf 48' lang='grc'><strong>.</strong></span> <span class='ocrx_word' id='word_1_449' title='bbox 398 3714 445 3761; x_wconf 87' lang='lat'><strong>4.</strong></span> <span class='ocrx_word' id='word_1_450' title='bbox 493 3710 664 3796; x_wconf 76' lang='lat' dir='ltr'><strong>Eidem</strong></span> <span class='ocrx_word' id='word_1_451' title='bbox 701 3713 821 3762; x_wconf 84' lang='lat' dir='ltr'><strong>fonti</strong></span> <span class='ocrx_word' id='word_1_452' title='bbox 858 3723 1017 3766; x_wconf 87' lang='lat' dir='ltr'><strong>motus</strong></span> <span class='ocrx_word' id='word_1_453' title='bbox 1054 3720 1198 3768; x_wconf 81' lang='lat' dir='ltr'><strong>sedes</strong></span> <span class='ocrx_word' id='word_1_454' title='bbox 1232 3721 1530 3783; x_wconf 85' lang='lat' dir='ltr'><strong>assignanda</strong></span> <span class='ocrx_word' id='word_1_455' title='bbox 1569 3726 1644 3768; x_wconf 86' lang='lat' dir='ltr'><strong>est</strong></span> <span class='ocrx_word' id='word_1_456' title='bbox 1680 3718 1854 3766; x_wconf 86' lang='lat' dir='ltr'><strong>nonin</strong></span> <span class='ocrx_word' id='word_1_457' title='bbox 1895 3716 2062 3779; x_wconf 85' lang='lat' dir='ltr'><strong>aliquo</strong></span> <span class='ocrx_word' id='word_1_458' title='bbox 2087 3721 2274 3779; x_wconf 91' lang='lat' dir='ltr'><strong>puncto</strong></span> <span class='ocrx_word' id='word_1_459' title='bbox 2311 3709 2501 3761; x_wconf 52' lang='lat' dir='ltr'><strong>math&amp;</strong></span> 
     </span>
     <span class='ocr_line' id='line_1_50' title="bbox 254 3782 2504 3870; baseline -0.004 -34"><span class='ocrx_word' id='word_1_460' title='bbox 254 3791 455 3870; x_wconf 78' lang='lat' dir='ltr'><strong>manen,</strong></span> <span class='ocrx_word' id='word_1_461' title='bbox 492 3799 707 3847; x_wconf 75' lang='lat' dir='ltr'><strong>proxime</strong></span> <span class='ocrx_word' id='word_1_462' title='bbox 746 3799 920 3848; x_wconf 87' lang='lat' dir='ltr'><strong>corpus</strong></span> <span class='ocrx_word' id='word_1_463' title='bbox 955 3790 1338 3853; x_wconf 55' lang='lat' dir='ltr'><strong>nobilissimumj</strong></span> <span class='ocrx_word' id='word_1_464' title='bbox 1361 3793 1449 3841; x_wconf 85' lang='lat' dir='ltr'><strong>sed</strong></span> <span class='ocrx_word' id='word_1_465' title='bbox 1485 3795 1652 3854; x_wconf 84' lang='lat' dir='ltr'><strong>potius</strong></span> <span class='ocrx_word' id='word_1_466' title='bbox 1691 3793 1742 3837; x_wconf 84' lang='lat' dir='ltr'><strong>in</strong></span> <span class='ocrx_word' id='word_1_467' title='bbox 1779 3789 1865 3837; x_wconf 89' lang='lat' dir='ltr'><strong>illo</strong></span> <span class='ocrx_word' id='word_1_468' title='bbox 1908 3792 2017 3852; x_wconf 88' lang='lat' dir='ltr'><strong>ipso</strong></span> <span class='ocrx_word' id='word_1_469' title='bbox 2058 3802 2262 3851; x_wconf 88' lang='lat' dir='ltr'><strong>corpore</strong></span> <span class='ocrx_word' id='word_1_470' title='bbox 2297 3782 2504 3835; x_wconf 66' lang='lat' dir='ltr'><strong>nobilis*-</strong></span> 
     </span>
     <span class='ocr_line' id='line_1_51' title="bbox 256 3851 2501 3927; baseline -0.002 -21"><span class='ocrx_word' id='word_1_471' title='bbox 256 3872 394 3921; x_wconf 77' lang='lat' dir='ltr'><strong>simo,</strong></span> <span class='ocrx_word' id='word_1_472' title='bbox 430 3863 625 3922; x_wconf 87' lang='lat' dir='ltr'><strong>propter</strong></span> <span class='ocrx_word' id='word_1_473' title='bbox 661 3864 756 3908; x_wconf 89' lang='lat' dir='ltr'><strong>tres</strong></span> <span class='ocrx_word' id='word_1_474' title='bbox 794 3873 989 3909; x_wconf 85' lang='lat' dir='ltr'><strong>causas:</strong></span> <span class='ocrx_word' id='word_1_475' title='bbox 1027 3864 1180 3924; x_wconf 88' lang='lat' dir='ltr'><strong>primo</strong></span> <span class='ocrx_word' id='word_1_476' title='bbox 1219 3872 1274 3912; x_wconf 89' lang='lat' dir='ltr'><strong>ut</strong></span> <span class='ocrx_word' id='word_1_477' title='bbox 1311 3865 1576 3923; x_wconf 82' lang='lat' dir='ltr'><strong>absurdum</strong></span> <span class='ocrx_word' id='word_1_478' title='bbox 1614 3863 1953 3927; x_wconf 68' lang='lat' dir='ltr'><strong>effugiamus,</strong></span> <span class='ocrx_word' id='word_1_479' title='bbox 1980 3862 2166 3912; x_wconf 82' lang='lat' dir='ltr'><strong>fontem</strong></span> <span class='ocrx_word' id='word_1_480' title='bbox 2203 3865 2380 3920; x_wconf 86' lang='lat' dir='ltr'><strong>motus,</strong></span> <span class='ocrx_word' id='word_1_481' title='bbox 2420 3851 2501 3917; x_wconf 77' lang='lat' dir='ltr'><strong>qul</strong></span> 
     </span>
    </p>
   </div>
   <div class='ocr_carea' id='block_1_3' title="bbox 289 755 1218 1677">
    <p class='ocr_par' dir='ltr' id='par_1_19' title="bbox 289 755 1218 1677">
     <span class='ocr_line' id='line_1_52' title="bbox 289 755 1218 1677; baseline 0 0"><span class='ocrx_word' id='word_1_482' title='bbox 289 755 1218 1677; x_wconf 95' lang='lat' dir='ltr'><strong> </strong></span> 
     </span>
    </p>
   </div>
  </div>
 </body>
</html>
