2554 4140
837 130 978 176 Liber
1007 130 1197 176 Primus.
1257 130 1370 176 Pars
1403 129 1623 175 Secunda.
1726 100 1730 102 μ
2252 128 2350 178 139

106 290 272 329 omnes
311 279 437 327 enim
474 277 547 326 illi
584 278 741 339 simul,
780 278 874 327 hoe
912 284 986 327 est
1020 284 1177 328 totum
1214 278 1385 327 stellae
1425 291 1615 340 corpus,
1655 277 1870 326 infinitae
1896 276 2041 339 hujus
2079 274 2348 323 altitudinis

102 358 265 402 essent
301 352 588 414 participes3
629 353 794 414 itaque
830 355 1056 401 manente
1083 353 1282 400 visionis
1307 350 1485 413 angulo
1513 349 1698 409 eodem,
1739 351 1969 398 diameter
1993 347 2179 408 stellae,
2221 361 2350 410 quae

103 431 178 474 est
211 424 340 472 linea
376 425 502 471 inter
540 424 646 486 ejus
684 426 937 485 terminoS,
989 423 1411 487 proportionaliter
1456 429 1602 471 aucta
1643 429 1773 472 esset
1825 437 1933 470 cuin
1971 437 2061 470 sua
2101 420 2351 480 distantia,

105 504 186 556 ut,
237 498 362 544 sicut
399 495 547 560 duplo
586 498 855 545 remotioris
895 496 1129 546 diameter
1172 496 1227 544 fit
1265 495 1413 559 duplo
1450 495 1641 557 longior
1691 494 1924 542 diametro
1961 495 2228 557 propioris,
2285 494 2355 540 ita

102 570 247 617 etiam
285 568 422 616 finito
461 570 619 633 spatio
660 569 885 617 distantis
925 569 1156 619 diameter
1192 569 1352 629 finita,
1403 566 1597 630 quando
1637 580 1810 628 corpus
1848 567 2077 616 infinities
2117 565 2356 628 multipli-

105 647 262 689 catam
298 643 496 703 ponitur
531 643 750 705 accipere
790 641 1098 702 distantiam,
1151 643 1260 704 ipsa
1298 654 1493 703 quoque
1542 653 1594 688 se
1634 640 1742 701 ipsa
1784 639 2010 688 infinities
2057 638 2144 687 fiat
2180 639 2352 701 major.

245 714 396 775 Atqui
432 720 653 776 pugnant
689 716 922 775 invicem,
974 714 1215 762 infinitum
1253 728 1360 763 esse
1407 721 1455 763 et
1491 712 1761 772 terminari,
1816 717 2064 775 pugnant,
2121 711 2356 759 infinitum

102 800 211 834 esse
249 793 297 834 et
335 785 397 833 ad
436 785 572 834 aliud
612 785 850 835 infinitum
888 786 1067 836 habere
1107 792 1302 847 certam,
1341 785 1436 834 hoc
1472 791 1547 834 est
1583 784 1767 833 finitam
1792 785 2168 905 proportionem.
2231 783 2356 832 Nul-

106 857 207 907 lum
244 858 390 920 igitur
427 858 619 908 visibile
660 859 810 925 distat
846 874 877 907 a
913 860 1055 907 nobis
1095 859 1280 907 infinito
1317 857 1589 906 intervallo.

251 930 387 993 Quid
421 934 464 978 si
499 946 618 980 vero
652 935 756 980 sint
790 916 996 994 aliquae
1031 933 1199 980 stellae
1235 931 1527 993 corporibus
1560 931 1762 993 finitae,
1815 931 1992 991 spatiis
2027 943 2230 977 sursum
2267 929 2352 974 in-

104 1003 259 1066 finitis
297 1003 560 1066 dispersae,
608 1020 739 1067 quae
774 1005 834 1053 ob
873 1010 1071 1052 tantam
1110 1004 1403 1052 distantiam
1455 1018 1489 1051 a
1525 1002 1666 1052 nobis
1709 1016 1817 1051 non
1854 1002 2174 1050 cernantur?
2246 999 2355 1046 Pri-

104 1089 259 1135 mum,
318 1078 359 1123 si
396 1090 493 1124 non
533 1083 812 1137 cernuntur,
867 1075 986 1124 nihil
1025 1077 1173 1139 igitur
1219 1076 1281 1124 ad
1320 1077 1666 1124 astronomiam
1712 1075 1975 1140 pertinent.
2032 1072 2259 1132 Deinde,
2317 1072 2358 1119 si

99 1149 234 1210 regio
273 1146 477 1197 fixarum
515 1149 801 1198 altrinsecus
842 1155 916 1197 est
953 1151 1234 1208 terminata,
1284 1148 1508 1197 deorsum
1547 1163 1612 1197 se.
1665 1162 1834 1198 versus
1871 1153 2088 1195 nostrum
2125 1144 2359 1195 mundum

99 1220 354 1280 mobilem,
394 1235 482 1270 eur
519 1236 707 1270 sursum
746 1226 909 1271 eareat
945 1221 1188 1271 termino?
1263 1221 1456 1302 Terti0‚
1509 1223 1599 1270 etsi
1635 1221 1803 1283 negari
1841 1234 1937 1268 non
1976 1226 2159 1282 potest,
2211 1232 2358 1281 posse

105 1308 213 1342 esse
250 1294 430 1343 multas
468 1294 652 1355 stellae,
693 1309 820 1357 quae
856 1296 961 1343 sive
1001 1294 1063 1343 ob
1103 1293 1384 1355 exilitatem,
1423 1281 1529 1342 sive
1562 1294 1623 1342 ob
1650 1295 1914 1342 maximam
1941 1292 2219 1341 distantiam
2257 1305 2354 1339 non

103 1373 373 1428 cernantur,
411 1381 508 1415 non
547 1374 710 1417 tamen
748 1383 835 1431 per
870 1366 960 1416 has
999 1367 1204 1416 obtineri
1241 1373 1404 1429 potest
1431 1367 1642 1429 spatium
1679 1366 1933 1414 infinitum.
2007 1365 2133 1414 Nam
2169 1367 2208 1413 si
2249 1370 2360 1412 sunt

43 1463 46 1465 >
102 1439 323 1500 singulae
362 1439 529 1488 finitae
566 1441 916 1504 magnitudine,
957 1446 1148 1503 oportet
1186 1453 1352 1488 omnes
1402 1439 1546 1488 simul
1586 1453 1690 1488 esse
1727 1439 1890 1487 finitas
1928 1452 2144 1486 numero·
2221 1437 2360 1485 Alias

99 1513 139 1560 si
176 1526 375 1560 numero
414 1513 646 1576 infinitae,
688 1511 1045 1576 quantumlibet
1081 1514 1302 1575 exiguae,
1342 1512 1488 1561 modo
1528 1518 1739 1575 quantae
1779 1513 1899 1572 sint,
1940 1517 2139 1574 possent
2177 1511 2361 1560 consti-

99 1590 233 1632 tuere
272 1599 421 1633 unam
458 1585 676 1648 aliquam
713 1587 949 1635 infinitam
990 1590 1215 1648 essetque
1242 1599 1431 1648 eorpus,
1472 1584 2033 1634 dimensionibus-trinis
2054 1591 2241 1646 patenS,
2282 1585 2360 1630 ni-

98 1657 364 1706 hilominus
415 1658 680 1720 infinitum,
731 1659 862 1722 quod
912 1657 1342 1708 contradictionem
1394 1658 1633 1721 implicat3
1695 1657 1934 1705 infinitum
1986 1658 2115 1706 enim
2171 1656 2360 1716 dicitur,

102 1730 236 1792 quod
273 1730 369 1779 fine
409 1737 458 1779 et
494 1733 697 1780 termino
747 1746 903 1795 eoque
942 1738 990 1781 et
1029 1731 1328 1780 dimensione
1379 1737 1523 1780 caret.
1600 1731 1682 1780 Sie
1732 1732 1888 1779 omnis
1937 1744 2094 1779 rerum
2134 1743 2359 1778 numerus

98 1810 214 1851 actu
250 1802 415 1852 finitus
454 1810 529 1852 est
565 1818 623 1853 eo
661 1807 797 1869 ipse,
839 1806 955 1868 quia
991 1818 1235 1866 numerus,
1277 1818 1391 1866 ergo
1430 1804 1596 1852 finitus
1634 1814 1863 1852 numerus
1902 1817 2156 1866 corporum
2192 1792 2375 1850 finito-'

97 1890 202 1923 rum
238 1889 336 1923 non
375 1878 515 1938 ponit
550 1879 764 1941 spatium
802 1877 1068 1939 infinitum,
1118 1877 1260 1940 quasi
1298 1876 1705 1940 multiplicatione
1745 1878 2013 1940 spatiorum
2050 1875 2356 1924 multitudine

96 1949 338 1996 finitorum
377 1957 733 1998 coacervatum.
1400 1958 1401 1961 ’

239 2019 360 2070 Non
396 2028 568 2071 tamen
604 2023 835 2086 amabis,
885 2024 1061 2072 saltem
1113 2025 1339 2090 spatium
1389 2037 1488 2071 esse
1523 2036 1726 2071 sursum
1778 2027 1896 2069 actu
1932 2021 2233 2083 infinitum?
2305 2020 2359 2070 Si

98 2094 156 2143 de
192 2107 352 2143 vacuo
393 2097 554 2157 agitur
590 2098 766 2159 spatie,
805 2095 857 2144 id
895 2102 968 2145 est
1006 2095 1064 2144 de
1102 2111 1152 2144 re
1190 2095 1344 2156 nihili,
1384 2110 1510 2160 quae
1547 2110 1638 2145 nee
1675 2100 1840 2144 ereata
1877 2099 1963 2155 est,
2009 2108 2100 2143 nec
2139 2099 2226 2154 est,
2266 2108 2357 2142 nec

97 2167 182 2215 alii
219 2173 274 2215 ut
311 2167 381 2215 ibi
420 2169 484 2216 sit
520 2171 742 2219 resistere
779 2174 957 2232 potest,
995 2169 1259 2218 mutabitur
1283 2174 1439 2217 status
1468 2169 1784 2232 quaestioniS,
1824 2180 1915 2215 nec
1941 2168 2029 2216 erit
2056 2172 2184 2228 actu,
2224 2166 2357 2230 quod

96 2245 171 2289 est
205 2239 351 2302 plane
388 2239 524 2289 nihil.
601 2241 688 2291 Sin
734 2243 948 2305 spatium
998 2247 1072 2290 est
1120 2242 1183 2290 ob
1223 2255 1425 2305 corpora
1473 2241 1659 2306 locata,
1702 2242 1807 2304 jam
1846 2240 2229 2289 demonstratum
2268 2246 2356 2301 est,

96 2326 255 2375 neque
294 2326 469 2376 corpus
506 2313 660 2363 ullum
696 2315 907 2364 locabile
947 2329 1053 2364 esse
1093 2319 1206 2364 actu
1245 2314 1510 2376 infinitum,
1550 2328 1710 2377 neque
1750 2327 1952 2377 corpora
1989 2313 2127 2362 finita
2165 2314 2359 2375 magni-

97 2385 263 2434 tudine
299 2399 446 2448 posse
485 2401 593 2435 esse
630 2388 820 2436 infinita
855 2401 1071 2437 numero.
1149 2387 1373 2452 Spatium
1411 2388 1559 2450 igitur
1607 2388 1669 2437 ob
1709 2401 1913 2450 corpora
1942 2384 2159 2446 ,locanda
2196 2386 2360 2434 infini-

96 2465 199 2507 tum
235 2472 341 2509 esse
379 2458 501 2506 nihil
538 2466 614 2509 est
650 2475 865 2511 necesse.
944 2461 1011 2509 At
1048 2474 1138 2509 nee
1175 2466 1342 2523 potest
1380 2474 1488 2510 esse
1527 2460 1608 2510 vel
1647 2462 1771 2509 inter
1809 2461 1924 2512 bina
1960 2459 2119 2508 solum
2159 2473 2361 2523 corpora

96 2531 226 2581 linea
271 2536 385 2580 actu
436 2531 640 2581 infinita.
716 2533 927 2582 Rursum
976 2536 1103 2582 enim
1151 2540 1373 2597 pugnant
1430 2538 1542 2583 actu
1589 2533 1830 2582 infinitum
1871 2546 1976 2582 esse
2027 2541 2075 2583 et
2113 2534 2357 2583 terminari

97 2603 300 2668 singulis
336 2603 611 2668 altrobique
650 2607 932 2671 corporibus
970 2606 1118 2655 finitis
1157 2621 1244 2655 ceu
1284 2607 1502 2669 punctis,
1544 2621 1671 2670 quae
1710 2613 1823 2655 sunt
1859 2606 2017 2654 lineae
2056 2607 2260 2655 termini.

245 2677 382 2740 Quid
429 2677 489 2725 de
533 2679 735 2741 infinito
787 2682 843 2728 in
874 2683 1107 2741 potentia
1144 2679 1342 2740 tenebO,
1394 2686 1441 2728 et
1479 2695 1549 2728 an
1585 2693 1691 2729 non
1733 2681 1909 2729 saltem
1955 2681 2168 2741 coyitari
2197 2684 2360 2740 potest

97 2750 357 2813 infinitum
392 2754 618 2811 spatium
656 2754 735 2801 vel
771 2753 1054 2801 numerus?
1125 2751 1383 2815 Duplicem
1426 2752 1574 2802 habet
1613 2767 1833 2813 sensum,
1883 2765 1991 2800 cum
2028 2747 2269 2799 infinitum
2308 2753 2355 2799 iu

98 2824 318 2886 potentia
366 2825 657 2873 nominatur.
731 2825 858 2874 Nam
897 2824 976 2875 vel
1028 2826 1098 2874 sic
1135 2826 1396 2888 accipitur,
1449 2827 1575 2874 sieut
1624 2825 1800 2874 divisio
1841 2824 2128 2887 quantitatis
2166 2823 2356 2873 infinita

100 2894 273 2944 dicitur
309 2901 579 2958 potestate,
634 2897 821 2947 scilicet
870 2903 924 2946 ut
974 2897 1192 2946 infinitae
1244 2900 1340 2946 sint
1379 2900 1648 2959 sectiones,
1707 2912 1912 2960 quarum
1959 2896 2206 2960 quaelibet
2256 2897 2358 2946 fieri

98 2976 263 3031 posset
302 2970 348 3015 in
388 2968 481 3018 hae
520 2972 819 3033 quantitate3
876 2984 1196 3032 quaecunque
1234 2975 1395 3019 tamen
1435 2970 1624 3020 illarum
1660 2970 1819 3030 fieret,
1870 2971 1979 3033 ipsa
2014 2985 2104 3033 per
2140 2984 2192 3019 se
2231 2976 2359 3019 esset

98 3041 256 3101 linita,
309 3047 473 3104 partes
513 3044 811 3091 constituens
847 3043 1026 3092 finitas.
1103 3043 1195 3092 Vel
1241 3044 1477 3107 accipitur
1514 3043 1750 3090 infinitum
1801 3044 1850 3089 in
1889 3044 2108 3105 potentia
2155 3044 2252 3104 sic,
2303 3049 2358 3090 ut

98 3115 315 3175 potentia
351 3115 446 3164 ista
483 3115 715 3164 referatur
754 3114 816 3164 ad
852 3117 1007 3178 ipsam
1045 3117 1195 3164 totius
1234 3116 1405 3163 infiniti
1432 3114 1815 3178 amplitudinem.
1892 3114 1984 3164 Illo
2011 3114 2156 3164 modo
2185 3130 2354 3165 verum

101 3192 186 3245 est,
224 3186 412 3235 nullum
433 3202 648 3250 unquam
674 3190 902 3251 spatium,
943 3188 1131 3237 nullum
1156 3202 1409 3236 numerum
1447 3203 1507 3238 ne
1535 3189 1800 3251 cogitatum
1829 3187 2025 3251 quidem
2047 3203 2159 3238 esse
2197 3203 2356 3251 neque

100 3261 362 3322 cogitatum
397 3261 456 3307 iri
493 3276 733 3323 unquam,
784 3274 880 3323 quo
931 3274 1028 3309 non
1065 3261 1223 3323 possit
1260 3261 1464 3322 cogitari
1501 3260 1680 3324 major,
1733 3273 1922 3324 semper
1971 3268 2134 3310 tamen
2183 3261 2357 3309 infiniti

101 3338 383 3395 supererunt
420 3336 620 3393 numeri,
659 3332 874 3383 nonduin
912 3347 972 3381 ne
1004 3333 1205 3396 cogitati
1245 3332 1455 3395 quidem,
1497 3347 1702 3395 quorum
1742 3340 1904 3383 tamen
1944 3334 2150 3397 quilibet
2188 3340 2356 3397 poste-

99 3405 194 3453 rius
233 3407 433 3468 cogitari
472 3414 654 3470 posset.
731 3406 840 3455 Hoc
876 3406 1132 3468 posteriori
1172 3419 1288 3454 vero
1314 3405 1459 3454 modo
1500 3406 1737 3455 infinitum
1765 3412 2008 3470 potestate
2040 3406 2227 3455 nullum
2267 3413 2354 3467 est,

99 3482 155 3524 ut
187 3477 371 3527 scilicet
407 3479 645 3527 infinitum
684 3481 895 3542 spatium
935 3484 1021 3526 aut
1067 3478 1241 3525 infiniti
1279 3481 1467 3528 numeri
1514 3479 1658 3529 simul
1696 3486 1744 3528 et
1782 3479 1931 3529 semel
1979 3486 2092 3529 actu
2131 3482 2356 3544 cogiten-

101 3554 190 3609 tur,
229 3550 279 3598 id
318 3555 392 3599 est
431 3552 670 3600 infinitum
709 3551 970 3615 cogitando
1009 3549 1349 3612 exhauriatur3
1389 3551 1621 3615 quicquid
1661 3554 1787 3601 enim
1828 3554 2090 3615 cogitatur,
2131 3568 2189 3602 eo
2230 3555 2352 3615 ipse,

102 3621 230 3684 quod
268 3624 532 3686 cogitatur,
588 3625 777 3673 finitum
818 3630 916 3685 est3
970 3638 1059 3672 nec
1096 3622 1237 3673 aliter
1273 3630 1433 3674 mente
1472 3625 1924 3689 comprehendimus
1982 3625 2030 3673 id
2071 3627 2202 3689 quod
2259 3640 2353 3673 vox

99 3693 270 3743 infiniti
306 3696 447 3745 nobis
484 3698 713 3759 insinuat,
752 3698 845 3746 nisi
883 3703 938 3745 ut
974 3711 1088 3755 rem,
1129 3694 1267 3758 cujus
1305 3711 1415 3760 pars
1457 3697 1614 3747 solum
1653 3698 1820 3762 aliqua
1850 3700 1898 3746 in
1925 3704 2085 3748 mente
2123 3699 2352 3754 reluceat,

99 3765 337 3830 reliquum
375 3767 578 3819 excedat
615 3771 791 3820 mentis
830 3770 1126 3832 cogitatum3
1166 3782 1264 3831 quo
1301 3769 1447 3819 modo
1487 3770 1550 3820 ad
1588 3772 1796 3835 primum
1834 3786 2028 3821 sensum
2068 3772 2267 3822 refertur
2306 3776 2354 3819 et

104 3848 362 3905 conceptus
399 3842 557 3893 solum
595 3842 856 3893 nominalis
895 3849 982 3892 est.
