2554 4140
0 3775 2 3780 ’
18 3787 22 3843 Ἰ

18 3859 22 3877 Ι

440 187 444 191 .
528 146 595 189 De
627 143 745 188 Anni
777 143 1036 199 Quantitate
1067 148 1114 188 et
1140 142 1541 199 Aequinoctiorum
1571 127 1904 187 Praecessione.
2182 167 2186 171 -
2245 141 2343 192 105

210 290 446 344 Sosigenes
475 301 557 334 seu
583 288 627 334 J.
660 289 826 333 Caesar
855 288 1208 334 accommodavit
1246 288 1361 332 haec
1398 293 1567 344 puncta
1604 286 1674 330 his
1717 286 1897 331 diebus:
1923 281 2125 330 ‘vernale
2166 286 2232 329 24.
2277 285 2346 330 25.

94 357 244 407 Mart„
273 355 513 400 solstitium
544 354 730 400 24—26.
755 355 876 410 Jun.,
907 356 1172 399 autumnale
1201 355 1387 399 24-26.
1422 354 1562 410 Sept.,
1594 353 1796 397 brumam
1827 353 1897 397 24.
1926 354 2035 397 Dec.
2095 352 2188 404 ,Sex
2218 349 2365 410 primi

93 434 267 465 menses
311 420 415 464 anni
456 423 712 464 communes
757 420 925 465 habent
970 420 1013 467 d.
1053 421 1157 476 181,
1202 419 1391 466 bissexti
1430 420 1534 474 1823
1582 417 1751 462 residui
1795 432 1876 462 sex
1915 443 1970 450 —
2017 417 2110 462 184.
2180 414 2278 460 Sed
2321 430 2352 460 a

94 488 162 532 24.
194 486 301 530 Dec.
338 487 383 530 in
413 487 482 531 24.
515 487 622 531 Jun.
661 493 767 531 sunt
805 487 891 532 182
931 493 978 532 et
1015 487 1120 538 183,
1159 486 1216 530 ad
1247 487 1316 531 25.
1346 485 1453 530 dun.
1491 485 1595 538 183,
1644 485 1750 535 184,
1792 485 1838 528 in
1868 483 1942 527 26.
1975 487 2080 526 sunt
2113 481 2213 537 184,
2252 481 2344 524 185.

92 553 198 597 Jun.
231 553 276 596 in
299 551 411 596 Nov.
444 564 637 604 rmenses
664 552 931 597 semicirculi
963 552 1286 608 descendentis)
1317 551 1487 596 habent
1508 550 1549 594 d.
1590 549 1681 598 183,
1714 547 1877 604 reliqui
1912 547 1990 591 182
2015 553 2059 590 et
2081 545 2179 591 183.
2225 546 2349 589 Haec
2439 544 2441 547 ’

93 617 285 661 fortasse
323 629 459 660 causa
496 626 565 660 est
606 617 711 661 anni
748 618 811 662 sic
843 617 1064 674 dispositi.
1097 617 1290 662 Martius
1321 616 1366 660 in
1397 615 1569 672 Majum
1610 613 1780 659 habeut
1811 614 1879 668 92,
1910 612 2014 656 Jun.
2047 637 2102 643 —
2124 611 2245 666 Aug.
2278 612 2347 667 92,

95 686 218 739 Sept.
250 708 302 713 -
333 682 443 727 Nov.
476 683 550 739 91,
592 683 700 727 Dec.
730 709 784 715 —
815 683 947 728 Febr·
979 685 1035 729 90
1065 688 1112 728 et
1141 685 1209 729 91.
1271 682 1397 727 Haec
1438 681 1586 726 omnia
1617 680 1877 736 conspirant
1910 692 2009 722 cum
2041 676 2348 733 aequinoctiis.

95 749 147 792 A.
176 745 248 791 24.
281 747 390 791 Dcc.
421 747 467 790 in
497 748 567 792 24.
598 749 733 793 Mart.
763 747 871 793 biss.
902 748 973 796 vel
1003 749 1073 794 25.
1106 747 1351 793 communis
1395 751 1500 791 sunt
1530 747 1599 791 91.
1662 749 1719 787 At
1757 744 1795 787 si
1827 743 1919 787 ‘hoc
1959 741 2127 797 aliquid
2165 742 2347 797 valeret,

96 818 326 871 oporteret
350 812 468 856 inter
488 813 610 869 Sept.
644 819 689 857 et
708 814 814 859 Dec.
847 815 946 860 esse
975 814 1103 860 locus
1134 814 1336 863 bissexti,
1367 812 1472 870 quia
1493 812 1563 856 24.
1586 811 1697 857 Dec.
1731 815 1879 854 certus
1913 814 1995 865 est,
2027 808 2072 851 h.
2114 821 2150 852 e.
2175 807 2349 852 unicus.

236 889 423 943 Plinius
462 895 510 937 et
548 888 818 939 Columella
858 893 1008 952 aiunt,
1049 891 1258 940 solstitia
1296 890 1466 944 confici
1508 891 1556 937 in
1599 888 1785 938 octavis
1824 887 2044 952 partibus
2084 879 2345 948 signorum,

95 961 431 1028 Hipparchum
469 976 584 1011 vero
624 961 878 1012 emendare
917 971 1105 1013 veteres
1154 970 1201 1013 et
1238 963 1502 1023 affirmare,
1552 961 1689 1025 quod
1733 960 2048 1010 conficiantur
2091 962 2143 1005 in
2184 958 2348 1020 primis

97 1036 320 1101 partibus
359 1036 630 1097 signorum3
671 1050 722 1085 se
761 1050 877 1091 vero
915 1039 1055 1105 sequi
1095 1037 1353 1086 Eudoxum
1393 1042 1439 1085 et
1477 1042 1694 1095 vetereS,
1746 1049 1858 1082 nam
1898 1031 2137 1096 agricolas
2175 1045 2348 1079 assue-

97 1118 172 1158 tos
210 1114 433 1157 vetustae
472 1109 664 1156 rationi.
741 1108 874 1158 Alibi
914 1109 1187 1158 Columella
1226 1112 1322 1158 sic.
1369 1111 1448 1157 16.
1490 1108 1592 1157 Cal.
1634 1107 1748 1157 Jan.
1790 1104 1859 1174 Θ
1899 1108 1948 1153 in
1991 1106 2048 1172 [ᾗ
2097 1105 2348 1152 transitum

103 1183 245 1240 facit,
301 1180 520 1229 brumale
568 1167 857 1242 solstitium,
908 1190 961 1230 ut
1011 1182 1294 1246 Hipparcho
1343 1181 1518 1245 placet.
1593 1181 1750 1230 Paulo
1801 1185 1936 1244 post:
2034 1176 2191 1228 ..Cal
2216 1175 2345 1227 *Jan

102 1252 323 1304 brumale
362 1253 646 1314 solstitium,
686 1256 812 1303 sicut
851 1254 1086 1305 Chaldaei
1125 1257 1461 1305 observarunt.
2312 1268 2315 1271 ’

243 1326 381 1376 Haec
431 1341 523 1389 ego
563 1326 829 1376 concilians
879 1328 1009 1378 hunc
1059 1344 1255 1377 sensum
1307 1329 1510 1391 accipio.
1588 1326 1790 1375 Graecis
1831 1332 1878 1376 et
1916 1325 2083 1393 Italis,
2124 1327 2349 1386 quanta-

102 1400 580 1463 cunquefastoru'm
632 1401 886 1450 anomalia·
929 1403 1024 1449 sint
1081 1404 1183 1462 usi,
1237 1402 1461 1451 existimo
1508 1407 1675 1449 notam
1721 1400 1869 1449 fuisse
1919 1400 2031 1447 anni
2082 1396 2348 1460 periodum,

104 1473 235 1537 quod
286 1487 354 1522 sc.
395 1475 509 1521 anni
548 1475 581 1520 4
606 1472 844 1522 'habeant
875 1473 996 1532 ,dies
1043 1476 1202 1536 1461,
1259 1475 1463 1523 fortasse
1517 1489 1575 1522 ex
1628 1474 1957 1522 vetustissima
1997 1466 2350 1520 Chaldaeorum

104 1547 444 1595 observatione
494 1547 609 1594 anni
641 1547 827 1610 ‚cynici
905 1546 1222 1608 Putoenim,
1278 1562 1374 1595 non
1413 1549 1631 1611 potuisse
1682 1548 1869 1595 institui
1916 1547 2123 1593 rusticas
2164 1558 2349 1606 operaS,

104 1621 196 1668 nisi
236 1618 481 1682 agricolae
526 1619 676 1668 alium
727 1620 871 1682 quam
923 1627 1135 1669 veterem
1178 1621 1452 1670 Romanum
1507 1635 1684 1669 annum
1737 1620 2010 1668 habuerint.
2089 1617 2351 1681 Confirmat

105 1708 202 1757 me,
241 1691 372 1755 qnod
410 1691 540 1755 apud
577 1692 724 1756 Diog.
765 1692 926 1741 Laert.
969 1692 1028 1742 de
1066 1695 1170 1742 vita
1205 1693 1381 1757 philos.
1435 1695 1632 1743 invenio
1687 1692 2005 1742 solstitiorum
2046 1691 2359 1740 observatio--

104 1781 214 1814 nem
253 1767 654 1827 antiquissimam,
694 1765 943 1814 modulum
983 1758 1096 1814 anni
1126 1767 1169 1816 d.
1201 1769 1319 1829 365,
1362 1769 1755 1831 antiquissimum
1790 1769 1936 1815 etiam
1976 1767 2097 1813 inter
2120 1763 2349 1812 Graecos.

104 1838 382 1887 Habuerint
415 1837 659 1900 agricolae
698 1838 888 1889 Eudoxi
926 1840 1102 1900 sastOS,
1157 1842 1242 1903 qui
1279 1842 1626 1904 assignaverit,
1681 1854 1776 1903 quo
1817 1840 1893 1888 die
1931 1841 1978 1886 in
2020 1843 2150 1887 certa
2189 1836 2352 1899 aliqua

106 1913 223 1960 anni
260 1912 415 1960 forma
452 1910 515 1958 ad
554 1909 732 1960 multos
773 1926 947 1960 annos·
966 1913 1154 1962 futuros
1193 1914 1476 1963 conficiatur
1501 1912 1744 1978 periodus.
1820 1912 2089 1961 Deduxerit
2123 1909 2352 1959 Eudoxus

109 1985 238 2033 hanc
274 1986 511 2033 rationem
558 1998 656 2032 non
707 1999 738 2032 a
774 1987 875 2033 suis
915 1985 1211 2048 observatis,
1266 1987 1351 2035 sed
1396 2002 1425 2035 a
1463 1987 1809 2036 vetustissimis
1850 1985 2112 2034 Chaldaeis
2170 1989 2255 2031 aut
2292 1969 2353 2030 ab
2423 2012 2427 2017 ·

109 2059 248 2106 initio
289 2055 662 2122 Olympiadum3
712 2058 843 2120 quod
893 2059 1087 2121 quidem
1140 2076 1171 2108 a
1208 2059 1469 2109 Chaldaeis
1522 2059 1712 2123 Iphitus
1760 2065 1845 2108 aut
1883 2058 2049 2108 Meton
2099 2063 2183 2105 ant
2230 2055 2354 2104 alius

108 2131 288 2216 aliquis
340 2137 593 2195 acceptum
639 2132 689 2178 in
736 2129 992 2180 Graeciam
1043 2132 1324 2182 traduxerit.
1401 2133 1552 2182 Porro
1610 2133 1781 2181 claruit
1831 2131 2060 2181 Eudoxus
2108 2128 2185 2178 Ol.
2239 2129 2369 2188 100,-

106 2206 246 2253 annis
272 2204 377 2251 400
404 2210 518 2267 post
542 2205 733 2252 initium
757 2203 1113 2267 Nabonassari‚
1155 2205 1285 2269 quod
1308 2207 1523 2255 nondum
1549 2206 1725 2255 sufficit
1761 2213 1925 2254 nostro
1951 2205 2163 2267 negotio.
2225 2202 2352 2265 Ergo

119 2278 222 2326 500
261 2277 402 2325 annis
454 2282 618 2336 antea,
672 2292 717 2325 a.
756 2276 842 2325 Ch.
890 2279 1049 2340 1260,
1107 2293 1150 2327 a.
1198 2279 1364 2327 mundi
1406 2281 1545 2329 2708
1591 2280 1864 2342 Buntingus
1913 2281 2052 2327 notat
2096 2271 2353 2326 solstitium

111 2349 324 2398 incidere
362 2351 410 2396 in
454 2351 499 2399 1.
537 2349 716 2411 Thoth,
758 2365 818 2399 ex
856 2352 1039 2401 oriente
1080 2351 1326 2402 Canicula
1403 2353 1521 2400 Esto
1570 2366 1683 2416 ergo
1734 2353 1857 2401 haec
1895 2351 2084 2400 Eudoxi
2125 2349 2354 2398 vetustis·
2419 2402 2422 2406 ,

117 2424 241 2471 sima
278 2421 503 2484 traditio,
556 2423 694 2485 cujus
731 2424 902 2484 procul
950 2424 1098 2473 dubio
1152 2431 1200 2474 ct
1241 2425 1561 2488 Albategnius
1605 2428 1846 2486 meminit,
1901 2425 1961 2474 de
2015 2422 2355 2474 vetustissimis

117 2494 377 2546 Chaldaeis
427 2496 648 2559 loquens.
722 2496 953 2546 Floruere
1008 2505 1122 2546 tunc
1170 2513 1319 2560 regna
1359 2499 1595 2548 Graeciae
1634 2499 1995 2563 Sicyoniorum,
2048 2498 2353 2564 Argivorum,

114 2569 459 2633 Mycenarum,
513 2568 883 2618 Atheniensium
918 2575 980 2629 ,et
1017 2570 1361 2632 Troianorum,
1415 2586 1620 2635 quorum
1669 2573 1901 2621 historiae
1955 2571 2017 2619 ad
2066 2569 2357 2634 posteriores
2411 2565 2413 2568 ⁴
2494 2559 2497 2565 ’

120 2641 335 2691 Graecos
374 2649 422 2690 et
450 2641 702 2690 Eudoxum
742 2642 989 2692 derivatae
1027 2650 1162 2706 sunt3
1203 2659 1410 2708 cumque
1447 2661 1543 2708 pax
1566 2653 1708 2706 esset,
1749 2653 1800 2694 ut
1839 2644 2159 2693 antebellum
2184 2642 2357 2690 Troia-

110 2730 250 2775 num,
290 2714 418 2764 credi
455 2721 644 2776 potest,
685 2718 972 2765 commercia
1010 2718 1226 2779 viguisse
1263 2720 1387 2768 inter
1425 2718 1640 2767 Graecos
1680 2725 1727 2767 ct
1764 2719 2057 2777 PhoeniceS,
2100 2714 2357 2765 Caldaica-
2436 2716 2440 2719 ’

105 2803 214 2836 rum
254 2789 499 2836 rationum
535 2789 731 2851 peritos,
771 2789 880 2851 ipsa
915 2789 1180 2852 navigandi
1219 2792 1528 2841 necessitate.
1602 2792 1846 2855 Regnavit
1871 2793 2017 2839 etiam
2051 2804 2114 2838 eo
2142 2796 2360 2851 tempore,

112 2861 255 2924 Argis
283 2859 539 2921 Hercules,
578 2861 757 2924 primus
787 2859 1134 2925 Olympiadum
1173 2865 1433 2912 institutor.
1509 2865 1695 2913 Demus
1735 2879 1849 2926 ergo
1874 2863 2073 2912 Herculi
2112 2860 2354 2926 cognitum

108 2934 232 2983 diem
271 2927 493 2992 solstitii,
546 2935 588 2980 si
625 2935 784 2981 minus
838 2934 897 2984 de
935 2937 1257 2998 aequinoctiis
1311 2936 1637 2986 concedimus.
1717 2936 1926 2985 Omnino
1984 2934 2351 2985 sub.excidium
2414 2952 2418 2958 ·

106 3007 305 3067 Troiae,
358 3005 491 3069 quod
532 3006 599 3054 80
637 3007 775 3054 annis
815 3014 1034 3056 secutum
1073 3015 1174 3069 est,
1233 3016 1319 3057 aut
1356 3016 1474 3059 nota
1512 3010 1643 3059 fuere
1685 3009 1923 3070 solstitia,
1979 3016 2063 3057 aut
2101 2999 2353 3071 splendide

107 3080 387 3152 fabulantur
425 3085 662 3139 auctores,
703 3078 830 3127 diem
867 3083 1047 3133 mensis
1070 3080 1245 3130 Graeci
1282 3085 1589 3131 nominantes
1635 3088 1682 3132 et
1718 3082 1927 3132 solstitia
1965 3082 2353 3149 determinantes.

110 3154 186 3203 Ab
222 3167 281 3201 eo
322 3158 534 3215 tempore
574 3151 634 3201 ad
675 3151 930 3200 Eudoxum
959 3155 1295 3202 minuerentur
1345 3156 1458 3203 anni
1495 3154 1685 3203 Juliani
1722 3156 1854 3218 pleni
1904 3169 1992 3205 seu
2034 3141 2353 3219 Olympiades

110 3234 158 3275 et
195 3226 494 3288 concipiatur
533 3224 651 3286 die8‚
693 3238 790 3287 quo
831 3225 908 3274 die
947 3241 1137 3289 semper
1174 3228 1238 3274 sit
1275 3228 1550 3276 solstitium.
1630 3229 1746 3277 Dies
1787 3229 1867 3278 ille
1916 3229 2010 3277 hoc
2047 3243 2223 3277 nomen
2262 3227 2353 3274 ha-

109 3298 241 3358 beat,
300 3298 416 3361 quia
463 3312 520 3347 eo
575 3297 653 3347 die
704 3299 974 3360 antiquitus
1025 3298 1320 3348 celebratum
1371 3300 1514 3350 fuerit
1565 3301 1842 3350 solstitium.
1917 3302 2027 3351 Non
2080 3303 2142 3349 sit
2193 3306 2353 3349 autem

112 3386 274 3422 verum
323 3371 615 3431 solstitium,
665 3370 750 3418 sed
795 3370 889 3419 hoc
938 3372 1260 3433 praecesserit
1314 3388 1399 3435 per
1451 3372 1552 3422 dies
1604 3377 1648 3422 7.
1725 3375 1939 3438 Tempus
1991 3381 2063 3424 est
2120 3388 2352 3422 annorum

114 3458 152 3493 c.
193 3445 311 3493 900.
386 3444 516 3508 Ergo
556 3445 800 3506 scripserit
838 3443 1070 3493 Eudoxus
1109 3443 1396 3506 solstitium,
1435 3448 1825 3509 aequinoctium,
1876 3447 1952 3496 die
1992 3448 2220 3510 antiquo,
2263 3446 2353 3494 ad-

114 3516 284 3566 diderit
321 3531 468 3579 ver0,
509 3516 674 3567 Solem
714 3531 771 3565 eo
811 3516 914 3578 die,
966 3518 1048 3580 qui
1088 3515 1426 3567 denominatur
1463 3519 1751 3581 solstitium,
1797 3521 1902 3583 jam
1941 3534 2047 3569 esse
2086 3522 2134 3568 in
2177 3525 2354 3568 octava

113 3596 247 3653 parte
282 3590 423 3652 signi.
497 3589 767 3655 Hipparchi
793 3603 908 3638 vero
936 3591 999 3638 sit
1025 3588 1146 3639 haec
1171 3590 1459 3653 emendati0,
1500 3592 1631 3656 quod
1659 3595 1863 3657 cupierit
1903 3592 2072 3643 tollere
2100 3593 2351 3643 catachre-

113 3664 185 3711 sin
233 3665 438 3713 nominis
488 3662 747 3713 solstitium
788 3662 1099 3726 docueritque
1150 3662 1286 3726 loqui
1326 3671 1561 3727 correcte,
1614 3666 1875 3716 solstitium
1929 3681 2095 3716 verum
2150 3681 2246 3715 non
2304 3666 2352 3712 in

118 3741 291 3785 octava
327 3737 454 3799 signi
490 3742 628 3801 parte
668 3736 860 3798 confici,
913 3734 999 3785 sed
1037 3741 1150 3785 ante
1191 3735 1294 3787 dies
1335 3739 1392 3800 8,
1436 3740 1484 3786 in
1522 3740 1679 3802 prima
1715 3746 1851 3803 parte
1891 3741 2034 3803 signi.
2107 3740 2215 3788 Non
2254 3752 2347 3801 po-

111 3814 308 3861 tuerunt
342 3823 459 3860 vero
498 3824 667 3875 capere
705 3809 1036 3874 Hipparchum
1076 3809 1350 3878 agricolae,
1404 3813 1520 3875 quia
1558 3818 1876 3865 assueverant
1925 3815 2155 3879 antiquae
2193 3810 2346 3862 tradi-
