2554 4140
183 115 286 163 488
970 146 978 151 ,
1053 81 1288 163 Epitomes
1318 105 1633 152 Astronomiae

182 265 236 307 ut
274 259 479 320 quisque
517 245 733 315 inferior,
786 256 857 302 ita
904 253 1095 316 longior
1147 259 1221 302 est
1268 253 1607 302 occultationis
1659 251 1966 319 vespertinae
2016 256 2095 305 vel
2147 257 2432 307 emersionis

184 332 450 379 matutinae
488 332 637 386 mora,
678 329 849 375 ceteris
894 327 1107 389 paribus
1187 326 1424 387 Adeoque
1463 327 1669 375 Veneris
1708 338 1756 376 et
1806 331 1961 391 magis
2003 329 2228 378 Mercurii
2267 344 2430 380 morae

183 405 421 452 brevitate
461 406 690 463 superant
727 401 860 463 ipsas
898 399 1101 447 fixarum
1141 401 1268 447 circa
1306 398 1394 446 has
1433 401 1790 463 apparitionum
1826 404 2028 463 specics
2106 402 2335 451 Vicissim
2374 418 2434 451 ex

179 475 326 523 radiis
378 472 505 522 Solis
559 466 745 535 vesperi
797 472 939 520 Luna
990 487 1042 520 se
1092 472 1336 519 celerrime
1388 471 1611 533 expedit,
1667 479 1775 534 post
1811 473 2108 535 Mercurius,
2160 475 2433 523 tardissime

182 547 365 606 Venus,
407 547 718 606 vicissimque
758 546 948 608 vesperi
988 544 1179 610 (ceteris
1207 543 1424 606 paribus)
1464 546 1620 606 prima
1657 559 1711 592 se
1748 546 1913 594 condit
1938 547 2122 608 VenuS,
2162 547 2274 596 inde
2300 548 2434 596 Mer-

184 621 369 678 curius,
425 618 567 665 Luna
617 616 890 666 tardissime
938 623 985 665 et
1031 618 1249 680 proxime
1303 616 1658 678 conjunctionis
1709 615 1970 668 momento,
2044 620 2146 668 Nec
2196 620 2317 668 nihil
2355 621 2435 669 hic

183 692 317 740 valet
364 693 506 738 unius
547 689 864 752 ejusdemque
902 689 1128 753 planetae
1168 689 1423 748 diversitas
1462 695 1734 748 motuum‚·
1761 693 2043 753 praesertim
2081 692 2333 753 Mercurii,
2387 696 2435 740 in

185 765 489 828 apparitione
527 765 767 815 matutina
805 768 853 811 et
893 761 1218 811 occultatione
1256 763 1563 824 vespertina3
1604 762 1781 824 quibus
1807 763 1932 812 adde
1958 766 2112 828 ipsius
2137 768 2282 814 etiam
2310 766 2437 815 Solis

183 843 402 886 motuum
440 836 855 898 inaequalitatem.
1044 833 1046 836 ”
1208 828 1215 833 ’

142 958 147 967 ,
308 908 516 970 ¹Quarta
553 914 627 957 est
666 908 859 956 diversa
901 907 1227 965 diversorum,
1269 904 1462 956 diversa
1501 908 1648 956 etiam
1687 907 1828 955 unius
1868 914 1916 956 et
1954 909 2174 971 ejusdem
2210 911 2436 973 planetae

183 980 408 1031 latitudo
484 981 606 1029 Nam
659 995 744 1045 per
795 995 903 1029 eam
953 994 1130 1028 causae
1178 981 1334 1043 prima
1383 986 1430 1028 et
1481 980 1695 1029 secunda
1746 981 1997 1029 variantur
2048 982 2296 1066 evidenter
2346 984 2439 1032 ad-

188 1055 405 1120 modum,
444 1062 588 1102 aucta
628 1055 809 1117 quippe
851 1052 1228 1101 declinationum
1268 1054 1524 1104 varietate

297 1126 516 1189 Quinta
551 1127 773 1175 consistit
811 1126 858 1172 in
899 1124 1092 1174 diversa
1131 1125 1380 1174 stellarum
1419 1125 1754 1188 magnitudine
1780 1127 2049 1189 apparenti,
2090 1126 2217 1175 unde
2242 1128 2438 1188 factum,

187 1207 242 1249 ut
278 1200 386 1249 fixis
423 1213 510 1262 pro
549 1200 738 1248 ratione
777 1213 862 1247 sex
902 1198 1121 1246 ordinum
1160 1198 1508 1260 magnitudinis
1549 1198 1727 1247 diversi
1767 1201 1914 1247 etiam
1952 1213 2092 1247 arcus
2120 1203 2442 1249 emersionnm

191 1273 671 1335 occultationumque
710 1271 1087 1320 attribuerentur
1139 1270 1303 1335 (supra
1340 1271 1464 1320 libro
1504 1271 1594 1319 111.
1635 1271 1718 1319 fol.
1761 1269 1917 1335 285.).
1992 1271 2129 1320 Idcm
2167 1274 2312 1336 igitur
2352 1275 2443 1324 ob—

122 1350 129 1354 ”
186 1350 307 1395 tinet
345 1347 490 1393 etiam
529 1347 576 1391 in
615 1344 824 1407 planetis
864 1343 1247 1407 quodammodo,
1302 1345 1384 1406 qui
1422 1351 1567 1409 prout
1603 1342 1706 1392 Soli
1750 1344 2023 1406 junguntur
2069 1347 2122 1391 in
2157 1346 2256 1394 alia
2297 1354 2461 1409 atque,

188 1420 283 1468 alia
335 1423 470 1482 pgarte
520 1419 596 1464 sui
636 1418 916 1476 eccentrici‚
965 1417 1176 1479 maj0res
1216 1417 1363 1466 etiam
1401 1416 1728 1466 vel'minores
1767 1416 2028 1481 apparent,
2082 1421 2262 1481 quippe
2300 1419 2441 1469 alites

187 1499 333 1554 atque
373 1490 513 1538 aliter
552 1489 787 1538 distantes
825 1505 856 1538 a
894 1496 1057 1538 centro
1098 1490 1290 1550 Terrae,
1331 1491 1611 1554 praesertim
1638 1489 1790 1555 MarS,
1831 1490 1968 1551 cujus
2009 1494 2131 1540 inter
2167 1494 2442 1554 superiorer

186 1565 517 1614 eccentricitas
545 1570 619 1611 est
655 1564 882 1610 maxima.
959 1562 1056 1612 Sed
1094 1563 1327 1625 maj0rem
1355 1563 1476 1612 haec
1515 1577 1664 1611 causa
1703 1564 1800 1611 vim
1827 1562 1976 1612 babet
2012 1579 2163 1626 penes
2192 1565 2441 1614 inferiores

186 1641 235 1685 in
277 1637 637 1699 comparatione
678 1635 1016 1684 occultationis
1054 1637 1377 1700 vespertinae,
1420 1636 1615 1699 quando
1654 1637 1913 1699 propinqui
1951 1643 2064 1685 sunt
2100 1637 2291 1699 Terrae,
2333 1653 2466 1689 cum.

186 1712 449 1769 matutina,
491 1707 686 1770 quando
725 1711 925 1771 remoti,
976 1710 1258 1772 praesertim
1300 1710 1497 1769 Venus,
1548 1714 1602 1756 ut
1641 1723 1767 1772 quae
1807 1710 1987 1772 septies
2026 1709 2105 1758 hic
2144 1709 2197 1758 fit
2235 1711 2378 1761 altior
2414 1728 2444 1762 a

187 1783 336 1832 Terra
383 1796 530 1844 quam
579 1780 694 1830 illic.
773 1781 911 1830 Adde
962 1781 1041 1830 hic
1090 1781 1331 1831 diversam
1376 1782 1646 1835 claritatem
1693 1782 1929 1830 luminum
1974 1785 2023 1829 in
2077 1782 2281 1832 diversis
2328 1785 2442 1848 pla-

187 1858 326 1916 netis,
367 1869 512 1918 quam
550 1855 599 1902 in
624 1854 767 1902 Luna
807 1854 1102 1918 quandoque
1141 1855 1347 1918 adjuvat
1384 1856 1458 1904 vis
1496 1854 1865 1904 illuminationis
1892 1855 2164 1917 Terrarum,
2203 1863 2258 1906 ut
2293 1872 2441 1920 supra

188 1929 383 1978 dictum.

332 2000 482 2049 Sexta
520 1998 729 2062 denique
769 2014 918 2048 causa
956 2002 1178 2049 consistit
1216 2003 1264 2048 in
1303 2001 1446 2051 faciei
1483 2000 1780 2050 diversitate.
1855 1979 1980 2049 Nam
2006 2000 2148 2049 Luna
2188 2006 2236 2050 et
2256 2002 2440 2063 Venus,

189 2077 231 2123 si
269 2088 364 2122 non
405 2078 648 2120 mutarent
686 2073 849 2133 sacieS,
890 2072 974 2121 illa
1011 2074 1363 2136 magnitudine,
1403 2076 1499 2123 ista
1539 2073 1757 2123 claritate
1795 2072 1990 2122 luminis
2027 2074 2291 2137 subnixae,
2332 2089 2438 2124 cer-

191 2152 416 2196 nerentur
451 2145 606 2192 multo
647 2144 842 2193 diutius,
1608 2165 1613 2173 ν

332 2219 432 2267 Dic
469 2218 714 2266 evidentes
751 2219 948 2280 aliquos
984 2217 1181 2282 effectus
1216 2220 1404 2267 harum
1451 2225 1523 2268 tot
1559 2233 1834 2267 causarum
1885 2221 1941 2267 in
1976 2219 2306 2282 planetarum
2346 2236 2442 2284 ap-

183 2292 541 2355 paritionibus.
614 2293 659 2340 1.
700 2290 833 2338 Mars
885 2291 1178 2354 quandoque
1216 2293 1291 2340 bis
1333 2294 1482 2340 oritur
1521 2293 1786 2340 matutinus
1839 2307 1897 2340 ex
1935 2291 2109 2353 radiis,
2158 2294 2443 2342 intermedio

191 2372 424 2428 tempore,
466 2363 650 2421 scilicet
675 2369 787 2425 post
814 2364 1202 2424 conjunctionem
1229 2380 1336 2413 cum
1359 2365 1488 2426 Sole,
1526 2380 1713 2413 rursum
1739 2365 1800 2412 ad
1828 2369 2017 2428 tempus
2054 2365 2291 2417 conditus
2364 2365 2446 2415 Sic

190 2440 335 2486 etiam
372 2438 445 2485 bis
489 2435 782 2499 quandoque
816 2436 1036 2485 conditur
1074 2437 1220 2486 radiis
1248 2444 1360 2487 ante
1398 2437 1788 2500 conjunctionem
1827 2452 1933 2487 cum
1962 2437 2092 2500 Sole,
2133 2438 2294 2501 medio
2317 2445 2445 2487 tem-

188 2526 306 2575 pore
347 2516 516 2571 exortu
554 2509 683 2557 facto
722 2509 988 2572 irregulari.

335 2585 381 2631 2.
436 2582 619 2641 VenuS,
662 2596 787 2644 quae
827 2597 974 2645 saepe
1016 2583 1136 2631 latet
1175 2581 1471 2642 diutissime,
1511 2583 1621 2632 aliis
1660 2583 1874 2644 vicibus,
1915 2583 2099 2632 scilicet
2137 2585 2183 2630 in
2223 2583 2446 2633 Piscibus

189 2655 487 2719 retrograda,
527 2669 623 2703 non
664 2655 840 2704 occidit
881 2658 1068 2719 vesperi
1109 2670 1264 2718 usque
1302 2664 1415 2720 post
1454 2657 1840 2719 conjunctionem
1879 2669 1988 2704 cum
2027 2656 2142 2706 Sole
2181 2657 2444 2717 secundum
2490 2712 2494 2719 .

187 2729 552 2793 longitudinem,
594 2729 839 2790 oriturque
879 2743 1020 2777 mane
1059 2736 1171 2777 ante
1211 2731 1633 2796 conjunctionem,
1682 2736 1728 2779 et
1767 2732 1851 2778 sic,
1876 2731 2008 2792 prius
2046 2726 2186 2778 mane
2227 2732 2441 2792 emergit,

191 2819 337 2866 quam
385 2802 576 2863 vesperi
624 2801 916 2849 occultetur:
968 2808 1023 2850 ut
1070 2801 1241 2850 eodem
1295 2802 1372 2852 die
1413 2805 1601 2866 vesperi
1641 2809 1689 2851 et
1726 2817 1868 2851 mane
1907 2803 1970 2851 sit
2007 2803 2296 2865 conspicua,
2347 2817 2443 2851 non

192 2878 414 2925 obstante
452 2874 559 2933 hoc,
601 2873 732 2935 quod
771 2876 819 2920 in
860 2889 1007 2922 cornu
1047 2880 1120 2924 est
1158 2881 1425 2924 attenuata.

337 2951 382 2996 3.
423 2949 691 2996 Mercurius
729 2949 777 2993 in
816 2954 980 2996 nostro
1019 2947 1376 3011 hemisphaerio
1415 2950 1681 2997 matutinus
1719 2949 1767 2995 in
1806 2948 1996 3009 Tauro,
2051 2949 2356 3010 vespertinus
2394 2950 2444 2996 in

195 3020 481 3082 Scorpione,
538 3034 816 3082 quanquam
871 3021 1155 3083 longissime
1205 3036 1235 3068 a
1275 3020 1388 3071 Sole
1425 3036 1730 3084 progressus,
1784 3035 1881 3069 non
1933 3026 2093 3068 tamen
2147 3023 2349 3082 emergit
2386 3035 2445 3070 ex

189 3092 336 3141 radiis
376 3101 423 3142 et
461 3094 531 3140 sic
566 3094 720 3146 rarius
761 3094 808 3139 in
849 3098 1160 3157 conspectum
1201 3096 1359 3153 venit,
1402 3110 1510 3143 cum
1550 3100 1709 3143 tamen
1746 3096 1796 3141 in
1834 3093 2128 3142 australibus
2164 3093 2441 3143 climatibus
2468 3127 2498 3142 -,

195 3171 308 3218 tunc
347 3166 906 3214 clarissime’exoriatur.
2314 3189 2349 3198 -’

338 3239 386 3285 4.
438 3238 578 3285 Luna
627 3237 888 3301 aliquando
928 3238 1097 3288 eodem
1137 3238 1214 3288 die
1251 3245 1393 3288 vetus
1433 3246 1480 3288 et
1518 3255 1648 3290 nova
1696 3241 1927 3299 cernitur,
1980 3237 2108 3286 unde
2155 3239 2224 3287 illi
2268 3238 2443 3288 Graeci

195 3325 370 3358 nomen
408 3317 674 3372 posuerunt
711 3309 788 3374 ἐιη
826 3332 902 3360 και
941 3331 1050 3374 νεα,
1103 3311 1247 3384 quod
1283 3327 1456 3362 nomen
1513 3313 1574 3361 ad
1614 3313 1739 3363 diem
1777 3313 1984 3375 primum
2022 3314 2227 3360 mensis
2241 3309 2441 3372 transiit,

197 3397 340 3456 quem
377 3397 465 3430 nos
506 3383 746 3431 Calendas
785 3383 1012 3445 dicimuS,
1062 3373 1409 3448 nonnunquam
1448 3387 1661 3435 vicissim
1700 3390 1871 3448 quarto
1912 3383 2102 3431 demum
2143 3385 2218 3433 die
2256 3401 2286 3433 a
2324 3399 2443 3433 con·
2470 3435 2486 3447 ‚

139 3483 141 3486 v
190 3453 444 3520 Junctione
484 3458 684 3522 emergit
721 3459 940 3521 vesperi,
991 3458 1186 3519 quando
1238 3459 1336 3520 jam
1373 3450 1613 3521 integrum
1662 3474 1691 3507 a
1729 3457 1842 3506 Sole
1879 3458 2071 3517 signum
2109 3463 2157 3505 et
2195 3463 2444 3521 praeterea

196 3543 344 3578 unum
383 3526 616 3575 decanum
651 3527 707 3575 de
746 3530 957 3578 secundo
986 3537 1059 3579 est
1097 3546 1309 3580 emensa⁴
1385 3532 1522 3580 Idem
1554 3539 1663 3581 tene
1703 3529 1761 3579 de
1788 3529 2112 3589 occultatione
2150 3533 2256 3579 vice
2284 3545 2440 3578 versa.

347 3600 394 3648 5.
445 3598 571 3660 Quin
620 3602 765 3646 etiam
811 3602 1015 3649 relatum
1068 3610 1141 3652 est
1190 3606 1238 3650 in
1288 3606 1600 3653 monumenta
1647 3603 1898 3661 historica,
1953 3601 2247 3665 quandoque
2286 3605 2442 3651 visam

199 3681 304 3722 esse
331 3673 519 3720 Lunam
558 3676 764 3719 stantem
799 3673 940 3733 juxta
974 3674 1136 3723 Solem
1174 3678 1222 3722 in
1262 3678 1370 3739 ipso
1410 3678 1533 3726 coeli
1571 3675 1759 3735 medi03
1798 3673 1845 3720 id
1885 3673 2064 3722 factum
2083 3674 2276 3743 Hispali
2315 3690 2441 3724 anno

198 3749 250 3794 ni
291 3745 433 3794 fallor
464 3743 617 3791 1553.
659 3757 819 3791 mense
858 3744 1033 3793 Martio
1076 3748 1119 3794 d.
1167 3751 1247 3798 13.
1288 3749 1401 3798 Sole
1442 3752 1488 3796 in
1530 3747 1587 3797 3⁰
1628 3749 1707 3808 Υ,
1747 3746 1888 3793 Luna
1923 3748 1974 3793 in
2013 3745 2107 3795 23⁰
2153 3750 2227 3813 J(-
2281 3753 2444 3803 (Confer

201 3823 283 3867 vol.
314 3825 439 3879 11.p.
470 3825 540 3876 84,
575 3818 689 3875 699).
760 3813 962 3880 Oportet
1009 3821 1181 3881 igitur,
1232 3827 1286 3869 ut
1337 3823 1432 3871 ista
1486 3820 1833 3883 concurrerint:
1892 3818 1939 3883 1)
1979 3817 2211 3871 distantia
2261 3837 2289 3871 a
2327 3820 2441 3871 Sole
