2554 4140
322 1069 775 1222 EPITOMEs
833 1067 1495 1211 'ASTRONOMIAE
1557 1030 2270 1171 COPERNIGANAE

964 1226 967 1227 ⁷
1007 1252 1208 1303 LIBER
1245 1251 1605 1304 SECUNDUS.

724 1399 815 1466 DE
861 1397 1165 1468 SPHAERA
1206 1398 1298 1467 ET
1343 1395 1661 1482 CIRCULIS
1705 1397 1895 1469 EJUS.

1182 1573 1438 1582 ————-

324 1678 537 1742 Dia-isti,
591 1681 662 1730 ad
695 1682 1170 1731 demonstrationem
1205 1685 1371 1729 mom
1404 1682 1563 1744 primi
1598 1694 1723 1744 opus
1759 1693 1857 1729 esse
1901 1682 2120 1744 sphaera
2155 1682 2429 1734 materiali.
2526 1712 2529 1725 ·

186 1753 324 1818 Quid
357 1760 428 1803 est
473 1757 633 1818 ἐρίων·
667 1755 884 1818 sphaera
918 1754 1200 1803 materialis
1251 1759 1299 1802 et
1345 1752 1483 1803 unde
1530 1755 1601 1802 sie
1635 1752 1858 1803 dicim?
1931 1753 2006 1818 Sp
2023 1754 2212 1804 haera
2251 1755 2432 1806 dicitur

179 1842 212 1875 a
245 1826 400 1891 figura
437 1827 667 1891 globosa,
718 1828 895 1892 globus
934 1829 1062 1877 enim
1100 1826 1303 1877 Graecis
1352 1843 1542 1891 σφαιρα
1588 1822 1788 1889 dicitur3
1842 1828 2130 1889 materialis,
2181 1827 2313 1891 quod
2368 1830 2434 1879 slt

181 1899 313 1949 faeta
361 1915 421 1950 ex
469 1903 674 1952 materia
726 1901 918 1965 aliqua,
973 1907 1029 1950 ut
1066 1914 1126 1950 ex
1163 1912 1374 1964 papyro,
1431 1899 1566 1962 ligno
1591 1897 1672 1948 vel
1710 1899 1922 1949 metallo.
1998 1901 2207 1951 Constat
2260 1907 2431 1952 autem
2517 1904 2550 1958 55}

184 1974 476 2036 quibusdam
505 1977 648 2025 certis
668 1975 872 2036 circulis,
912 1973 1216 2038 superficiem
1244 1986 1391 2022 unam
1416 1973 1720 2037 sphaericam
1754 1972 2172 2034 adumbrantibus,
2214 1977 2264 2023 in
2291 1976 2431 2039 eujus

179 2046 340 2097 medio
377 2047 607 2111 globulus
643 2048 706 2098 ab
745 2062 860 2108 axe,
899 2061 987 2111 per
1022 2046 1232 2096 mediam
1269 2046 1528 2109 sphaeram
1564 2053 1873 2108 transeunte,
1911 2046 2249 2111 suspenditur3
2304 2062 2433 2112 quae
2519 2048 2544 2090 ’-

181 2121 251 2170 sie
287 2121 578 2172 concinnata
614 2120 781 2171 mundi
819 2121 1025 2184 effigies
1046 2125 1145 2181 est,
1185 2119 1381 2184 qualem
1418 2121 1511 2169 sibi
1550 2121 1687 2169 visus
1724 2125 1891 2169 noster
1925 2121 2244 2184 imaginatur,
2295 2124 2345 2170 in
2380 2121 2432 2171 id
2515 2124 2518 2135 '

180 2200 487 2258 comparata,
530 2202 583 2245 ut
620 2195 715 2244 hoc
752 2194 888 2244 velut
925 2195 1244 2243 instrumento
1281 2192 1602 2242 demonstrari
1640 2191 1702 2241 ad
1740 2193 1937 2243 oculum
1974 2197 2165 2258 possint
2209 2197 2426 2247 rationes

176 2267 318 2332 primi
357 2273 518 2318 motus
555 2281 822 2331 eorumque
860 2281 989 2331 quae
1026 2281 1057 2316 a
1092 2267 1250 2330 primo
1284 2277 1421 2316 motu
1462 2266 1753 2330 dependent.
2511 2286 2535 2338 A·

325 2341 464 2406 Quid
496 2346 910 2405 repraesentatur
945 2354 1039 2403 per
1073 2340 1383 2404 superficiem
1418 2340 1697 2403 sphaerae?
1761 2339 1966 2390 coelum
1991 2346 2040 2391 et
2064 2340 2239 2391 stellae
2278 2342 2328 2390 in
2354 2355 2429 2393 eo.

323 2415 462 2480 Quid
493 2429 589 2478 per
622 2415 829 2478 ylobum
866 2412 1146 2463 intimum?
1221 2412 1412 2462 Globus
1451 2412 1676 2464 Telluris.
1779 2424 1788 2443 ¹

317 2490 388 2538 At
422 2490 606 2538 nescivi
640 2488 814 2538 dixisti
849 2489 1092 2537 extimam
1127 2485 1439 2550 superficiem
1474 2486 1661 2535 mundi
1706 2486 1796 2536 ubi
1832 2489 1922 2549 sit,-
1972 2486 2224 2550 quomodo
2272 2491 2433 2552 ἱρέων·
2511 2512 2513 2515 v

170 2568 336 2626 potest
372 2562 467 2611 illa
501 2560 913 2625 repraesentari?
984 2559 1406 2622 Quemadmodum
1444 2561 1495 2607 in
1532 2561 1800 2624 geometria
1835 2558 1962 2610 cirea
2000 2567 2231 2624 punctum
2271 2562 2435 2626 quod·-
2505 2566 2513 2579 '

174 2634 295 2685 libet
333 2636 382 2683 in
421 2635 569 2699 plano
603 2633 982 2684 ‘circumducitur
1021 2632 1228 2682 circulus
1266 2632 1466 2682 licentia
1502 2633 1828 2699 geometrica,
1875 2635 1949 2683 eie
1985 2635 2133 2686 etiam
2179 2636 2229 2683 in
2269 2638 2432 2700 optiea

178 2707 444 2773 disciplina
484 2709 639 2758 omnis
678 2706 849 2757 oculus
886 2707 1104 2769 aliquam
1142 2707 1269 2755 circa
1297 2721 1349 2755 se
1389 2706 1745 2770 circumjectam
1785 2706 2087 2770 superficiem
2125 2708 2430 2773 sphaericam

176 2783 270 2832 sibi
308 2783 617 2845 imaginatur,
656 2782 762 2830 sive
799 2779 886 2829 illa
922 2794 1008 2843 per
1045 2778 1230 2829 medias
1266 2778 1390 2828 fixas
1427 2784 1670 2840 trauseat,
1709 2782 1814 2828 sive
1853 2795 2001 2844 supra
2038 2780 2150 2830 illas
2190 2783 2281 2843 sit,
2323 2785 2429 2833 eive

182 2855 306 2904 infra
344 2855 471 2906 illas.
547 2856 609 2904 Et
645 2853 758 2904 talis
796 2852 1092 2917 superficiei,
1132 2851 1307 2902 saltem
1343 2854 1686 2916 imaginariae,
1739 2852 1924 2917 effigies
1963 2860 2038 2903 est
2089 2857 2137 2903 in
2175 2855 2430 2919 superficie

177 2927 427 2991 sphaerae.

319 3003 538 3051 Posuisti
584 3015 747 3064 supra
792 2999 1002 3048 Terram
1038 2998 1374 3047 insensibilem
1426 2996 1498 3045 ad
1532 2998 1723 3047 coelum
1762 3005 2144 3063 comparatam3
2198 3001 2428 3063 ylobulus
2479 3048 2486 3051 ,

172 3075 261 3122 iste
297 3077 354 3123 in
388 3076 606 3137 sphaera
641 3075 917 3123 necessario
950 3071 1192 3121 sensibilis
1228 3077 1310 3131 est,
1350 3085 1457 3119 non
1492 3077 1561 3120 est
1585 3073 1743 3133 iyitur
1766 3073 1904 3120 illius
1930 3072 2126 3136 essiyies.
2204 3073 2426 3138 Reprae-

175 3154 337 3196 sentat
374 3148 550 3211 globus
588 3150 680 3197 iste
718 3161 815 3195 non
842 3143 1242 3214 magnitudinem
1250 3142 1475 3204 Telluris,
1517 3142 1605 3194 sed
1632 3144 1968 3194 tantummodo
1996 3145 2243 3196 Tellurem
2268 3150 2427 3211 ipsam
2490 3139 2495 3141 ’

175 3233 261 3282 per
297 3234 365 3270 se.
441 3220 542 3269 Nec
582 3223 708 3269 enim
744 3222 849 3283 ipse
888 3218 1044 3267 videri
1081 3231 1171 3266 nec
1208 3207 1473 3276 fabrefieri,
1526 3230 1616 3266 nec
1653 3223 1816 3279 partes
1867 3217 1973 3280 ejus
2026 3218 2258 3283 distingui
2296 3235 2421 3285 pos-

176 3297 311 3354 sent,
351 3293 393 3340 si
431 3295 742 3355 proportione
781 3294 927 3342 etiam
965 3290 1280 3354 responderet
1318 3290 1526 3340 exilitati
1564 3289 1786 3339 Telluris.

322 3364 528 3427 Neyasti
563 3380 750 3427 supra,
808 3365 1017 3413 Terram
1062 3379 1158 3413 esse
1194 3367 1252 3413 in
1289 3369 1458 3413 centro
1497 3363 1704 3422 mundi,
1755 3377 1848 3411 cur
1891 3365 2050 3426 iyitur
2098 3367 2206 3426 ejus
2243 3366 2427 3430 efflqies

177 3445 245 3487 est
278 3440 336 3486 in
370 3444 538 3486 centro
574 3437 854 3499 sphaerae?
927 3437 1053 3499 Quia
1080 3437 1244 3496 Terra,
1286 3452 1433 3500 quam
1458 3435 1635 3500 globus
1664 3437 1754 3485 iste
1780 3442 2125 3522 repraesentat,
2167 3446 2241 3488 est
2267 3438 2424 3488 domi-

177 3510 340 3559 cilium
380 3510 650 3570 oculorum,
706 3515 754 3559 et
792 3524 905 3558 vero
964 3509 1134 3559 oculus
1173 3511 1378 3574 quilibet
1413 3511 1758 3574 imaginatione
1810 3511 1937 3597 cirea
1973 3524 2026 3559 se
2079 3510 2427 3562 architectatur

179 3583 467 3648 sphaeram,
506 3597 560 3632 se
597 3585 755 3646 ipsum
793 3597 981 3645 ponens
1018 3584 1066 3630 in
1107 3591 1287 3634 centn-0.

329 3655 458 3706 Cum
506 3671 624 3706 vero
669 3656 801 3704 oculi
837 3662 944 3704 tam
981 3657 1130 3704 multi
1164 3659 1266 3705 sint
1317 3663 1364 3706 et
1399 3658 1682 3719 imayinari
1685 3671 1742 3704 1e
1776 3657 2020 3718 sphaerae
2057 3656 2294 3719 totidem,
2333 3670 2435 3705 cur

181 3733 364 3780 unicus
401 3734 604 3778 tantum
642 3735 710 3777 est
746 3729 825 3777 hic
860 3727 1102 3790 qlobulus,
1143 3731 1277 3779 oculi
1322 3729 1534 3781 Telluris
1569 3728 1743 3789 index,
1783 3732 1939 3779 unica
1974 3729 2226 3791 sphaera?
2298 3727 2424 3792 Quia

183 3817 351 3852 omnes
397 3802 712 3862 imaginariae
763 3801 999 3864 sphaerae
1051 3808 1164 3849 sunt
1213 3804 1337 3852 inter
1368 3816 1421 3852 se
1471 3801 1653 3851 similes
1701 3801 1922 3864 adeoque
1973 3806 2119 3852 etiam
2172 3801 2416 3864 aequales,

181 3875 276 3930 hoc
314 3881 387 3930 est
435 3874 643 3940 sphaera
680 3889 794 3929 una.
868 3874 974 3927 Etsi
1012 3875 1138 3927 enim
1192 3875 1321 3929 oculi
1358 3875 1500 3927 multi
1545 3879 1594 3928 et
1638 3874 1750 3926 ideo
1788 3881 1955 3927 centra
1997 3875 2234 3942 sphaerae
2285 3873 2418 3926 illius
