2554 4140
202 152 307 203 290
1024 139 1260 199 Epitomes
1292 140 1608 187 Astronomiae

208 308 325 345 vero
380 291 554 342 siderei
601 295 782 340 metam
828 289 1046 340 nondum
1094 293 1268 341 erimus
1317 291 1545 340 assecuti.
1621 288 1847 340 Secundo
1886 291 2055 355 igitur,
2111 288 2176 340 ad
2214 288 2461 341 sciendam

207 373 388 417 metam
426 366 540 415 anni
577 363 813 413 naturalis
850 378 939 414 seu
977 365 1149 429 tropici
1186 367 1525 428 revertentem,
1563 362 1726 412 locum
1762 362 1908 426 Solis,
1949 379 2009 414 ex
2047 365 2199 414 veteri
2236 364 2464 428 deprom-

202 447 304 489 tum
344 435 682 504 ephemeride,
736 448 915 500 quaere
952 438 1000 485 in
1039 443 1235 486 nostrae
1273 436 1449 484 aetatis
1489 434 1819 499 ephemeride,
1876 444 1925 487 et
1963 436 2067 486 dies
2105 438 2219 487 anni
2259 435 2462 498 Juliani,

203 514 251 560 in
291 525 389 575 qua
427 510 564 559 illum
601 510 862 571 invenisti,
902 512 1090 560 ratione
1128 508 1432 572 tempestatis
1471 507 1690 570 ejusdem
1729 508 2056 574 comparanda
2096 511 2186 560 erit
2222 523 2331 560 cnm
2370 509 2464 572 die,

171 605 174 607 ·
206 599 355 648 quam
380 585 584 649 scriptor
622 584 943 647 consignavit.
1019 582 1305 632 Praevertet
1341 585 1505 630 autem
1533 579 1636 630 dies
1673 580 1907 632 moderna
1930 587 2175 633 vetustam
2213 584 2263 631 in
2300 581 2465 632 ordine
2533 614 2543 620 -

204 657 389 706 dierum
439 655 733 706 Calendarii.
829 655 1117 720 Tempestas
1163 655 1281 703 anni
1327 655 1396 702 sic
1441 659 1711 704 revertetur
1759 655 1957 717 eadem,
2024 661 2076 704 at
2125 669 2222 705 non
2273 657 2467 719 signum

208 730 353 780 idem.
435 729 522 779 Sin
561 734 725 779 autem
764 730 906 778 tertio
945 730 1065 780 scire
1105 725 1381 787 desideras,
1420 741 1519 789 qua
1557 726 1637 777 die
1674 727 1864 777 Juliani
1905 734 1955 778 et
1990 742 2088 792 quo
2128 731 2177 776 in
2216 727 2469 794 eclipticae

208 801 367 867 gradu
405 800 519 852 Sole
559 807 784 851 versante
822 798 968 849 hodie
1014 803 1286 851 revertatur
1323 797 1544 862 ejusdem
1580 798 1752 850 sideris
1792 807 1926 850 ortus
1963 800 2045 852 vel
2083 814 2287 852 occasus
2323 801 2468 864 idem,
2530 847 2534 858 ,

209 877 366 939 qui‘a
402 876 635 940 scriptore
675 879 749 924 est
786 875 1128 936 consignatus:
1180 886 1266 937 per
1310 871 1596 922 hodiernam
1633 873 1781 936 igitur
1817 873 2172 938 longitudinem
2212 880 2260 925 et
2296 873 2470 924 latitu-

206 944 368 1001 dinem
408 947 581 998 stellae
619 947 898 1011 propositae
938 959 1117 1009 quaere
1153 959 1342 994 rursum
1368 944 1570 1008 gradum
1610 944 1879 1011 ecliptieae‚
1919 949 2215 997 coorientem
2251 961 2360 997 cum
2383 947 2472 997 illa

207 1021 355 1071 hodie
380 1020 465 1071 vel
490 1019 883 1080 cooccidentem3
924 1021 1008 1082 qui
1035 1024 1218 1081 quanto
1257 1017 1519 1068 intervallo
1554 1025 1785 1082 sequetur
1823 1022 2118 1070 coorientem
2156 1019 2237 1070 vel
2277 1022 2471 1071 coocci-
2539 1031 2554 1054 i

188 1094 401 1144 x‘dentem
448 1100 664 1157 tempore
717 1092 965 1156 scriptoris
1016 1089 1267 1158 (sequetur
1304 1089 1479 1158 enim),
1531 1096 1668 1142 tanto
1718 1092 1817 1142 fere
1852 1091 2114 1144 intervallo
2162 1094 2301 1143 locus
2341 1093 2472 1143 Solis
2538 1101 2545 1107 ·

206 1170 257 1215 in
298 1166 524 1232 ecliptica
573 1163 720 1214 hodie
770 1166 1011 1228 posterior
1059 1165 1150 1214 erit
1193 1163 1304 1214 loco
1354 1164 1574 1228 ejusdem
1620 1164 1683 1214 ad
1722 1165 1851 1215 diem
1888 1181 1919 1216 a
1955 1167 2190 1232 scriptore
2226 1168 2471 1230 signatum

208 1241 286 1290 sui
344 1239 512 1289 seculi.
613 1238 839 1300 Denique
901 1236 1039 1287 locus
1102 1236 1232 1286 Solis
1286 1239 1358 1287 sic
1417 1239 1672 1299 inventus,
1747 1239 1790 1287 si
1849 1240 1899 1287 in
1957 1237 2266 1304 ephemeride
2326 1239 2473 1303 hujus

209 1314 386 1362 aetatis
425 1317 714 1375 quaeratur,
769 1310 898 1360 diem
943 1311 1059 1365 anni
1103 1308 1292 1359 Juliani
1330 1309 1574 1373 ostendet,
1629 1311 2009 1376 comparandum
2052 1326 2162 1362 cnm
2201 1310 2278 1362 die
2319 1314 2475 1378 scrip-

207 1387 348 1446 toris,
394 1385 582 1433 ratione
621 1383 842 1446 ejusdem
879 1382 1076 1433 sideris:
1128 1381 1316 1432 tardius
1360 1383 1547 1434 scilicet
1596 1381 1778 1434 incidet
1829 1383 1976 1435 hodie
2023 1384 2154 1436 idem
2191 1390 2388 1435 exortus
2424 1384 2473 1433 in

217 1471 346 1508 anno
385 1454 604 1506 Juliano.

357 1529 640 1579 Nullumne
687 1529 1058 1591 compendium„
1092 1531 1314 1591 suppetit
1357 1543 1542 1592 operae
1589 1534 1699 1578 tam
1749 1531 2026 1591 operosae?
2104 1531 2237 1595 Quot
2290 1528 2476 1583 dierum

212 1603 530 1653 differentiam
578 1618 608 1651 a
647 1601 940 1652 calendario
979 1594 1182 1651 Juliano
1222 1600 1309 1651 Sol
1333 1601 1515 1663 iaciat,
1570 1601 1619 1651 id
1669 1615 1818 1667 supra
1865 1603 2048 1654 dictum
2095 1610 2196 1664 est,
2247 1605 2296 1653 in
2336 1604 2475 1654 annis
2537 1631 2541 1639 ν

214 1691 283 1726 sc.
329 1676 465 1724 1767
509 1674 692 1724 dierum
746 1676 808 1724 13
859 1674 986 1735 fere,
1040 1677 1124 1737 qui
1164 1673 1268 1724 dies
1314 1676 1376 1723 13
1418 1673 1515 1725 diei
1553 1677 1668 1725 anni
1706 1674 1921 1739 Juliant,
1973 1683 2100 1727 retro
2148 1676 2213 1726 ad
2259 1677 2477 1728 seculum
2521 1688 2543 1719 *-

211 1747 485 1814 Hipparchi
524 1749 726 1810 extensi,
764 1747 1007 1797 constanti
1045 1747 1389 1798 observatione
1427 1753 1636 1813 possunt
1672 1747 1900 1814 adjungi:
1940 1763 2037 1799 non
2077 1752 2205 1800 enim
2244 1763 2366 1816 opus
2406 1756 2480 1801 est

215 1821 297 1872 hic
334 1820 692 1886 scrupulosiore
732 1824 1112 1885 computatione,
1150 1834 1240 1870 nec
1278 1820 1559 1884 curandum,
1599 1821 1733 1886 quod
1757 1823 1807 1870 in
1843 1834 1942 1872 una
1967 1829 2103 1888 parte
2143 1825 2256 1874 anni
2284 1829 2480 1889 propter
2527 1851 2535 1868 ·,

214 1894 524 1958 inaequalem
560 1900 746 1943 motum
780 1892 911 1944 Solis
950 1900 998 1943 et
1034 1906 1342 1959 progressum
1380 1897 1590 1959 apogaei
1626 1894 1947 1957 abundemus,
1986 1898 2036 1944 in
2073 1895 2173 1946 alia
2197 1894 2479 1947 deficiamus
2520 1907 2537 1963 ⁴·v

218 1967 455 2030 nonnihil,
497 1967 628 2031 quod
665 1982 783 2017 sane
822 1965 886 2016 ad
921 1965 1047 2016 haec
1084 1978 1238 2031 usque
1277 1973 1498 2033 tempora
1534 1980 1790 2034 perparum
1828 1974 1919 2018 est.
2526 1963 2531 2011 ἶ

360 2040 428 2090 At
465 2047 598 2090 ortus
637 2054 941 2104 occasusque
978 2038 1215 2101 siderum,
1254 2046 1315 2089 ut·
1345 2047 1458 2090 sunt
1496 2042 1740 2090 variarum
1778 2043 2062 2106 specierum,
2102 2043 2172 2091 sic
2210 2043 2356 2094 etiam
2394 2057 2480 2109 per
2527 2089 2546 2104 ,,

218 2113 415 2164 climata
468 2113 664 2164 diversa
717 2125 898 2178 perque
947 2108 1295 2163 declinationes
1343 2125 1458 2163 suas
1509 2129 1540 2163 a
1578 2112 1693 2164 Sole
1728 2116 1942 2163 minutas
1990 2115 2070 2164 vel
2110 2121 2280 2165 auctas
2316 2114 2478 2180 hodie,

219 2187 429 2250 denique
467 2200 553 2253 per
587 2186 701 2236 loca
739 2185 1006 2251 eclipticae,
1046 2184 1320 2249 longiorum
1357 2186 1505 2236 hodie
1543 2186 1626 2237 vel
1662 2187 1939 2238 breviorum
1971 2189 2315 2238 ascensionum
2353 2186 2481 2238 obli-

220 2275 442 2324 quarum‚
481 2258 686 2309 multum
725 2260 1000 2321 variantur,
1052 2263 1108 2308 ut
1142 2259 1212 2308 ita
1247 2259 1358 2324 plus
1395 2259 1476 2310 hic
1514 2261 1685 2310 erroris
1722 2261 1772 2308 in
1812 2260 2112 2327 compendiis
2149 2262 2279 2311 insit.
2353 2261 2481 2313 Pos-

224 2342 393 2382 sumus
432 2338 594 2382 tamen
635 2339 683 2382 et
721 2331 800 2381 hic
835 2345 987 2397 prope
1025 2345 1194 2381 verum
1231 2334 1414 2395 venire,
1453 2331 1634 2382 additis
1672 2348 1760 2398 pro
1796 2332 2068 2400 Hipparchi
2105 2333 2270 2385 seculo
2309 2333 2482 2386 diebus

223 2407 298 2470 (ut
335 2404 501 2472 supra)
546 2407 607 2454 12
649 2404 712 2454 ad
752 2404 878 2454 diem
917 2407 967 2453 in
1006 2418 1134 2455 anno
1172 2404 1411 2468 Romano,
1452 2419 1549 2470 quo
1588 2405 1760 2456 sideris
1787 2407 2027 2473 cujusque
2065 2412 2198 2457 ortus
2226 2419 2480 2473 expressus
2526 2430 2531 2436 ·

223 2485 311 2529 est.
392 2478 465 2527 Ac
503 2492 611 2527 cum
650 2480 834 2528 incerta
871 2479 933 2527 sit
969 2479 1199 2543 suspicio,
1239 2478 1392 2542 quasi
1419 2480 1633 2544 tropicus
1670 2493 1827 2529 annus
1867 2480 1981 2530 olim
2000 2480 2145 2530 fuerit
2178 2479 2369 2544 longior
2404 2478 2481 2549 (de

224 2567 321 2615 quo
359 2551 483 2601 libro
523 2548 678 2618 VII.)‚
727 2550 849 2600 nihil
885 2554 1127 2612 nocuerit,
1168 2551 1391 2617 exemplo
1430 2550 1680 2617 Tychonis
1715 2552 1897 2604 Brahei
1942 2552 2110 2605 secula
2146 2567 2237 2603 nos
2274 2555 2398 2604 inter
2434 2558 2483 2604 et

222 2623 558 2690 Hipparchum
594 2638 680 2689 pro
721 2624 903 2674 am'ussi
930 2629 1143 2677 statuere
1179 2626 1638 2690 proportionemque
1666 2625 1870 2676 eandem
1906 2626 1969 2677 ad
1995 2624 2281 2677 intermedia
2320 2625 2479 2691 adque

224 2700 500 2762 antiquiora
537 2705 759 2762 tempora
796 2699 1078 2747 continuare
1117 2709 1202 2763 per
1238 2696 1470 2747 tabellam
1507 2704 1815 2761 sequentem,
1856 2700 1904 2748 in
1944 2713 2042 2764 qua
2060 2696 2331 2750 Ptolemaei
2370 2700 2481 2763 qui-

225 2771 333 2820 dem
374 2771 801 2821 observationibus
837 2772 915 2820 vis
950 2771 1151 2820 infertur
1187 2773 1237 2819 in
1274 2772 1390 2820 anni
1426 2772 1601 2836 tropici
1638 2771 1893 2837 columna;
1941 2787 2057 2825 nam
2095 2787 2182 2839 pro
2226 2775 2286 2821 ll
2330 2773 2481 2838 ipsius

226 2845 488 2895 observata
526 2843 643 2895 dant
686 2839 842 2913 12¹s2.
920 2840 1018 2917 Sed
1058 2841 1117 2894 de
1156 2843 1250 2895 hoc
1286 2843 1411 2894 libro
1452 2842 1565 2893 VII.
