2554 4140
138 112 143 121 .
216 135 330 186 468-
1050 99 1288 189 Epitomes
1317 129 1636 177 Astronomiae

216 296 312 346 que
363 279 476 330 talis
524 280 575 326 in
615 277 842 326 omnibus
894 279 1113 343 copulis,
1174 285 1366 345 oportet
1417 281 1670 344 concipere
1721 279 2008 331 variabilem
2071 284 2206 329 extra
2256 277 2471 342 copulas,

216 368 373 417 eoque
419 351 639 416 duplices
681 349 861 399 limites
899 352 1170 423 nodosque.

362 439 506 503 Quae
543 442 611 485 est
647 431 808 499 iy'itur
843 437 966 485 haec
999 438 1164 485 altera
1202 443 1248 485 et
1284 444 1546 486 menstrua
1571 438 2000 505 linea-apsidum,
2041 439 2177 486 linea
2203 436 2471 498 nodorum,

212 511 349 576 quod
373 524 675 574 apoyaeum,
709 512 822 573 quis
845 509 1010 560 nodus
1036 509 1305 558 ascendens
1330 517 1635 573 menstrua-3,
1664 513 1810 570 cuius
1834 511 2048 574 denique
2074 512 2268 574 yeneris
2300 523 2474 558 eorum

216 585 421 634 motus?
495 583 554 632 In
591 584 831 646 primariis
871 582 1068 646 quidem
1106 582 1331 646 planetis,
1372 589 1427 631 ut
1465 590 1514 632 et
1550 585 1598 630 in
1637 583 1812 633 solutis
1842 583 2012 633 Lunae
2052 583 2308 632 anomaliis
2345 579 2476 631 linea

213 657 439 721 apsidum
491 663 541 705 et
589 655 720 705 linea
768 655 1007 704 nodorum
1057 656 1418 718 separabantur*
1454 657 1518 704 ab
1569 657 1781 706 invicem
1827 658 2043 716 motibus
2092 656 2343 706 contrariis
2391 667 2477 717 per

212 736 343 779 totos
382 729 659 778 successive
698 729 1021 792 quadrantes;
1062 736 1114 776 at
1150 728 1243 789 hic,
1283 729 1333 775 in
1371 731 1630 778 menstruis
1658 730 1829 778 Lunae
1867 729 2138 791 anomaliis,
2178 730 2308 777 linea
2342 729 2476 789 apsi-

215 802 330 851 dum
360 809 720 861 (menstruarum
761 808 809 850 et
844 801 974 850 linea
1009 800 1247 850 nodorum
1285 804 1640 850 menstruorum
1678 808 1913 866 perpetuo
1961 802 2240 851 coincidunt
2278 802 2326 847 in
2366 813 2474 848 sec-

213 878 397 925 tionem
435 874 569 939 plani
609 876 794 924 orbitae
831 873 1002 922 Lunae
1042 888 1151 922 cum
1188 874 1336 937 plano
1374 872 1461 938 per
1500 882 1664 924 centra
1702 875 1832 924 Solis
1875 881 1923 924 et
1961 875 2138 924 Terrae
2153 871 2172 936 ,’
2219 872 2281 922 ad
2322 872 2477 934 eclip-

213 951 342 998 ticae
393 949 594 1012 planum
646 954 796 997 recto.
873 947 1163 1009 Apogaeum
1211 948 1338 996 enim
1386 954 1461 996 est
1497 955 1735 1012 perpetuo
1786 947 1919 1012 apud
1957 962 2104 997 unam
2156 946 2237 996 vel
2274 944 2478 994 alteram

214 1020 526 1093 copularum,
579 1020 736 1069 nodus
782 1019 1053 1069 ascendens
1105 1020 1306 1069 alternis
1358 1019 1439 1069 vel
1477 1022 1527 1068 in
1566 1021 1737 1070 eadem
1777 1020 1954 1085 copula
2003 1020 2085 1070 vel
2133 1021 2183 1068 in
2236 1018 2476 1103 opposita,

215 1109 307 1144 nec
346 1101 526 1144 exeunt
563 1093 691 1155 inde,
732 1099 867 1141 motu
906 1092 1128 1141 circulari
1165 1094 1469 1142 transeuntia
1519 1094 1568 1141 in
1609 1095 1810 1158 copulas
1850 1095 2123 1158 oppositaS,
2177 1092 2264 1142 sed
2302 1093 2351 1139 in
2390 1104 2480 1140 sua

213 1166 446 1232 quodque
487 1166 664 1231 copula
703 1173 752 1214 et
791 1168 942 1220 oritur
980 1172 1029 1215 et
1067 1169 1296 1216 emoritur
1336 1166 1610 1229 denuoque,
1648 1174 1762 1231 post
1801 1167 1988 1217 obitum
2026 1169 2073 1214 in
2112 1179 2235 1227 una,
2275 1165 2481 1227 resurgit

215 1242 264 1289 in
317 1241 484 1290 altera.
563 1240 817 1288 Excitatur
865 1246 1029 1289 autem
1081 1239 1163 1288 vel
1213 1241 1537 1304 exstinguitur
1589 1247 1844 1303 utrumque
1895 1255 1981 1303 per
2017 1239 2207 1289 solutae
2255 1235 2478 1301 apsidum

217 1319 265 1363 et
300 1313 538 1362 nodorum
581 1314 922 1376 emigrationes
962 1312 1220 1362 circulares
1260 1327 1320 1362 ex
1357 1327 1455 1362 uno
1495 1313 1798 1363 semicirculo
1838 1320 2084 1363 menstruo
2124 1314 2172 1360 in
2210 1310 2374 1370 alium,
2421 1324 2480 1358 ex

218 1388 478 1436 crescentis
528 1387 716 1435 scilicet
752 1385 924 1434 Lunae
963 1388 1011 1434 in
1063 1388 1359 1435 senescentis
1398 1388 1783 1448 semicirculum,
1847 1402 1973 1449 quae
2026 1386 2280 1448 emigratio
2332 1383 2386 1431 fit
2431 1383 2480 1430 in
2519 1423 2522 1426 .

216 1462 467 1523 signorum
507 1458 861 1519 antecedentia,
902 1459 1142 1522 phasibus
1181 1459 1376 1520 Lunae,
1415 1466 1612 1524 propter
1649 1467 1837 1509 motum
1876 1474 2178 1509 communem
2217 1457 2396 1507 Terrae
2435 1458 2482 1504 ct

219 1532 355 1582 coelo
395 1532 580 1594 Lunae,
621 1533 928 1598 transpositis
966 1534 1014 1580 in
1056 1535 1429 1596 consequentia3
1478 1543 1548 1593 ut,
1595 1538 1720 1583 verbi
1761 1550 1921 1594 causa,
1969 1535 2218 1595 plenilunio
2262 1534 2309 1578 in
2356 1532 2481 1578 sche—

214 1607 335 1647 mate
367 1603 439 1647 72.
468 1615 525 1647 ex
555 1599 592 1646 Β
624 1602 671 1646 in
702 1603 734 1646 C
764 1602 1063 1661 transposito,
1097 1615 1186 1658 qua
1220 1603 1579 1659 transpositione
1613 1602 1921 1648 destituuntur
1952 1604 2054 1660 (seu
2096 1599 2482 1656 derelinquuntur,
2551 1595 2554 1629 3

213 1668 531 1722 ὑπολειπονται)
571 1681 822 1725 apogaeum
852 1668 1010 1713 Lunae
1039 1667 1347 1713 tardissimum
1377 1675 1423 1713 et
1452 1668 1600 1714 nodus
1631 1669 1813 1722 Lunae,
1855 1669 2043 1725 insuper
2083 1667 2216 1712 etiam
2258 1671 2480 1722 retrogra-
2551 1688 2554 1698 =

217 1736 326 1781 dus:
358 1740 409 1778 ut
439 1734 504 1778 sic
534 1734 770 1790 utriusque
799 1733 899 1778 loca
932 1733 1128 1791 speciem
1158 1735 1408 1792 praebeant
1437 1736 1820 1781 retrocedentium
1852 1749 1878 1779 a
1898 1733 2117 1792 phasibus
2147 1734 2193 1777 in
2215 1731 2481 1776 anteceden-

215 1800 294 1857 tia,
326 1799 403 1858 qui
433 1811 658 1855 apparens
688 1806 972 1845 retrocessus
1003 1802 1122 1845 intra
1151 1814 1289 1845 unum
1320 1801 1501 1846 circiter
1531 1814 1699 1846 annum
1730 1801 1894 1846 evolvit
1934 1807 2080 1847 totum
2113 1800 2326 1845 circulum
2356 1798 2481 1842 luna·

217 1874 405 1919 tionum.
480 1869 620 1919 Haec
656 1869 736 1919 hic
771 1870 1063 1933 generaliter
1100 1871 1318 1920 indicata
1358 1874 1407 1919 in
1435 1873 1753 1935 sequentibus
1779 1872 2152 1935 explicabuntur
2184 1870 2362 1919 elarius
2400 1881 2483 1933 per

217 1946 359 2006 signa
395 1945 706 2007 geometrica.

366 2030 489 2079 Cum
539 2033 687 2095 igitur
735 2032 845 2095 ipsa
894 2031 1025 2081 linea
1076 2032 1359 2096 copularum
1407 2033 1635 2096 fungatur
1684 2032 1843 2083 officio
1893 2037 1992 2080 tam
2043 2030 2201 2080 lineae
2241 2028 2479 2094 apsidum,

223 2118 370 2167 quam
407 2103 567 2154 lineae
606 2104 860 2166 nodorum,
899 2106 1151 2168 utriusque
1190 2113 1494 2167 menstruae,
1534 2105 1588 2154 fit
1626 2111 1679 2154 ut
1715 2121 1776 2155 ne
1815 2105 2091 2153 nominibus
2118 2103 2314 2167 quidem
2352 2118 2483 2152 sem-

218 2191 306 2240 per
342 2182 535 2226 utamur
573 2179 781 2241 apogaei
819 2180 1051 2227 menstrui
1091 2177 1171 2227 vel
1194 2179 1310 2228 nodi
1348 2180 1596 2239 menstrui,
1637 2183 1689 2227 ut
1729 2185 1864 2228 tanto
1892 2179 2049 2226 minus
2083 2179 2145 2226 sit
2169 2177 2480 2226 confusionis.

367 2249 504 2299 Gerit
542 2259 707 2299 autem
745 2250 1047 2314 illaffcopula
1085 2253 1243 2301 vicem
1294 2254 1502 2316 apogaei
1542 2253 1800 2314 menstrui,
1852 2253 1928 2300 cui
1979 2265 2252 2314 apogaeum
2291 2245 2483 2298 solutae

222 2322 521 2387 propinquat
557 2325 684 2373 intra
723 2324 1044 2387 quadrantem
1083 2325 1336 2389 eclipticae
1376 2333 1490 2374 ante
1529 2324 1610 2374 vel
1634 2332 1772 2374 retro.
1835 2328 1898 2373 Ut
1930 2327 2033 2384 quia
2064 2327 2110 2371 in
2151 2327 2379 2372 schemate
2408 2320 2479 2385 89:

221 2392 262 2436 D
295 2405 547 2450 apogaeum
579 2392 776 2451 solutae,
822 2393 950 2437 HAG
986 2394 1106 2438 linea
1148 2394 1431 2452 copularum,
1472 2394 1600 2438 HAD
1633 2395 1779 2438 minor
1817 2399 1965 2452 recto,
2009 2393 2132 2439 DAG
2163 2393 2308 2450 maior
2347 2397 2482 2453 recto,

224 2470 328 2514 ergo
369 2459 534 2516 copula
562 2459 627 2517 H,
669 2473 784 2515 quae
826 2466 895 2504 est
931 2460 1020 2517 ipsi
1048 2460 1089 2503 D
1129 2473 1333 2518 apogaeo
1372 2459 1582 2517 vicinior,
1622 2460 1763 2504 vicem
1808 2460 1922 2517 gerit
1958 2459 2167 2517 apogaei,
2210 2459 2250 2504 G
2287 2455 2484 2523 perigaei

222 2532 455 2577 menstrui.
525 2529 607 2578 Sic
644 2531 731 2578 ilia
770 2530 947 2593 copula
986 2532 1141 2580 vicem
1180 2532 1383 2594 praebet
1419 2530 1725 2580 ascendentis
1763 2530 1894 2593 nodi,
1934 2545 1964 2579 a
1990 2544 2089 2593 qua
2126 2529 2284 2579 nodus
2311 2527 2497 2585 ascen&

226 2600 344 2651 dens
385 2602 577 2651 solutae
616 2605 776 2651 minus
816 2603 1085 2665 quadrante
1125 2604 1274 2654 distat
1313 2611 1425 2654 ante
1464 2604 1543 2654 vel
1582 2611 1724 2653 tetre.
2467 2619 2470 2625 ·

293 2711 295 2714 »
375 2689 487 2754 Quo
538 2690 717 2740 ordine
757 2694 1063 2753 pervenitur
1114 2693 1183 2741 ad
1234 2695 1469 2742 notitiam
1519 2668 1841 2755 aequationis
1884 2691 1962 2739 vel
2007 2688 2292 2739 latitudinis
2340 2703 2482 2738 men·
2529 2708 2554 2776 ἰ.

226 2768 398 2811 struae
436 2769 480 2812 εἰ
519 2779 740 2827 quorum
780 2767 1120 2815 terminorum
1160 2766 1300 2814 usu?
1372 2765 1573 2815 Summa
1610 2776 1867 2828 processus
1917 2770 1964 2813 et
2012 2762 2264 2826 catalogus
2316 2761 2490 2827 termi-
2525 2754 2538 2858 ἰ

225 2850 396 2884 norum
444 2844 517 2886 est
566 2839 687 2886 iste:
734 2840 972 2901 principio
1023 2854 1109 2902 per
1158 2839 1439 2888 distantiam
1478 2838 1607 2888 Solis
1658 2839 1720 2888 ab
1760 2852 1981 2901 apogaeo
2020 2836 2191 2885 Lunae
2242 2829 2554 2899 quaeritur

227 2916 563 2972 argumentum
600 2918 900 2960 menstruum
954 2918 1003 2961 et
1038 2911 1359 2975 longitudinis
1399 2913 1628 2977 scrupula
1667 2910 2048 2976 proportionalia
2097 2925 2205 2959 cum
2246 2905 2531 2986 ρᾶῐῑίοιιῐέ’
2522 2940 2531 2973 ,

231 2990 435 3032 exsorte.
515 2983 597 3033 Sic
636 2998 745 3033 cum
785 2983 1019 3033 distantia
1057 2985 1187 3034 Solis
1234 3001 1264 3035 a
1302 2985 1431 3034 nodo
1472 2986 1710 3036 evehente
1761 2990 2057 3049 quaeruntur
2104 2983 2331 3046 scrupula
2368 2972 2482 3030 lati-

227 3055 423 3103 tudinis.
500 3057 690 3106 Deinde
737 3072 823 3121 per
874 3065 1214 3120 argumentum
1260 3066 1561 3108 menstruum
1609 3058 1930 3122 longitudinis
1971 3054 2050 3105 vel
2088 3050 2358 3105 latitudinis
2397 3068 2554 3109 θιϊ

229 3128 468 3192 carpenda
507 3137 581 3179 est
618 3130 717 3179 illic
756 3134 1013 3194 aequatio,
1068 3132 1148 3182 hic
1185 3131 1395 3181 latitudo
1434 3138 1701 3193 menstrua,
1751 3138 1984 3194 tanquam
2024 3144 2082 3179 ex
2119 3144 2284 3179 mense
2321 3111 2480 3193 pleno:

228 3198 367 3248 Haec
406 3202 484 3250 vel
523 3205 753 3267 aequatio
794 3203 870 3252 vel
911 3204 1137 3266 latitudo,
1178 3205 1532 3269 multiplicatae
1570 3208 1619 3253 in
1657 3204 1884 3268 scrupula
1921 3217 2034 3265 sua,
2086 3202 2200 3251 dant
2237 3203 2479 3283 portiones
2514 3210 2523 3260 i

230 3279 590 3336 competentes,·
613 3276 885 3326 latitudinis
926 3278 1123 3340 quidem
1170 3279 1474 3340 absolutam,
1522 3279 1831 3342 aequationis
1867 3290 1984 3326 vero
2037 3276 2233 3339 insuper
2275 3261 2480 3324 ser-men·-
2514 3267 2549 3330 ξι

230 3345 429 3394 tandam
465 3349 704 3409 particula
743 3356 950 3408 exsorte‚
991 3358 1045 3399 ut
1082 3351 1167 3400 fiat
1201 3352 1337 3414 justa
1361 3354 1592 3415 aequatio
1619 3357 1878 3401 menstrua.
1953 3348 2143 3397 Horum
2172 3349 2480 3408 terminorum
2511 3362 2554 3421 ᾗ.

233 3416 539 3469 definitiones
575 3425 626 3470 'et
665 3437 782 3471 usus
814 3423 919 3486 jam
957 3438 1099 3487 porro
1139 3427 1340 3474 seorsim
1378 3425 1558 3488 singuli
1594 3425 1845 3474 tradentur
1883 3420 2156 3470 dilucidius

382 3490 641 3554 Quomodo
668 3502 1013 3545 numerantur
1036 3498 1153 3547 illae
1179 3497 1450 3547 distantiae
1479 3498 1608 3548 Solis
1641 3490 1705 3546 ab
1733 3510 1956 3558 apoyaeo
1998 3496 2075 3543 vel
2099 3494 2233 3544 nodo
2260 3489 2515 3543 Lunae?
2507 3460 2516 3569 ἒ

231 3562 557 3613 Numerantur
593 3567 643 3613 in
682 3566 930 3651 ecliptica,
980 3570 1059 3620 vel
1099 3573 1248 3621 etiam
1287 3573 1334 3618 in
1376 3571 1597 3633 quolibet
1635 3569 1812 3618 circulo
1867 3583 1924 3616 ex
1974 3575 2138 3617 centro
2178 3567 2356 3617 Terrae
2394 3560 2514 3620 de-:

232 3638 436 3701 scripto;
494 3644 607 3686 sunt
657 3641 783 3688 enim
833 3655 973 3690 arcus
1024 3643 1104 3693 vel
1142 3643 1396 3708 eclipticae
1443 3643 1523 3693 vel
1562 3642 1672 3695 talis
1723 3640 1912 3703 circuli,
1961 3641 2248 3704 incipientes
2286 3655 2316 3689 a
2353 3638 2512 3706 linea}

232 3709 407 3781 locove
447 3712 655 3774 apogaei
693 3711 774 3760 vel
811 3712 926 3760 nodi
966 3715 1232 3777 evehentis,
1274 3723 1323 3766 et
1359 3716 1564 3765 tendunt
1601 3717 1648 3763 in
1687 3715 2035 3776 consequentia
2071 3715 2476 3774 terminanturque
2504 3713 2534 3770 ¹-

233 3784 284 3830 in
322 3783 485 3833 locum
521 3782 652 3833 Solis
700 3798 892 3846 verum,
945 3787 1026 3835 vel
1062 3788 1240 3837 lineam
1289 3789 1388 3838 loci
1426 3788 1555 3838 Solis
1592 3787 1711 3836 veri.
1786 3786 1848 3834 Et
1886 3788 2003 3849 quia
2052 3788 2102 3834 in
2154 3783 2476 3836 schematibus
2531 3800 2535 3809 ’

234 3855 477 3921 ecliptica
497 3856 750 3908 commode
787 3871 884 3907 non
919 3863 1084 3921 potest
1122 3862 1344 3925 exprimi,
1380 3861 1559 3911 sufficit
1595 3860 1705 3910 loco
1746 3873 1945 3910 arcuum
1984 3859 2236 3911 ostendere
2274 3854 2506 3928 angulos·¹
2551 3887 2554 3893 -
