2554 4140
859 121 999 168 Liber
1027 121 1222 168 Tertius.
1282 121 1395 168 Pars
1427 121 1608 178 Quinta.
2254 124 2358 175 285

109 276 332 323 nimirum
368 273 411 321 si
443 271 529 320 Sol
569 277 616 320 et
652 270 813 320 sidera
853 278 1100 320 versentur
1141 274 1186 318 in
1227 272 1284 319 iis
1323 272 1501 333 signis,
1544 285 1669 333 quae
1708 275 2018 335 praepostere
2058 270 2276 319 oriuntur
2316 274 2364 317 et

108 362 257 412 prope
295 345 596 408 eclipticam3
632 357 749 392 nam
789 345 829 392 si
860 343 947 394 Sol
986 345 1034 391 in
1074 346 1132 392 iis
1171 351 1270 393 tam
1306 342 1540 409 profunde
1578 349 1876 407 mergeretur
1909 344 2004 392 sub
2042 338 2360 402 horizontem,

109 428 165 469 ut
201 421 405 468 emicare
443 417 603 466 sidera
639 424 861 480 possent,
907 431 1002 465 non
1059 423 1248 465 tantum
1286 422 1475 465 ceterae
1529 418 1717 478 speeies
1757 422 1948 464 ortuum
1996 422 2045 466 et
2083 429 2360 476 occasuum,

108 491 195 542 sed
230 493 325 556 ipsi
361 491 507 539 etiam
545 489 722 539 heliaci
759 491 972 539 rationes
1009 504 1177 539 omues
1213 489 1294 538 hic
1331 489 1599 553 explicatas
1637 494 1857 537 tenerent
1893 495 2208 552 permutatae.

257 563 531 627 Quousque
557 563 646 612 Sol
682 563 819 612 debet
854 578 888 611 a
921 563 1028 625 fixa
1063 563 1343 625 discessisse,
1382 568 1442 610 ut
1479 562 1571 609 illa
1608 564 1746 610 cerni
1782 565 1935 623 possit
1971 562 2132 612 libera
2171 578 2205 611 a
2234 561 2364 612 Solis

107 636 308 685 radiis?
344 636 450 685 Etsi
488 650 563 685 res
601 636 724 686 haec
760 636 966 685 multum
1003 635 1154 685 habet
1193 636 1456 696 varietatis,
1496 640 1594 683 tam
1636 634 1797 696 quoad
1825 634 2028 683 fixarum
2067 642 2116 684 et
2138 635 2364 700 planeta-

107 725 211 758 rum
259 708 549 771 claritatem,
602 723 750 772 quam
802 708 966 772 quoad
1014 708 1255 758 diversam
1305 703 1446 759 aeris„
1469 706 1833 772 dispositionem
1871 721 1957 771 per
1993 709 2131 758 varia
2166 708 2279 758 loca
2316 714 2365 757 et

107 790 349 845 tempora,
397 781 523 831 adde
562 784 710 831 etiam
749 781 967 831 diversas
1005 782 1270 831 horizontis
1307 780 1505 845 plagas,
1558 794 1685 844 quae
1736 793 1833 828 non
1873 780 2143 843 aequaliter
2179 781 2364 830 illumi-

108 862 283 905 nantur
319 870 351 903 a
389 855 700 918 crepusculo:
741 855 951 904 artifices
989 860 1151 904 tamen
1186 861 1378 918 ponunt
1416 854 1584 917 aliqua
1609 860 1756 913 certa,
1802 867 1928 916 quae
1966 855 2064 901 sint
2091 853 2366 903 observatis

109 943 257 991 quam
295 929 515 991 proxime
557 935 899 989 consentanea,
936 928 1162 976 nimirum
1200 930 1319 976 ista:
1356 929 1512 990 primo
1553 925 1686 990 quod
1722 925 1808 975 Sol
1846 928 1896 974 in
1936 925 2116 975 circulo
2141 926 2366 975 verticali

107 1001 355 1050 demersus
400 997 491 1050 190
528 1001 619 1050 sub
658 1002 962 1051 horizontem
998 1001 1391 1064 crepusculorum
1430 1001 1570 1050 initia
1603 1000 1824 1063 finesque
1861 1000 2038 1062 faeiat3
2078 1001 2168 1049 etsi
2195 999 2365 1063 Tycho

106 1073 270 1123 Brahe
301 1088 406 1122 *non
441 1069 577 1123 ultra*
612 1073 704 1124 160
740 1075 997 1134 desiderat,
1037 1076 1086 1120 in
1125 1079 1234 1122 ortu
1273 1073 1468 1136 quidem
1507 1072 1869 1141 aequinoctiali,
1911 1071 1996 1121 alii
2027 1069 2133 1122 180.
2175 1071 2366 1132 Deinde

40 1199 46 1206 ,
108 1146 241 1210 quod
281 1146 406 1197 fixae
445 1150 675 1197 minimae
707 1149 807 1196 nisi
834 1146 950 1196 Sole
993 1145 1083 1194 18⁰
1123 1146 1344 1195 demerso
1384 1147 1513 1196 cerni
1552 1148 1600 1194 in
1639 1145 1902 1195 horizontis
1943 1160 2002 1194 ea
2038 1145 2201 1210 plaga,
2241 1160 2367 1209 quae

107 1219 169 1269 ad
207 1219 374 1269 Solem
413 1227 513 1282 est,
565 1235 662 1270 nou
699 1222 905 1285 possint.
982 1220 1076 1268 Pro
1116 1226 1283 1269 sextae
1333 1220 1682 1282 magnitudinis
1721 1211 1876 1269 stellis
1915 1225 2137 1268 statuunt
2177 1218 2368 1268 demer-

104 1294 293 1342 sionem
331 1293 460 1342 Solis
505 1291 607 1355 170,
648 1308 735 1358 pro
774 1295 974 1358 quintae
1019 1294 1098 1354 16,
1137 1307 1225 1356 pro
1264 1300 1468 1355 quartae
1500 1293 1579 1354 15,
1619 1307 1705 1357 pro
1746 1294 1919 1342 tertiae
1951 1294 2158 1357 l4‚⁷pro
2185 1306 2365 1341 secun-

109 1365 200 1415 dae
230 1367 310 1425 13,
350 1381 438 1430 pro
477 1366 630 1416 stellis
658 1369 841 1432 primae
867 1366 1227 1429 magnitudinis,
1259 1363 1364 1426 120.
1441 1366 1659 1415 Planetis
1697 1366 1872 1414 minori
1896 1365 2025 1415 Solis
2065 1360 2366 1415 demersione

108 1453 232 1502 opus
270 1453 401 1488 esse:
448 1439 603 1488 Marti
647 1439 737 1488 110
779 1442 881 1501 3Ο’,
935 1439 1145 1488 Saturno
1191 1434 1297 1500 110,
1346 1437 1464 1488 Jovi
1518 1444 1567 1488 et
1605 1439 1846 1488 Mercurio
1902 1437 2007 1499 10⁰,
2061 1438 2241 1489 Veneri
2293 1434 2364 1487 5⁰.

24 1578 29 1579 V
108 1510 402 1574 Quanquam
449 1513 755 1576 planetarum
797 1512 1071 1576 inaequalis
1123 1528 1154 1561 a
1202 1517 1365 1562 centro
1405 1512 1617 1562 Telluris
1670 1511 1902 1561 distantia
1940 1511 2094 1562 multo
2132 1512 2369 1575 maj0rem

22 1614 30 1623 ·
106 1586 394 1635 varietatem
433 1586 658 1635 videatur
693 1588 952 1650 requirere.

253 1658 440 1720 Posito,
479 1660 617 1722 quod
652 1667 787 1708 certa
824 1663 888 1708 sit
922 1661 1043 1708 haee
1079 1659 1388 1708 observatio:
1424 1661 1549 1707 seire
1584 1674 1726 1707 nune
1762 1665 1952 1721 expetO,
1995 1657 2245 1722 quomodo
2283 1660 2369 1706 in—

116 1733 363 1793 vesliyem,
402 1734 460 1780 in
497 1748 598 1796 quo
635 1734 889 1796 eclipticae
905 1732 1076 1796 yradu
1113 1732 1286 1781 debeat
1320 1746 1418 1780 esse
1457 1731 1569 1798 Sol,
1607 1738 1681 1793 ut,
1721 1733 1862 1780 stella
1897 1734 2088 1782 oriente
2128 1732 2204 1781 vel
2241 1733 2371 1781 occi-

104 1802 247 1852 dente
264 1811 408 1855 motu
438 1805 721 1864 mundano,
760 1809 867 1868 ipse
893 1808 1034 1866 justo
1059 1805 1266 1854 modulo
1303 1805 1562 1867 depressus
1599 1820 1694 1854 esse
1717 1808 1872 1868 possit
1906 1805 1998 1854 sub
2022 1805 2331 1854 horizontem
2347 1804 2373 1852 Ρ

105 1875 163 1924 In
198 1877 407 1940 sphaera
453 1878 692 1928 collocato
731 1877 886 1942 gradu
925 1878 1180 1942 eclipticae
1220 1878 1464 1928 cooriente
1516 1878 1594 1927 vel
1634 1877 1945 1928 eooccidente
1994 1892 2103 1927 cum
2140 1877 2284 1927 stella
2321 1879 2371 1925 in

105 1948 358 2020 horizonte·
394 1953 552 2001 ortivo
591 1951 672 2001 vel
710 1952 931 2013 occiduo,
972 1952 1178 2001 circulus
1219 1950 1481 2010 verti-caliS,
1523 1951 1688 2000 debito
1726 1951 1967 2014 graduum
2004 1950 2204 2000 modulo
2244 1949 2371 2000 ultra
2434 1965 2438 1970 ·

107 2022 424 2085 quadrantem
451 2026 782 2090 prolongatus,
824 2027 1060 2089 tantisper
1082 2027 1133 2074 in
1158 2025 1408 2073 horizonte
1435 2027 1688 2087 proposito
1715 2039 1904 2073 rursum
1939 2039 2224 2088 prorsumve
2262 2038 2372 2072 mo-

107 2101 263 2157 vetur,
303 2097 459 2147 donec
497 2099 799 2148 extremitate
839 2114 929 2148 sua
967 2104 1137 2162 tangat
1175 2097 1476 2161 eclipticam:
1529 2097 1615 2147 illo
1671 2103 1920 2147 contractu
1968 2104 2206 2147 monstrat
2243 2096 2372 2146 Solis

3 2171 5 2178 ‘
51 2220 58 2229 ,
103 2167 282 2230 locum,
322 2185 467 2234 quem
505 2179 712 2235 occupet
749 2187 949 2222 necesse
988 2178 1079 2237 est,
1117 2177 1172 2220 ut
1208 2170 1352 2220 stella
1388 2173 1641 2235 proposita
1677 2172 1837 2235 possit
1875 2172 1987 2221 oriri
2033 2171 2112 2221 vel
2150 2169 2372 2221 occidere

106 2241 311 2292 heliace.

262 2316 423 2364 Velim
460 2316 592 2365 idem
628 2319 887 2382 inquirere
924 2333 1066 2380 posse
1102 2318 1312 2367 calculo.
1391 2315 1528 2381 Opus
1566 2318 1714 2381 igitur
1752 2322 1827 2366 est
1867 2305 2188 2367 ex'doctrina
2224 2331 2371 2380 prae-

103 2389 255 2438 missa
291 2391 569 2452 cognitione
606 2391 786 2453 gradus
826 2392 1080 2455 eclipticae
1118 2391 1377 2440 coorientis
1405 2390 1484 2441 vel
1510 2389 1835 2441 eooccidentis
1879 2405 1987 2440 cum
2014 2390 2160 2441 stella
2186 2404 2371 2455 propo-

105 2462 224 2521 sita,
274 2467 323 2509 et
361 2462 554 2526 anguli,
611 2478 755 2526 quem
782 2454 908 2514 'facit
947 2464 1173 2527 ecliptica
1211 2478 1319 2512 cum
1754 2490 1837 2532 mg,
1865 2489 1922 2526 4g‚

108 2532 378 2597 horizonte*
417 2537 465 2583 in
518 2537 737 2600 partibus
791 2538 905 2587 illis,
1003 2537 1143 2586 'l‘unc
1197 2536 1313 2599 polo

107 2605 361 2671 eclipticae
401 2608 467 2666 C,
519 2611 699 2659 vertice
739 2609 785 2658 V
823 2617 871 2660 et
909 2608 1135 2674 ecliptica
1171 2608 1312 2671 EOS,
1817 2595 1857 2627 V
2007 2624 2034 2662 o

105 2682 422 2743 nonagesimo
470 2681 539 2743 E,
595 2683 779 2732 oriente
818 2682 885 2744 O,
943 2683 1316 2746 imaginabimur

106 2753 400 2816 triangulum
431 2751 537 2804 OIS
577 2755 702 2804 inter
740 2755 1015 2820 eclipticam
1043 2754 1138 2817 OS,
1179 2756 1316 2805 hori-

106 2832 302 2875 zontem
341 2825 411 2875 ΟΙ
449 2833 498 2876 et
537 2828 821 2878 verticalem
858 2828 942 2889 IS,
983 2831 1032 2877 in
1072 2843 1168 2892 quo
1206 2828 1316 2896 (sub

109 2897 358 2949 horizonte
409 2913 600 2966 semper
642 2900 843 2968 latente)
893 2909 1085 2967 praeter
1132 2908 1316 2951 rectum

110 2972 344 3035 angulum
383 2972 514 3030 OIS,
562 2988 708 3037 quem
747 2975 992 3025 verticalis
1037 2989 1147 3024 cum
1183 2975 1317 3024 hori-

107 3051 252 3096 zonte
276 3045 408 3105 facit,
450 3046 591 3096 datur
616 3048 763 3097 etiam
787 3049 996 3112 angulus
1018 3046 1142 3109 IOS,
1172 3063 1317 3112 quem

114 3117 338 3182 ecliptica
388 3120 519 3184 apud
556 3127 789 3184 punctum
827 3120 869 3171 0
909 3137 1017 3172 oum
1067 3122 1316 3173 horizonte

112 3189 254 3253 facit,
305 3198 354 3242 et
390 3194 520 3243 latus
557 3193 619 3243 [8
657 3193 727 3242 illi
775 3196 1079 3259 oppositum,
1130 3195 1317 3246 scilicet

116 3277 254 3314 arcus
292 3266 535 3316 verticalis
576 3266 671 3327 VS,
714 3282 862 3330 quum
902 3267 1195 3333 demergitur
1229 3268 1316 3318 Sol

116 3336 207 3385 sub
242 3336 557 3390 horizontem.
636 3339 796 3402 Quare
835 3342 1078 3390 invenitur
1103 3347 1151 3392 et
1176 3356 1316 3391 arcus

117 3408 370 3473 eclipticas
408 3411 489 3463 OS
527 3415 782 3477 oppositus
830 3406 987 3475 recto',
1039 3417 1123 3478 qui
1175 3430 1316 3465 arcus

117 3487 193 3531 est
226 3484 348 3534 inter
374 3483 418 3534 0
446 3489 738 3537 coorientem
779 3487 857 3537 vel
883 3489 1243 3538 eooccidentem
1269 3495 1317 3538 et
1403 3522 1408 3528 -

27 3559 31 3628 ζ
121 3554 245 3603 inter
280 3555 316 3606 8
352 3556 531 3608 Solem.
607 3559 753 3610 Sinus
792 3561 918 3609 enim
969 3561 1115 3623 hujus
1165 3576 1306 3612 arcus
1357 3564 1674 3619 demersionis
1720 3571 2038 3636 prolongatus
2089 3576 2118 3624 5
2160 3575 2371 3640 cyphris,

122 3623 309 3678 divisus
354 3645 440 3694 per
490 3635 649 3683 sinum
701 3634 866 3697 anguli
917 3633 1170 3697 eclipticae
1221 3641 1270 3685 et
1306 3637 1596 3703 horizontis,
1645 3647 1945 3707 quotientem
1983 3648 2123 3709 facit,
2178 3651 2262 3711 qui
2299 3654 2373 3696 est

32 3759 33 3774 ἶ
122 3698 258 3747 sinus
293 3716 431 3753 arcus
468 3707 677 3769 quaesiti
717 3705 929 3756 addendi
966 3707 1029 3755 ad
1069 3714 1300 3772 punctum
1338 3712 1609 3778 eclipticas,
1648 3717 1779 3779 quod
1819 3732 1929 3768 eum
1967 3720 2112 3770 stella
2145 3722 2371 3782 comitur,

124 3769 437 3826 subtrahendi
484 3780 548 3829 ab
597 3795 678 3843 ee,
733 3780 866 3843 quod
917 3780 1155 3831 eooccidit
1192 3796 1302 3832 eum
1351 3786 1523 3851 stella,
1570 3789 1831 3855 proditque
1878 3792 2015 3843 locus
2069 3792 2170 3843 Soli
2223 3807 2373 3843 occu-

33 3820 38 3889 ἶ
128 3842 333 3905 pandus.
