2554 4140
1128 108 1368 155 Praefatio.
2116 74 2118 78 Ι
2267 113 2368 162 669

261 255 662 311 Ποῃεοῐαῃᾶθω
709 275 838 309 nono
879 267 926 310 et
965 261 1150 311 decimo
1187 264 1299 323 post
1337 258 1581 306 Christum
1619 256 1784 306 seculo
1824 262 1872 306 et
1911 255 2062 314 Gothi
2100 256 2369 318 Francique

120 333 406 395 barbariem,
445 339 493 382 et
530 333 761 382 Saraceni
799 335 1191 398 superstitionem
1228 331 1463 395 paulatim
1503 346 1676 380 exuere
1718 336 2004 393 coeper,unt
2036 330 2263 392 imperiis
2301 329 2371 377 illi

118 408 421 467 constitutis,
469 406 519 453 hi
566 405 710 468 longe
756 407 952 470 lateque
998 407 1311 470 propagatiS‚
1363 410 1479 453 tunc
1527 410 1574 452 et
1627 403 1871 466 Europaei
1923 403 2190 452 doctrinam
2243 401 2370 450 divi—

117 481 283 527 nitatis
320 479 516 542 plenam
552 479 791 541 paulatim
827 487 1072 543 repetere,
1125 486 1174 529 et
1212 477 1398 526 Arabes
1436 479 1709 540 pariterque
1747 476 1930 525 Judaei
1978 476 2108 524 docti
2157 466 2372 538 ejusdem

121 552 532 614 imperfectionem
580 553 792 601 misereri
843 567 1103 615 curamque
1153 549 1503 601 emendationis
1542 551 1800 611 suscipere.
1876 548 1956 597 Sic
1993 548 2365 611 procedentibus

117 624 295 672 seculis
350 625 531 672 factum
581 625 777 674 tandem
834 632 929 686 est,
985 626 1218 688 gliscente
1269 622 1577 671 Friderici
1628 621 1694 670 II.
1737 621 1886 669 Suevi
1946 627 1992 679 et
2044 620 2371 683 Alphonsi

116 695 336 761 Hispani,
378 697 707 746 Romanorum
731 698 926 762 Imperii
966 712 1074 747 cum
1102 697 1357 746 Saracenis
1396 697 1443 742 in
1483 694 1758 753 Palestina,
1800 693 1996 753 Sicilia,
2037 694 2208 755 Italia,
2249 693 2366 741 His·-

118 772 268 832 pania
307 772 615 831 commercio,
664 777 717 819 ut
755 774 871 819 artis
911 772 1190 820 exercitium
1231 775 1279 817 et
1317 782 1432 817 cura
1469 767 1531 816 ad
1571 764 1871 814 Christianos
1912 765 2174 814 occidentis
2213 772 2372 815 trans-

115 844 221 903 iret,
262 843 509 891 translatis
549 858 607 892 ex
647 845 843 892 arabica
879 846 927 891 in
966 843 1168 892 latinam
1206 841 1423 905 linguam
1461 840 1613 900 libris,
1657 853 1765 888 cum
1793 838 2096 899 astrologicis
2135 840 2367 901 plurimis,

115 920 218 962 tum
257 916 366 978 ipso
405 918 551 964 etiam
591 914 749 979 Opere
787 916 970 979 Magno
1010 916 1297 975 Ptolemaei,
1338 913 1468 976 quod
1507 913 1694 961 Arabes
1734 911 2091 973 Almagestum‚
2134 914 2275 973 quasi
2311 930 2366 962 το

113 1006 296 1053 μεγιςοί
336 988 580 1051 appellare
607 995 979 1038 consueverunt.
1023 988 1094 1036 Ac
1121 1003 1229 1036 cum
1258 983 1677 1036 brevi‘enituisset
1714 984 2033 1047 Alphonsi
2073 984 2370 1046 hujus·cura

114 1059 258 1123 plane
296 1063 430 1124 regia
478 1068 525 1110 et
565 1060 627 1109 ad
665 1075 856 1110 omnem
903 1063 1239 1124 posteritatem
1278 1058 1660 1108 commendanda
1707 1059 1754 1104 in
1793 1059 2132 1120 procuratione
2172 1058 2368 1106 tabula-

112 1147 232 1194 rum,
276 1149 398 1196 quas
438 1148 497 1182 ex
524 1147 581 1183 eo
622 1133 1045 1197 Alphonsinas
1085 1133 1311 1181 dicimus:
1352 1134 1456 1195 ipse
1483 1139 1643 1180 tamen
1670 1130 1777 1179 Rex
1816 1133 1862 1178 in
1887 1131 2207 1195 praefatione,
2245 1144 2370 1178 non-

113 1206 258 1254 nullis
298 1207 645 1273 exemplarium
683 1207 914 1270 praefixa,
955 1208 1191 1265 sermonis
1217 1206 1405 1253 initium
1445 1221 1475 1253 a
1514 1206 1814 1253 connexione
1852 1217 2009 1252 rerum
2036 1202 2368 1251 sublunarium

114 1293 223 1327 cum
276 1286 412 1327 motu
461 1278 671 1327 siderum
721 1279 931 1328 desumit
981 1278 1279 1341 multamque
1327 1293 1444 1341 prae
1495 1292 1548 1326 se
1594 1278 1684 1326 sert
1721 1278 2132 1339 praesumtionem
2173 1275 2230 1325 de
2268 1286 2369 1325 arte

111 1351 434 1415 genethliaca.
511 1352 650 1406 Adeo
689 1367 937 1415 nunquam
975 1353 1274 1401 astronomia
1298 1351 1438 1400 lactis
1478 1352 1554 1399 sui
1583 1349 1901 1412 obliviscitur,
1942 1364 2045 1412 nec,
2086 1364 2367 1417 quanquam

120 1423 303 1485 adulta,
343 1426 535 1488 penitus
576 1439 633 1474 eo
671 1433 836 1488 potest
874 1426 1131 1475 abstinere.

255 1497 472 1546 Tabulas
522 1499 612 1546 sub
653 1497 906 1561 Alphonso
959 1498 1240 1548 emendatas
1286 1497 1403 1545 felix
1450 1496 1602 1545 literis
1641 1502 1776 1545 aetas
1816 1498 2029 1558 excepit,
2083 1497 2130 1542 in
2171 1510 2267 1558 qua
2307 1511 2366 1544 ex

109 1572 279 1633 paucis
317 1571 530 1634 antiquis
570 1570 805 1633 plurimae
844 1586 1003 1620 novae
1037 1586 1124 1634 per
1161 1571 1408 1634 Europam
1457 1569 1737 1618 academiae
1775 1575 1887 1618 sunt
1926 1571 2190 1631 excitatae,
2244 1583 2368 1631 quae

104 1639 209 1706 jam
253 1643 442 1692 virilem
494 1643 738 1706 quandam
789 1647 1114 1694 astronomiae
1167 1646 1468 1692 constituunt
1505 1639 1739 1692 aetatem:
1793 1641 2010 1691 detersae
2058 1647 2170 1690 sunt
2209 1644 2368 1704 magis

110 1719 364 1779 magisque
404 1733 434 1765 a
473 1719 750 1778 cognitione
789 1732 947 1766 rerum
986 1717 1948 1781 praestantissimarumsuperstitioneS,
1998 1720 2229 1764 revocata
2268 1715 2368 1763 dis-

111 1789 290 1852 ciplina
327 1789 387 1838 ad
426 1789 572 1839 finem
610 1805 753 1839 suum
790 1805 1069 1853 supremum
1108 1790 1267 1852 adque
1306 1804 1421 1838 suas
1459 1791 1508 1836 in
1558 1791 1662 1838 vita
1701 1790 1942 1837 communi
1987 1787 2249 1849 utilitateS,
2305 1788 2367 1836 ad

110 1862 460 1925 geographiam
499 1868 547 1911 et
583 1865 965 1926 navigatoriam,
1006 1877 1133 1926 quae
1171 1878 1249 1912 ars
1289 1878 1349 1913 ex
1382 1876 1440 1911 eo
1477 1876 1659 1911 novum
1697 1863 1863 1911 orbem
1890 1862 2093 1924 aperuit,
2135 1863 2366 1910 orientem

112 1934 351 1984 occidenti
376 1937 600 1984 exterius
646 1930 810 1999 junxit
847 1951 1043 1999 unoque
1081 1938 1284 2000 imperio
1323 1941 1555 1998 utrosque
1591 1950 1716 1998 pene
1758 1941 1888 1983 totos
1928 1934 2189 1997 copulavit.
2267 1935 2367 1983 Ac·
2419 1932 2422 1933 ⁷

108 2010 252 2056 cessit
290 2014 339 2058 et
374 2009 571 2057 interior
609 2023 667 2058 ex
691 2010 927 2072 religione
967 2023 1096 2070 cura,
1137 2008 1420 2073 corrigendi
1444 2009 1619 2057 festum
1645 2007 1916 2070 PaschatiS,
1957 2007 2095 2069 cujus
2135 2008 2367 2056 abberra-

108 2082 267 2130 tiones
304 2096 390 2144 per
414 2083 530 2130 artis
555 2085 956 2146 propagationem
984 2082 1256 2132 evidentius
1295 2084 1345 2129 in
1371 2087 1683 2144 conspectum
1721 2081 1940 2144 prolatae
1965 2081 2173 2129 fuerunt.
2213 2081 2368 2144 Igitur

108 2155 325 2203 certatim
375 2155 425 2202 in
465 2145 703 2204 culturam
754 2157 871 2204 artis
909 2156 1242 2205 incumbentes
1282 2154 1535 2215 Germani,
1586 2155 1636 2201 in
1682 2154 1970 2214 academiis,
2012 2153 2280 2202 Viennensi
2321 2159 2368 2202 et

103 2225 340 2290 Pragensi
396 2229 681 2291 praecipue,
738 2228 1203 2289 Schindelius,
1261 2227 1740 2288 Peurbachius,
1802 2227 2365 2289 Regiomontanus

25 2293 27 2295 ’
103 2299 240 2348 brevi
268 2299 686 2363 deprehenderunt
711 2301 1124 2365 Alphonsinarum
1150 2301 1453 2351 Tabularum
1480 2301 1749 2350 bonitatem
1787 2307 1835 2348 et
1861 2299 2196 2349 certitudinem
2233 2300 2365 2349 fama

106 2373 355 2422 minorem.
432 2373 605 2436 Itaque
643 2381 746 2423 tum
785 2376 904 2438 ipsi,
958 2380 1062 2424 tum
1111 2389 1279 2424 eorum
1318 2374 1546 2438 discipuli
1591 2388 1678 2437 per
1718 2373 2029 2422 Germaniam
2070 2379 2117 2422 et
2153 2373 2363 2434 Italiam,

104 2444 468 2495 Waltherus
505 2446 821 2511 Noribergae,
861 2448 1234 2510 Dominicus
1260 2447 1459 2496 Maria
1484 2447 1752 2508 Bononiae,
1781 2447 2207 2495 observationibus
2233 2445 2364 2494 side-

102 2532 211 2566 rum
251 2518 531 2582 diligentius
569 2521 846 2570 incumbere
884 2535 1064 2584 easque
1105 2521 1405 2570 conscribere
1456 2519 1535 2569 vel
1583 2519 1646 2569 ad
1682 2534 1798 2568 suos
1851 2519 1930 2568 vel
1969 2519 2031 2568 ad
2070 2521 2365 2582 posteritatis

103 2605 246 2651 usus,
297 2598 610 2642 monumenta
650 2595 796 2643 etiam
843 2600 1040 2643 vetusta
1075 2593 1371 2654 Ptolemaei,
1430 2592 1743 2655 Albategnii,
1795 2591 1972 2653 Gebri,
2026 2591 2263 2654 Alphonsi
2317 2595 2364 2638 in

101 2663 260 2713 lucem
299 2679 531 2726 asserere,
573 2665 979 2729 explicationibus
1019 2665 1279 2729 adjuvare,
1319 2664 1574 2715 emendare
1614 2680 1879 2727 omnesque
1918 2670 2080 2727 partes
2120 2664 2363 2714 doctrinae

109 2736 392 2800 sphaericae
444 2739 585 2787 novis
635 2739 818 2788 tabulis
868 2740 1173 2788 subsidiariis
1222 2740 1285 2789 ad
1335 2729 1603 2802 faciliorem
1642 2740 1758 2787 artis
1798 2752 1940 2786 usum
1979 2751 2229 2802 apparare.
2304 2737 2365 2785 Et

106 2812 331 2872 quamvis
357 2810 802 2874 Regiomontanum
839 2814 1035 2876 ingenio
1073 2827 1241 2876 parem
1280 2813 1414 2875 operi
1439 2799 1651 2860 futurum
1691 2810 1990 2859 destituisset
2015 2815 2150 2859 aetas
2189 2812 2363 2859 imma-

103 2888 212 2932 turo
265 2883 366 2931 sato
418 2885 701 2946 terminata,
756 2889 992 2935 successit
1029 2892 1192 2935 tamen
1231 2886 1281 2933 in
1321 2899 1483 2934 curam
1522 2884 1874 2933 emendationis
1911 2882 2212 2931 N1colaus
2254 2882 2386 2932 Co-'

100 2957 427 3019 pernicus,
456 2959 719 3007 canonicus
745 2958 1047 3008 Varmiensis
1072 2959 1331 3020 BorussuS,
1357 2958 1599 3006 Dominici
1628 2957 1815 3005 Mariae
1844 2955 2123 3018 discipulus,
2151 2957 2360 3005 maximo
2386 2964 2389 2975 ²

99 3030 176 3077 vir
210 3030 406 3092 ingenio
446 3036 521 3091 et,
573 3030 704 3093 quod
741 3032 790 3078 in
827 3032 921 3081 hoc
959 3033 1187 3081 exercitio
1226 3033 1392 3093 magni
1430 3031 1661 3079 momenti
1703 3036 1803 3095 est,
1854 3030 2014 3076 animo
2053 3027 2188 3078 liber.
2266 3028 2361 3091 Qui
2392 3063 2393 3075 2
2469 3052 2478 3064 ι

101 3115 211 3150 cum
251 3114 373 3165 opus
411 3101 771 3152 revolutionum
808 3104 1129 3167 planetarum,
1170 3103 1301 3167 quod
1335 3104 1722 3153 emendationem
1762 3100 2036 3150 tabularum
2068 3101 2360 3165 complecte-

100 3174 270 3235 batur,
320 3189 452 3224 nova
488 3175 644 3224 forma
679 3177 1001 3241 maximisque
1038 3177 1287 3227 laboribus
1327 3183 1641 3240 apparatum,
1682 3189 1766 3238 per
1804 3188 1958 3223 annos
1996 3181 2125 3223 totos
2165 3178 2229 3223 27
2273 3175 2360 3224 de—
2383 3213 2387 3241 3

102 3247 326 3296 tinuisset
361 3250 409 3296 in
449 3250 660 3310 scriniis,
714 3248 936 3313 tandem,
971 3251 1076 3314 jam
1115 3256 1379 3301 extremum
1417 3251 1550 3298 vitae
1588 3248 1738 3297 limen
1777 3247 1993 3309 calcans,
2033 3247 2384 3312 Noribergen-2

104 3320 239 3369 sibus
279 3319 518 3370 edendum
556 3323 837 3370 transmisit.

243 3392 355 3443 Hoc
392 3408 516 3458 opus
559 3396 653 3443 etsi
699 3394 893 3444 tabulas
934 3395 1112 3455 habet,
1168 3394 1572 3457 explicationibus
1630 3393 2092 3443 demonstrationum
2149 3393 2357 3456 additas,

100 3476 243 3515 nemo
281 3472 442 3516 tamen
482 3474 556 3516 est
592 3466 755 3527 hodie,
796 3467 926 3530 quod
966 3470 1141 3527 sciam,
1183 3469 1266 3530 qui
1306 3462 1402 3516 eas
1427 3469 1476 3514 in
1517 3466 1755 3515 calculum
1794 3467 2039 3516 adhibeat.
2115 3466 2359 3516 Successit

102 3540 230 3587 enim
279 3541 511 3603 proximis
563 3542 702 3589 annis
751 3540 1040 3588 Erasmus
1085 3537 1515 3599 Reinholdus‚
1581 3541 1655 3588 vir
1701 3554 1808 3589 cum
1856 3542 1984 3589 omni
2035 3539 2356 3589 doctrinarum

102 3625 277 3674 genere
316 3612 688 3674 excultissimus,
730 3619 832 3661 tum
874 3613 1108 3675 imprimis
1136 3611 1198 3660 ad
1232 3612 1600 3660 mathematicas
1640 3619 1768 3662 artes
1806 3627 1836 3662 a
1872 3619 2045 3663 natura
2082 3613 2251 3673 factus,
2293 3613 2355 3660 ob

101 3686 497 3747 perspicuitatem
538 3693 585 3735 et
622 3685 903 3735 facilitatem
942 3687 991 3732 in
1030 3685 1176 3734 rebus
1215 3685 1450 3734 abstrusis
1489 3683 1835 3748 admirabilem,
1876 3686 1959 3750 qui
1999 3701 2121 3749 opus
2159 3686 2252 3733 hoc
2275 3690 2356 3733 ta-

101 3754 321 3806 bularum
348 3757 615 3822 Copernici,
651 3760 756 3822 jam
783 3761 881 3807 fato
910 3758 1075 3816 suncti,
1116 3756 1556 3806 transformandum
1581 3759 1807 3823 suscepit,
1848 3759 2354 3819 Prutenicasque

103 3828 182 3878 vel
221 3843 252 3879 a
290 3830 558 3895 Copernico
596 3831 826 3893 Pruten0‚
866 3830 946 3881 vel
984 3845 1014 3879 a
1051 3830 1337 3880 Maecenate
1376 3844 1464 3879 suo
1492 3830 1718 3882 Prussiae
1744 3833 1883 3883 Duce
1921 3838 1968 3883 et
1993 3832 2355 3894 cognominavit
