2554 4140
182 127 284 176 526
781 82 784 84 v
1007 120 1242 177 Epitomes
1272 120 1594 165 Astronomiae

184 275 288 318 tum
329 268 377 317 ct
427 269 564 329 cujus
614 267 797 329 figurae
839 281 1023 316 nomen
1083 270 1348 317 etiamnum
1392 266 1537 315 hodie
1585 270 1759 318 retinet
1804 268 2246 320 dodecatemorium
2295 270 2433 331 illud,

183 348 444 404 postquam
483 340 616 388 sidus
658 343 828 402 ipsum,
871 341 1000 402 quod
1041 354 1216 389 nomen
1256 341 1394 387 initio
1430 338 1643 401 dederat,
1681 343 1934 405 potissima
1971 350 2108 407 parte
2133 345 2182 390 in
2222 345 2434 392 vicinum

186 413 628 462 dodecatemorium
656 415 929 476 emigravit.
1004 413 1315 478 Compositus
1353 417 1513 459 motus
1540 419 1626 472 est,
1669 415 1750 475 qui
1790 421 1980 464 constat
2009 431 2066 465 ex
2107 416 2295 464 duabus
2320 432 2436 478 par-

179 487 328 546 tibuS,
374 484 422 551 1)
460 500 518 534 ex
546 491 692 533 motu
730 499 761 534 a
797 485 894 534 fixo
933 492 1112 549 puncto
1151 489 1201 533 iu
1241 487 1611 547 consequentia,
1652 488 1710 547 2)
1748 501 1807 535 ex
1843 494 1981 536 motu
2016 489 2176 537 medio
2215 491 2435 552 principii

185 560 366 606 Arietis
405 557 783 606 dodecatemorii
820 573 907 607 seu
946 561 1173 606 sectionis
1212 571 1390 606 vernae
1430 559 1477 603 in
1518 557 1870 619 antecedentia,
1910 559 2004 609 hoc
2043 565 2224 624 estqui
2263 577 2438 610 nume-

184 637 316 683 ratur
355 645 385 677 a
422 627 738 693 puncto'non
777 631 890 691 fixo,
931 631 1016 679 sed
1055 630 1238 691 mobili,
1267 629 1566 678 ‘scilicetab
1603 631 1961 692 aequinoctiali.

333 703 569 771 Quantus
605 711 674 751 est
707 705 786 751 vel
822 710 986 752 motus
1020 704 1245 766 fixarum
1280 701 1475 750 medius
1511 705 1566 749 in
1617 707 1988 765 consequentia,
2018 707 2118 768 'vel
2163 709 2437 770 praecessio

183 779 623 838 aequinoctiarum
660 777 829 828 media
867 792 899 823 a
935 779 1108 839 prima
1135 777 1322 823 Arietis
1358 779 1414 822 in
1440 775 1820 824 antecedentia?
1854 775 2164 839 Hipparchus
2195 786 2243 828 et
2265 778 2437 833 Ptolc-

179 863 347 897 maeus
387 851 745 910 existimarunt,
800 863 909 898 eum
948 847 1060 896 inde
1098 864 1129 897 a
1168 847 1508 896 Timocharide
1549 849 1595 894 in
1641 850 1742 896 100
1781 850 1919 897 annis
1959 864 2107 898 unum
2145 851 2348 913 gradum
2389 857 2436 900 et

182 924 231 969 in
272 916 630 971 36000‘annis
669 929 823 970 totum
864 920 1094 969 circulum
1133 920 1407 977 absolvere.
1483 921 1551 967 At
1588 920 1758 984 Tycho
1800 920 2038 982 Braheus,
2079 926 2436 986 comparatione

184 1009 381 1043 suarum
420 995 813 1044 observationum
854 1008 965 1043 cum
1002 993 1343 1057 Hipparchicis
1382 999 1431 1041 et
1471 992 1869 1056 Albategnianis,
1918 996 1966 1042 in
2006 998 2144 1043 annis
2186 997 2252 1044 70
2290 996 2436 1059 paulo

180 1067 291 1129 plus
350 1067 553 1130 gradum
606 1083 755 1116 unum
813 1067 984 1116 confici
1041 1069 1225 1114 statuit.
1314 1066 1440 1114 Vide
1492 1065 1720 1130 Progym.
1778 1066 1935 1115 Tomo
1985 1067 2023 1114 I.
2076 1067 2159 1116 sol.
2213 1070 2332 1117 253.
2389 1074 2436 1117 ct

180 1154 317 1202 seqq.
395 1138 558 1201 Quare
613 1139 841 1204 periodus
898 1155 995 1188 una
1053 1138 1254 1188 habebit
1299 1153 1451 1188 annos
1510 1139 1715 1200 25410,
1770 1145 1932 1188 motus
1991 1154 2179 1188 annuus
2234 1140 2436 1189 fixarum

180 1219 258 1261 est
296 1211 348 1261 0¹
388 1215 507 1260 51⁰.
1578 1243 1580 1245 -

329 1274 446 1349 Qua
483 1288 570 1334 via
605 1286 709 1349 fuit
743 1287 1073 1347 investiqatus
1108 1287 1197 1332 iste
1232 1283 1432 1333 motus?
1469 1282 1840 1347 Simplicissima
1863 1286 1987 1333 ratio
2026 1285 2117 1333 fuit
2154 1285 2265 1344 ista,
2307 1284 2438 1348 quod

181 1359 377 1420 cognita
415 1358 539 1406 fixae
581 1357 835 1421 eclipticae
875 1359 1065 1406 vicinae
1090 1352 1361 1418 latitudine,
1402 1357 1723 1405 observarunt
1761 1357 1866 1419 ejus
1893 1356 2282 1418 declinationem,
2321 1357 2438 1406 lati-

179 1424 395 1480 tudinem
446 1432 572 1478 enim
621 1437 980 1494 supposuerunt
1018 1436 1346 1493 constantem,
1403 1436 1453 1478 at
1505 1428 1878 1479 declinationem
1934 1434 2222 1479 invenerunt
2261 1427 2437 1479 variari

182 1518 267 1566 per
296 1502 499 1564 secula,
548 1503 661 1552 vide
698 1505 823 1553 libro
862 1503 1239 1552 111.r01.281.
1316 1503 1387 1550 Ex
1426 1502 1748 1570 declinatione
1796 1502 1956 1552 locum
1995 1504 2058 1561 ab
2098 1504 2438 1554 intersectione

183 1576 495 1639 collegerunt.
550 1574 931 1642 Operosiorem
989 1578 1119 1624 viam
1171 1590 1258 1639 per
1310 1572 1380 1642 Q
1435 1582 1482 1624 et
1536 1572 1579 1641 ῼ
1637 1581 1686 1624 et
1736 1572 1806 1641 O
1860 1577 1974 1626 vide
2029 1575 2153 1625 libro
2206 1575 2437 1627 111.f01.

188 1651 293 1697 274
333 1654 380 1698 et
421 1651 541 1697 276.

330 1722 465 1785 Quid
509 1736 570 1771 eat
590 1723 944 1785 praecessione
977 1727 1290 1786 punctorum
1338 1721 1787 1783 aequinoctialium
1834 1720 2088 1769 redundat
2143 1724 2200 1770 in
2244 1728 2436 1771 motum

185 1795 311 1843 Solis
346 1798 666 1860 rationesque
702 1794 871 1843 anni?
936 1797 978 1843 1.
1022 1795 1142 1842 Cum
1182 1792 1268 1843 Sol
1307 1793 1644 1856 progrediatur
1680 1794 1797 1841 sub
1811 1793 1933 1853 fixis,
1973 1794 2353 1856 aequinoctialia
2392 1799 2440 1843 et.

90 1871 98 1878 '
182 1869 368 1932 tropica
405 1875 586 1932 puncta
623 1867 929 1917 retrocedant
965 1882 994 1916 a
1024 1864 1147 1927 fixis,
1188 1867 1442 1915 obviantia
1467 1865 1569 1915 Soli
1605 1867 1706 1929 J‘am
1734 1867 2168 1930 appropinquanti:
2209 1867 2322 1917 hinc
2348 1873 2436 1928 est,

182 1940 313 2002 quod
350 1939 436 1989 Sol
475 1942 616 1989 citius
655 1940 718 1989 ad
764 1941 949 2003 tropica
986 1942 1168 1998 veniat,
1211 1947 1357 2001 quam
1395 1937 1458 1987 ad
1495 1939 1644 1999 fixas,
1698 1953 1806 1988 cum
1847 1940 2023 2002 quibus
2078 1945 2214 1989 erant
2250 1941 2438 2003 tropica

181 2015 228 2060 in
265 2014 502 2076 principio
540 2015 669 2062 anni.
743 2013 918 2076 Itaque
956 2014 1170 2076 tropicus
1220 2026 1375 2060 annus
1414 2011 1526 2060 hinc
1574 2012 1628 2060 fit
1666 2012 1857 2060 brevior
1895 2026 2040 2074 quam
2087 2011 2332 2074 sidereae,
2389 2019 2437 2062 et

179 2100 264 2148 per
315 2100 618 2170 consequens
669 2086 828 2134 sidera
867 2088 975 2148 ipsa
1026 2099 1136 2134 cum
1175 2087 1276 2133 suis
1314 2085 1664 2134 emersionibus
1705 2089 1753 2133 et
1791 2078 2200 2139 occultationibns
2246 2091 2436 2148 tempe-

179 2164 330 2215 states
368 2161 483 2206 anni
521 2161 751 2222 pristinas
781 2158 1017 2207 deserunt
1055 2158 1212 2220 deque
1252 2163 1440 2206 aestate
1477 2158 1526 2204 in
1565 2164 1851 2206 autumnum
1889 2163 1977 2207 etc.
2018 2164 2284 2207 transeunt.
2360 2158 2434 2206 De

185 2231 277 2280 hac
314 2233 516 2281 materia
555 2238 629 2280 est
665 2246 778 2295 pars
816 2230 988 2279 ultima
1025 2231 1131 2279 libri
1172 2230 1262 2279 III.

328 2307 375 2352 2.
425 2304 644 2367 Cumque
695 2305 970 2367 praecessio
1021 2305 1323 2366 tropicorum
1353 2303 1416 2351 sit
1453 2302 1749 2365 inaequaliS,
1800 2317 1884 2351 scu
1926 2317 2120 2366 parum,
2171 2302 2436 2352 secundum

180 2376 496 2440 hypothesin,
548 2392 637 2425 seu
687 2377 915 2436 multum,
971 2376 1235 2426 secundum
1286 2376 1546 2425 observata
1593 2374 1916 2424 Ptolemaica.
1969 2375 2080 2425 hinc
2131 2378 2276 2424 etiam
2324 2377 2435 2425 anni

186 2452 356 2512 tropici
395 2450 516 2498 fiunt
553 2449 773 2498 nonnihil
810 2450 1111 2511 inaequales,
1153 2462 1262 2498 cum
1300 2448 1476 2498 siderei
1514 2449 1611 2496 sint
1649 2448 1895 2510 aequales.
1958 2491 1961 2493 ,

326 2513 532 2571 Nihilne
572 2523 758 2571 accedit
786 2537 854 2571 -ex
891 2529 1034 2571 motu
1074 2522 1224 2579 Solis,
1266 2521 1402 2584 quod
1436 2522 1854 2583 inaequalitatem
1894 2536 2153 2570 annorum
2192 2521 2438 2581 adjuvet?

184 2595 422 2657 Equidem
446 2603 510 2644 ‘et
550 2595 766 2644 sidereus
806 2605 853 2644 ct
892 2597 1105 2658 tropicus
1146 2609 1302 2643 annus
1340 2595 1588 2642 variantur
1626 2595 1689 2642 ob
1726 2606 2035 2656 progressum
2074 2595 2280 2658 apogaei
2309 2592 2438 2642 Solis

182 2669 230 2714 in
269 2671 644 2730 consequentia,
697 2667 827 2717 unde
865 2668 946 2729 fit,
1001 2675 1055 2716 ut
1091 2667 1219 2716 aliae
1258 2674 1411 2732 atque·
1444 2667 1572 2715 aliae
1612 2666 1740 2715 Solis
1780 2669 2096 2729 aequationes
2137 2666 2350 2716 incidant
2390 2669 2436 2714 in

182 2747 362 2802 puncta
402 2742 784 2803 aequinoctialia
822 2742 870 2790 e‘t
908 2742 1109 2804 tropica,
1151 2748 1199 2790 et
1236 2743 1306 2789 sic
1343 2740 1558 2788 sidereus
1598 2753 1710 2799 uno,
1751 2741 1964 2802 tropicus
2004 2739 2195 2788 duobus
2222 2741 2438 2789 nomini-

184 2815 272 2862 bus
323 2813 378 2862 fit
425 2814 711 2878 inaequalis.
798 2814 979 2862 Verum
1027 2813 1150 2862 haec
1195 2814 1433 2876 posterior
1483 2811 1810 2874 inaequalitas
1863 2812 2048 2861 obtinet
2099 2810 2435 2861 tantummodo

181 2893 399 2948 respectu
440 2890 556 2936 certi
605 2901 840 2936 annorum
891 2888 1014 2936 initii
1066 2892 1502 2950 compensaturque
1540 2899 1625 2946 per
1663 2885 1938 2948 oppositum
1979 2886 2168 2933 initium
2208 2890 2434 2934 sumtum.

180 2958 330 3007 Verbi
382 2975 530 3009 causa
581 2977 643 3009 a
639 2961 942 3009 Ptolemaeo
994 2958 1057 3007 ad
1108 2973 1197 3007 nos
1244 2953 1580 3008 breviusculus
1632 2957 1829 3020 quidem
1876 2958 1966 3005 suit
2016 2971 2173 3006 annus
2225 2959 2435 3022 tropicus

183 3034 351 3079 ceteris
399 3035 622 3094 paribus,
676 3033 756 3082 vel
808 3035 951 3082 etiam
1000 3032 1238 3092 sidereus,
1288 3030 1370 3079 ille
1418 3031 1479 3080 ab
1520 3032 1831 3092 aequinoctio
1874 3044 2044 3092 verno,
2097 3030 2176 3079 hic
2214 3045 2242 3079 a
2280 3032 2436 3093 prima

186 3102 363 3171 Arietis
402 3108 666 3171 incipiens,
707 3107 822 3168 quia
847 3105 1300 3169 prosthaphaeresis
1339 3103 1605 3166 adjectoria
1631 3105 1678 3150 in
1718 3105 1952 3166 principio
1983 3105 2160 3153 Arietis
2200 3099 2435 3151 hactenus

184 3175 275 3223 fuit
313 3183 481 3240 aucta3
532 3181 747 3227 vicissim
794 3193 908 3227 vcro
957 3183 1093 3226 tanto
1140 3177 1234 3225 *suit
1270 3178 1462 3238 longior
1507 3190 1661 3224 annus
1700 3178 1763 3224 ab
1803 3176 2072 3224 autumnali
2122 3177 2434 3238 aequinoctio

184 3249 352 3296 ceteris
391 3251 774 3311 paribusvela
800 3251 986 3314 vSpicae
1013 3251 1226 3312 Virginis
1267 3250 1606 3311 conjunctione
1647 3250 1895 3311 incipiens,
1938 3251 2051 3310 quia
2090 3250 2137 3296 in
2178 3246 2262 3296 illa
2297 3254 2435 3311 parte

90 3331 92 3334 ’
174 3320 305 3369 coeli
330 3322 776 3385 prosthaphaeresis
815 3325 1140 3373 subtractoria
1176 3323 1396 3371 similiter
1420 3323 1510 3370 suit
1538 3328 1705 3370 aucta:
1747 3324 1911 3383 itaque
1940 3323 2141 3370 aestatis
2178 3320 2432 3383 longitudo

175 3386 364 3442 ¹interea
403 3397 577 3454 crevit,
630 3396 803 3446 saltem
839 3412 994 3460 usque
1041 3396 1103 3445 ad
1144 3410 1324 3445 annum
1366 3397 1503 3443 1260
1545 3396 1755 3443 οἰτοίῐετ..
1820 3393 2008 3442 Deinde
2048 3393 2322 3443 tardissima
2361 3399 2434 3443 est
2526 3383 2531 3404 '

182 3464 410 3528 periodus
448 3466 593 3528 hujus
632 3470 917 3531 anomaliae,
958 3471 1166 3518 excurrit
1204 3470 1331 3518 enim
1369 3468 1495 3517 ultra
1535 3469 1600 3515 25
1639 3466 1794 3515 millia
1833 3480 2093 3529 annorum,
2154 3481 2303 3530 quare
2341 3480 2434 3529 pa-

184 3553 289 3586 rum
327 3540 531 3587 sentitur
568 3541 692 3587 intra
730 3556 880 3590 unum
917 3542 1253 3592 millenarium.

187 3618 191 3622 '
333 3612 591 3674 Quomodo
642 3613 807 3674 differt
854 3615 972 3662 haee
1019 3616 1362 3677 inaequalitas
1407 3627 1665 3662 annorum
1714 3612 1778 3660 ab
1835 3613 2151 3672 aequationis
2199 3613 2434 3673 temporis

183 3685 275 3734 illa
309 3690 468 3748 parte,
510 3699 639 3746 quae
678 3691 744 3732 est
769 3686 830 3733 ab
869 3687 1041 3735 eadem
1065 3702 1220 3754 causa
1258 3686 1386 3735 libro
1414 3683 1519 3733 ΙΙΙ.
1556 3686 1645 3748 fol.
1686 3685 1794 3732 251.
1837 3689 1882 3730 et
1903 3683 2045 3730 Libri
2081 3684 2168 3731 VI.
2194 3691 2341 3747 parte
2367 3683 2435 3730 1?

186 3757 359 3806 Diffeit
397 3757 458 3806 ab
499 3757 598 3817 illa,
638 3762 691 3804 ut
729 3771 883 3804 annus
922 3773 953 3805 a
991 3760 1085 3810 die.
1159 3759 1268 3807 Illic
1294 3761 1420 3807 enim
1460 3763 1709 3807 ostensum
1737 3759 1823 3816 est,
1864 3753 2093 3818 aequatio
2121 3756 2248 3804 Solis
2275 3769 2432 3818 quan-

185 3836 283 3878 tam
316 3829 636 3893 longitudinis
678 3831 745 3876 24
795 3829 1019 3878 horarum
1067 3832 1464 3893 inaequalitatem
1514 3834 1818 3889 causaretur,
1866 3827 1944 3876 hic
1992 3831 2260 3891 quaeritur,
2313 3834 2431 3890 quot
