2554 4140
743 162 754 174 ,
841 122 978 170 Liber
1007 122 1218 180 Quintus,
1278 122 1391 170 Pars
1422 123 1586 169 Prima.
2040 154 2045 158 -
2242 120 2348 179 403

83 274 450 325 monstrandum
488 276 602 337 erit,
649 274 1059 326 circumductione
1095 273 1322 323 fibrarum
1361 272 1636 322 latitudinis
1675 275 1746 323 sic
1785 279 2094 338 comparata,
2133 278 2188 322 ut
2224 273 2349 323 libro
2410 320 2413 323 .

83 348 171 396 IV.
209 350 423 412 positum
455 343 552 409 est,
592 350 733 398 inniti
771 347 1175 412 aequabilitatem
1213 346 1347 411 plani
1386 347 1594 395 orbitae.
1654 345 1845 409 Quibus
1886 347 2230 414 demonstratis
2268 362 2350 396 sc-

83 435 225 470 curus
262 421 479 471 redditur
518 423 738 472 curiosus
777 428 1085 472 astronomus
1138 419 1478 486 (popularibus
1517 421 1642 467 enim
1681 434 1781 468 non
1820 427 1895 470 est
1934 435 2057 484 opus
2095 420 2219 469 libro
2241 435 2350 482 ,nec

82 493 171 543 IV.
218 509 309 544 1100
359 496 519 558 prima
566 494 661 544 1100
710 502 849 559 parte
898 493 1075 560 quinti)
1128 492 1321 543 dehac
1358 498 1495 556 parte
1537 491 1710 541 calculi
1757 500 2001 553 motuum,
2053 508 2200 556 quam
2237 503 2350 556 pars

81 566 237 616 altera
271 566 383 616 libri
409 567 475 616 V.-
514 567 745 632 expedire
786 574 834 618 et
869 567 994 618 liber
1018 566 1112 616 VI.
1147 566 1476 630 applicatione
1514 564 1664 627 hujus
1704 567 1890 616 orbitae
1930 566 2176 630 ellipticae
2216 567 2369 629 ejus-.

80 655 175 703 que
214 639 347 705 plani
389 639 453 691 ad
491 643 662 692 orbem
686 657 931 705 ⁴magnum
968 643 1015 688 in
1057 655 1199 689 usum
1236 638 1449 704 proferre
1489 636 1701 687 docebit.

633 757 694 805 ·Ῑ.
753 757 841 805 De
893 758 1290 806 incremento
1342 754 1760 804 librationis.

174 851 182 857 ’
226 854 405 920 Incipe
451 873 485 907 a
526 849 702 920 primo
742 865 813 906 et.
845 858 948 919 dic,
1001 857 1185 920 quibus
1231 859 1502 919 principiis
1554 857 1808 924 formetur·
1854 870 1941 903 seu
1990 856 2351 908 determinetur

78 930 257 979 modus
293 934 595 980 incrementi
630 928 922 981 librationis
955 933 1014 978 in
1050 932 1193 980 omni
1228 931 1351 979 situ·
1362 929 1641 992 planetae?
1679 929 1823 978 Duae
1851 942 2029 978 causae
2057 938 2348 980 concurrunt

79 1001 144 1051 ad
181 1003 522 1054 formationem
559 1004 708 1068 hujus
745 1000 1045 1064 incrementi,
1090 1005 1254 1052 activa
1292 1009 1340 1052 et
1376 1005 1596 1066 passiva.
1673 1002 1853 1051 Activa
1892 998 2348 1052 est‘modulus.vi—

77 1077 202 1124 rium
233 1075 610 1139 libratoriarum,
648 1083 874 1141 respectu
912 1078 989 1125 sui
1019 1077 1261 1140 ipsarum,
1303 1082 1516 1140 quantus
1553 1077 1595 1124 is
1635 1068 1892 1124 invenitur'
1919 1077 1975 1143 in·
2005 1090 2103 1130 una
2130 1077 2351 1139 qualibet
2446 1068 2449 1072 ’
2498 1068 2502 1073 ’

54 1149 428 1213 »particularum
472 1150 755 1214 aequalium
806 1151 992 1199 orbitae
1040 1150 1354 1200 eccentricae.
1444 1148 1655 1198 Passiva
1703 1154 1777 1197 est
1806 1147 2083 1215 dispositio
2135 1146 2349 1213 corporis

50 1221 338 1286 ‘planetarii
374 1223 441 1273 ad
477 1224 643 1274 Solem
682 1223 782 1273 alia
820 1228 969 1286 atque
1008 1222 1133 1284 alia,
1183 1237 1310 1285 quae
1349 1236 1447 1271 non
1488 1222 1644 1272 omnis
1683 1210 1855 1285 recipit
1887 1235 1981 1286 seu
2019 1222 2232 1272 admittit
2269 1230 2348 1272 to-

76 1302 179 1344 tum
218 1296 357 1345 illum
395 1297 651 1346 modulum
688 1298 882 1363 virium,
921 1294 1009 1344 sed
1049 1296 1299 1358 quaelibet
1338 1309 1477 1345 suam
1515 1295 1763 1366 propriam
1800 1297 2089 1366 portionem.

229 1369 369 1433 Quid
417 1373 627 1420 metitur
662 1371 825 1433 iyitur
862 1368 1131 1419 modulum
1168 1371 1338 1431 ipsum
1374 1371 1582 1418 virium
1607 1368 1682 1417 ad
1713 1361 2012 1431 librandum
2049 1370 2352 1434 planetam?

77 1441 216 1492 Tria
227 1444 355 1491 ista:
406 1446 562 1507 primo
601 1443 835 1492 distantia
873 1444 1015 1492 arcus
1055 1442 1243 1492 orbitae
1281 1457 1312 1491 a
1349 1437 1495 1504 Sole,
1535 1441 1749 1491 secundo
1790 1445 2040 1506 quantitas
2079 1442 2228 1512 hujus
2266 1458 2349 1492 ar-

76 1529 177 1577 cun,
216 1517 359 1564 tertio
398 1523 607 1581 tempuS,
647 1515 781 1579 quod
818 1515 1019 1580 planeta
1057 1517 1313 1577 consumit,
1354 1514 1470 1565 dum
1507 1516 1731 1564 versatur
1768 1516 1815 1563 in
1854 1515 1943 1565 illa
1978 1510 2235 1580 particula.

224 1588 364 1652 Quid
386 1591 582 1655 confert
608 1590 800 1640 viribus
837 1590 1115 1639 libratoriis
1138 1589 1394 1638 distantia
1422 1603 1573 1638 arcus
1609 1591 1737 1637 etin
1775 1604 1831 1639 eo
1847 1590 2105 1659 ¹planetae
2142 1606 2175 1639 a
2203 1589 2356 1641 Sole?
2428 1617 2430 1620 -

78 1660 217 1724 Quae
254 1668 330 1712 est
366 1665 618 1728 proportio
658 1662 1016 1737 distantiarum,
1056 1664 1302 1711 contraria
1337 1667 1422 1711 est
1434 1649 1685 1726 proportio
1712 1663 1965 1712 tenuitatis
1992 1663 2176 1734 speciei
2203 1646 2350 1724 Solis,

81 1748 207 1799 quae
254 1749 355 1785 una
403 1742 452 1786 et
503 1737 675 1787 eadem
722 1742 772 1785 οι
817 1735 1094 1786 circumfert
1141 1741 1190 1784 et
1236 1734 1384 1784 librat
1430 1735 1702 1799 planetam,
1759 1750 1889 1785 nunc
1926 1736 2175 1786 attrahens
2214 1736 2351 1801 illum
2412 1790 2414 1792 ‚

76 1821 206 1858 1111110
249 1808 518 1874 repellens,
567 1816 639 1866 ιιι
667 1809 752 1858 lib.
792 1809 880 1858 IV.
933 1808 1115 1858 dictum
1164 1807 1248 1856 fol.
1291 1809 1412 1858 348
1489 1808 1665 1871 Itaque
1716 1815 1901 1871 quanto
1952 1810 2152 1872 longius
2201 1809 2350 1860 distat

78 1880 319 1947 particula
356 1898 388 1932 a
424 1882 571 1949 Sole,
624 1883 770 1932 tanto
814 1882 1106 1932 imbecillius
1156 1882 1333 1944 quovis
1385 1883 1646 1946 temporis
1665 1888 1915 1931 momento
1967 1882 2166 1948 planeta
2203 1885 2254 1931 in
2293 1898 2353 1933 ea

77 1967 283 2005 remane
325 1955 549 2006 libratur.
622 1954 736 2004 Hoc
789 1957 985 2023 nomine
1033 1953 1139 2003 solo
1189 1953 1277 2003 Sol
1322 1954 1603 2004 absumeret
1652 1956 1703 2003 in
1750 1953 1982 2007 diversos.
2023 1958 2246 2052 interque
2298 1971 2350 2043 se

78 2026 311 2090 aequales
350 2044 492 2078 arcus
531 2030 786 2079 eccentrici
825 2030 953 2082 vires
991 2021 1617 2090 inaequales·
2300 2064 2306 2070 .

227 2101 367 2166 Quid
413 2103 566 2166 efficit
615 2105 879 2167 quantitas
927 2101 1216 2166 particulae
1248 2114 1353 2150 seu
1403 2115 1556 2150 arcus
1603 2100 1830 2150 orbitae?
1894 2099 2023 2162 Quia
2060 2103 2111 2150 in
2149 2101 2350 2166 longum

8 2160 11 2222 ἶ
77 2188 243 2231 arcum
281 2175 588 2246 profunditur
623 2175 833 2244 multum
870 2175 1075 2237 virium,
1115 2188 1287 2258 parum
1326 2175 1389 2221 in
1416 2157 1644 2223 brevem:
1686 2173 1979 2236 aequalibus
2018 2167 2196 2239 igitur
2205 2190 2349 2226 arcu-

0 2254 9 2427 1

6 2547 16 2742 1

9 2749 18 2852 1

10 2871 20 3045 1

80 2247 171 2304 bus
207 2250 399 2312 positis,
438 2249 534 2298 hoc
571 2249 769 2311 quidem
807 2248 915 2298 0010
954 2253 1181 2312 respectu
1218 2248 1348 2296 vires
1389 2247 1628 2300 debentur
1665 2247 1913 2329 aequales.

232 2320 394 2385 Quid
421 2320 651 2395 ‘praestat
700 2329 897 2385 tempus
936 2320 1006 2370 ad
1042 2319 1380 2384 auymentum
1419 2324 1613 2370 virium
1650 2322 1879 2381 seorsim,
1938 2327 1994 2369 et·
2021 2321 2147 2383 quid
2182 2336 2353 2371 omnes

4 2410 13 2464 ξ’
79 2399 177 2449 ms
210 2408 398 2444 causae
425 2388 689 2456 junctim?
734 2395 857 2444 Cum
885 2395 1101 2459 planeta,
1141 2400 1196 2442 ut
1230 2393 1318 2443 lib.
1357 2393 1446 2442 IV.
1487 2394 1570 2447 fol,
1613 2395 1734 2443 349.
1777 2395 1899 2443 351.
1942 2399 2209 2460 ostensum,
2249 2399 2347 2458 'quo

5 2471 10 2532 ξ
83 2465 280 2531 ,longius
329 2482 360 2517 a
397 2466 514 2523 Sole
566 2467 746 2533 distat,
793 2468 889 2517 hoc
934 2466 1118 2516 diutius
1166 2462 1380 2516 moretur
1418 2468 1482 2515 ,in
1521 2467 1814 2533 aequalibus
1855 2467 2043 2519 orbitae
2080 2468 2348 2531 particuliS,
2431 2482 2435 2485 ⁴

5 2535 9 2544 ’
81 2537 180 2599 1100
225 2539 411 2591 diutius
450 2543 599 2591 etiam
637 2543 818 2591 sentiat
856 2542 955 2590 vim
993 2540 1246 2590 motrieem
1283 2538 1437 2603 Solis,
1488 2546 1674 2603 quanta
1712 2545 1787 2590 est
1823 2541 1871 2587 in
1911 2539 2042 2599 illius
2080 2540 2350 2604 particulae
2434 2577 2437 2581 Α

81 2609 337 2674 distantia,
390 2620 439 2664 et
489 2623 623 2664 vero·
650 2614 756 2676 jam
806 2613 988 2663 dictum
1038 2614 1124 2673 sit,
1181 2626 1278 2675 quo
1318 2612 1514 2675 longius
1555 2629 1584 2662 a
1623 2612 1739 2662 Sole
1777 2612 1924 2662 distet
1962 2622 2062 2662 una
2100 2614 2391 2676 quaelibet·
2461 2635 2464 2640 ·

81 2684 428 2751 particularum
466 2686 748 2750 aequalium
787 2687 992 2748 orbitae,
1031 2686 1127 2736 hoc
1165 2684 1472 2742 imbecillius
1497 2687 1645 2736 etiam
1681 2686 1732 2734 in
1770 2686 1858 2735 1110
1883 2685 2130 2771 planetam
2152 2686 2348 2736 librari:
2368 2712 2372 2717 ·
2416 2743 2421 2749 ,

81 2771 230 2822 qnare
269 2773 367 2823 quo
406 2759 701 2811 imbecillius
735 2759 954 2828 libratur·
977 2761 1028 2810 in
1065 2772 1164 2808 uno
1202 2755 1450 2809 momento
1487 2760 1718 2830 temporis
1757 2760 1806 2807 iu
1842 2761 2018 2822 quavis
2062 2759 2370 2823 aequalium,

82 2831 268 2884 orbitae
305 2832 672 2919 particularum,
713 2821 850 2884 tanto
889 2833 1074 2883 diutius
1113 2833 1263 2882 etiam
1299 2837 1351 2881 et
1387 2838 1611 2882 versatur
1650 2837 1699 2881 et
1734 2831 1939 2881 libratur
1976 2833 2027 2879 in
2061 2831 2162 2882 illa.
2225 2833 2347 2882 Cum
2438 2892 2442 2896 ,
2500 2842 2533 2887 ,Α

81 2917 201 2968 “go
247 2912 530 2971 compenset
575 2906 751 2956 virium
795 2905 1182 2956 imbecillitatem
1218 2904 1476 2972 prolixitas
1515 2895 1766 2970 temporie,
1823 2918 1942 2967 quo
1971 2903 2170 2970 planeta
2223 2908 2348 2962 vires

82 2974 192 3027 11100
242 2977 291 3027 in
329 2994 383 3029 se
423 2980 667 3044 experitur
706 2972 853 3042 idque
894 2983 942 3028 in
983 2977 1156 3029 eadem
1194 2980 1422 3042 utrinque
1462 2979 1802 3064 proportione,
1859 2977 2122 3027 earundem
2160 2979 2348 3029 scilicet

83 3047 420 3109 &tantinum
458 3068 492 3102 a
527 3051 672 3112 Sole,
715 3052 830 3102 hinc
867 3051 1066 3103 tandem
1103 3051 1334 3113 efficitur,
1374 3057 1429 3101 ut
1466 3054 1515 3100 in
1553 3050 1820 3120 particulas
1859 3053 2117 3104 eccentrici
2155 3063 2344 3116 aequa-
2433 3106 2436 3109 ,

84 3118 187 3181 18,
203 3124 431 3177 modulus
467 3127 617 3175 etiam
666 3126 841 3174 virium
878 3124 1269 3175 libratoriarum·
1287 3131 1538 3175 exseratur
1575 3139 1606 3174 a
1644 3113 1759 3173 Sole
1801 3123 1998 3185 quidem
2036 3130 2086 3174 et
2122 3132 2345 3191 respectu

15 3223 23 3256 ,-
83 3175 248 3259 bnim,
286 3203 342 3247 ut
377 3196 584 3262 agentis,
623 3197 846 3260 aequalis
883 3199 1094 3266 penitus.
1156 3196 1285 3248 Vide
1322 3196 1406 3251 fol.
1450 3198 1571 3246 349.
1613 3198 1719 3253 374
1758 3196 2046 3272 0011001οιομ
2103 3203 2206 3254 <Otr
2251 3208 2343 3257 epi-

15 3298 26 3467 1

83 3264 233 3309 sulm
261 3268 434 3323 Keplesi
456 3262 737 3324 r01.74.u.)

224 3326 351 3379 Jam
386 3332 548 3393 iyitur
572 3330 651 3379 dic
675 3339 972 3379 mensuram
1005 3330 1269 3394 portionis,
1310 3341 1466 3391 quam
1508 3327 1567 3375 de
1604 3326 1809 3378 modulo
1850 3327 2110 3396 Solarium
2149 3332 2342 3380 virium

86 3397 307 3451 admittit
338 3404 395 3451 in
429 3418 479 3452 se
513 3404 723 3467 planeta
760 3404 817 3451 in
855 3403 1032 3465 quovis
1068 3399 1170 3451 situ
1205 3415 1297 3450 suo
1337 3399 1406 3449 ad
1445 3399 1627 3450 Solem.
1690 3400 2030 3452 Attendendus
2068 3409 2142 3452 cst
2182 3418 2342 3467 angu—

19 3506 28 3540 ,
84 3465 187 3533 100,
236 3486 381 3536 quem
415 3473 546 3549 Solis
594 3475 717 3526 radii
754 3475 941 3525 faciunt
978 3488 1088 3523 eum
1139 3472 1272 3522 fibris
1318 3472 1456 3536 globi
1493 3472 1747 3558 planetarii
1799 3476 2101 3538 magneticis
2179 3476 2342 3539 Hujus

19 3564 29 3614 ι
86 3544 212 3592 enim
264 3544 427 3610 auguli
479 3541 614 3599 'sinus
659 3539 1011 3612 complementi
1069 3547 1266 3595 metitur
1321 3545 1448 3595 hanc
1505 3548 1679 3596 virium
1735 3548 2006 3611 portionem
2062 3549 2339 3598 admissam.

21 3630 28 3681 ‘z
89 3614 211 3665 Cum
247 3618 372 3667 enim
409 3633 584 3671 000000
631 3622 904 3671 librationis
944 3619 1210 3670 effectrices
1248 3619 1347 3666 sint
1384 3617 1514 3668 Solis
1552 3619 1717 3670 radius
1757 3626 1803 3669 et
1842 3620 1996 3671 fibrae
2036 3624 2340 3685 magneticae

22 3700 30 3766 ᾗ
89 3690 300 3754 eorporis
335 3686 605 3756 planetarii,
652 3694 777 3745 duae
812 3693 973 3743 lineae
1015 3691 1264 3756 physicae,
1302 3706 1577 3754 mensuram
1618 3704 1814 3757 quoque
1852 3693 2148 3744 fortitudinis
2187 3695 2340 3744 libra-

23 3809 25 3816 ,
90 3759 235 3809 tionis
274 3761 336 3811 011
373 3765 552 3830 angulo
591 3770 715 3817 inter
752 3768 841 3817 has
881 3767 1037 3815 lineas
1077 3764 1283 3828 ejusque
1310 3765 1458 3815 sinu
1471 3767 1569 3830 peti
1608 3780 1696 3831 par
1733 3772 1855 3818 est.

259 3843 320 3891 Ut
346 3846 384 3891 01
414 3847 491 3895 sit
486 3849 541 3897 A
572 3850 665 3908 Sol,
697 3850 734 3908 1,
764 3851 804 3897 E
837 3856 1040 3897 centrum
1074 3847 1278 3906 corporis
1306 3848 1548 3908 planetae,
1577 3850 1653 3896 ΒΡ
1685 3849 1806 3914 linea
1838 3850 1975 3909 ducta
2005 3864 2087 3908 per
2118 3850 2157 3895 A
2188 3810 2336 3895 Solem

1824 3928 1891 3975 26
1922 3927 1953 3956 '⁶
2184 3943 2187 3946 ’
