2554 4140
230 119 330 168 170
1051 109 1286 168 Epitomes
1315 107 1627 153 Astronomiae

226 261 414 312 coelum
465 262 604 323 eique
657 259 819 308 locum
864 263 1140 323 praestans,
1189 255 1459 320 cujusmodi
1497 271 1670 319 corpus
1720 271 1817 306 non
1864 262 1957 318 est,
2017 260 2143 306 certe
2194 257 2456 319 ignoratur,

228 342 276 383 et
320 336 359 382 si
405 339 554 393 esset,
608 331 795 380 coelum
843 333 893 379 in
932 346 990 381 eo
1037 333 1108 380 sic
1145 323 1456 390 volveretur,
1499 331 1625 378 sicut
1666 330 1770 392 jam
1809 328 2103 393 Co'pernicus
2153 327 2270 378 dicit
2324 327 2458 377 volvi

224 407 423 456 Terram
459 407 510 452 in
549 403 700 466 coelo,
739 419 838 453 nou
877 419 998 468 opus
1035 404 1220 453 habens
1259 402 1322 450 ad
1359 402 1454 451 hoc
1492 416 1690 464 corpore
1725 403 1966 451 exteriori.

367 477 557 527 Deinde
595 483 650 525 ut
686 478 993 526 vastissimae
1030 475 1283 524 machinae
1319 472 1595 524 mundanae
1633 480 1795 523 motus
1831 475 1912 524 vel
1937 477 2241 536 comparetur
2279 470 2342 520 ad
2366 470 2460 520 ali-

228 550 356 614 quod
396 552 664 612 quiescens‚
703 549 784 600 vel
822 551 1052 597 innitatur
1088 547 1234 595 alicui
1271 547 1560 609 quiescenti,
1601 552 1790 610 oportet
1827 562 1932 597 esse
1970 546 2332 609 proportionem
2370 559 2460 607 ap-

227 631 324 672 tam
379 624 502 671 inter
549 621 729 671 mobile
786 628 834 670 et
879 624 1147 685 quiescens.
1220 619 1393 668 Terrra
1436 633 1554 668 vero
1608 624 1831 692 respectgl
1881 619 2005 669 coeli
2055 617 2462 667 contemtissimae

234 695 463 745 exilitatis
501 700 550 744 et
584 696 750 758 puncti
787 696 937 743 instar
974 698 1060 742 est.
1808 756 1819 764 l
1855 711 1859 716 ·

370 766 445 816 11.
500 765 599 816 Dic
635 773 995 829 aryumentum
1033 780 1067 812 a
1103 769 1268 812 motus
1303 764 1562 812 celeritate.
1640 763 1963 814 Verisimilius
2001 768 2096 824 est,
2143 766 2366 810 naturam
2413 761 2465 809 in

221 855 375 904 parva
411 839 604 889 Tellure
652 845 835 887 motum
873 838 1137 900 exprimere
1172 837 1591 899 proportionatum
1629 842 1677 885 et
1712 852 1944 900 parvum,
1999 850 2146 898 quam
2193 835 2243 882 in
2281 834 2464 882 vastis-

226 916 351 962 simo
390 911 528 961 coelo
567 918 752 961 motum
788 909 1131 959 incredibiliter
1169 908 1375 958 celerem
1414 915 1462 958 et
1508 911 1591 971 qui
1630 910 1874 959 celeritate
1912 911 2194 958 vastitatem
2231 908 2469 956 immensa

223 987 410 1035 ratione
446 990 657 1048 superet.
730 984 856 1033 Nam
893 997 1002 1031 cum
1040 986 1201 1030 motus
1226 982 1290 1029 sit
1326 996 1402 1030 res
1427 983 1736 1044 geometrica,
1776 996 1871 1031 non
1899 982 2058 1029 minus
2097 994 2244 1042 quam
2267 980 2462 1042 magni-

222 1058 357 1120 tud0,
396 1059 584 1120 magnis
622 1059 768 1120 igitur
806 1054 1022 1116 tarditas,
1060 1055 1226 1118 parvis
1264 1053 1486 1104 celeritas
1523 1055 1808 1118 respondet,
1847 1069 1946 1104 non
1983 1054 2227 1114 vicissim,
2266 1058 2320 1100 ut
2358 1050 2461 1100 dis-

224 1133 374 1182 cimus
406 1132 458 1178 in
481 1130 803 1178 Harmonicis.
878 1127 994 1177 Jam
1031 1130 1072 1175 si
1108 1126 1334 1176 machina
1369 1125 1538 1175 mundi
1574 1131 1701 1177 circa
1727 1128 1972 1177 Tellurem
1997 1125 2290 1185 volveretur,
2330 1129 2467 1173 tanta

227 1203 383 1254 moles
422 1209 494 1252 tot
531 1201 756 1263 siderum,
804 1201 955 1250 Terra
990 1199 1155 1249 multis
1192 1200 1413 1263 partibus
1450 1199 1704 1262 maiorum,
1743 1207 1818 1248 tot
1855 1200 2043 1249 orbium
2082 1199 2466 1247 vastissimorum

139 1299 155 1306 κ
225 1277 503 1326 volveretur
539 1277 589 1322 in
624 1289 721 1323 uno
759 1274 907 1323 horae
945 1275 1129 1322 minuto
1167 1286 1252 1335 per
1291 1273 1645 1335 quinquaginta
1681 1273 1850 1334 millia,
1889 1287 1976 1321 seu
2012 1274 2063 1320 in
2100 1286 2199 1320 una
2224 1269 2346 1319 hora
2382 1283 2468 1333 per

221 1351 381 1405 tricies
421 1352 623 1397 centena
658 1346 813 1395 millia
850 1345 1125 1395 milliarium
1165 1344 1591 1407 Germanicorum,
1639 1345 1878 1395 sideribus
1916 1345 2139 1394 omnibus
2177 1350 2279 1393 tam
2315 1343 2469 1392 vastis

229 1422 288 1471 de
325 1421 433 1469 loco
472 1422 521 1467 in
556 1419 718 1470 locum
756 1421 982 1469 continue
1020 1418 1281 1468 translatis.
1358 1418 1418 1467 Et
1454 1417 1548 1466 hoc
1583 1417 1953 1482 intelligendum
1990 1418 2049 1467 de
2090 1417 2468 1471 conformatione

227 1493 395 1543 mundi
433 1492 729 1557 Tychonica,
771 1507 895 1556 quae
932 1491 1136 1540 multum
1171 1491 1320 1540 habet
1357 1491 1609 1539 affinitatis
1647 1506 1755 1540 cum
1784 1491 2140 1554 Copernicana3
2179 1491 2229 1538 in
2267 1491 2470 1551 antiqua

223 1580 338 1616 vero
371 1564 690 1616 'Ptolemaica
741 1572 794 1615 ut
841 1565 1049 1614 mundus
1086 1565 1295 1628 maj0r,·
1319 1565 1390 1612 sic
1439 1562 1660 1613 celeritas
1709 1564 1831 1614 haec
1882 1569 1956 1614 est
2004 1562 2158 1612 multo
2195 1560 2356 1612 adhuc
2391 1560 2470 1610 in-

226 1638 515 1690 credibilior.
563 1644 565 1648 ⁴

367 1711 435 1760 At
470 1713 511 1759 si
548 1709 716 1759 Tellus
754 1709 986 1775 volvitur,
1023 1715 1138 1759 tunc
1174 1722 1334 1772 neque
1370 1707 1533 1758 locum
1571 1723 1714 1758 suum
1751 1706 1921 1775 (causa
1948 1708 2145 1772 quidem
2181 1708 2325 1772 primi
2361 1722 2471 1758 mo-

227 1790 319 1846 tus,
357 1785 408 1832 in
445 1798 541 1846 quo
578 1797 708 1832 nunc
746 1779 1008 1849 versamur)
1047 1782 1240 1844 deserit,
1280 1780 1367 1832 sed
1390 1783 1517 1831 intra
1554 1781 1691 1830 illurn
1728 1796 1780 1831 se
1807 1783 2034 1843 continet,
2074 1783 2319 1831 sustinens
2354 1796 2471 1846 par-

227 1856 402 1906 ticulas
454 1858 528 1905 sui
575 1858 788 1919 corporis
838 1858 1189 1905 circumeuntes
1238 1861 1286 1904 et
1320 1862 1483 1918 partes
1533 1855 1639 1918 ejus
1677 1869 1775 1918 quo
1814 1857 2071 1905 viciniores
2111 1856 2193 1903 axi
2228 1853 2322 1904 hoc
2359 1861 2473 1905 sunt

228 1931 378 1994 quieti
415 1930 692 1994 propiores,
745 1928 953 1992 denique
990 1935 1152 1992 partes
1191 1930 1414 1988 extimae,
1453 1926 1567 1977 illae
1606 1927 1825 1991 quidem,
1866 1943 1993 1992 quae
2029 1932 2249 1977 rotantur
2286 1929 2336 1975 in
2376 1930 2472 1978 cir-

229 2003 337 2052 culo
377 2005 591 2051 omnium
629 2003 840 2050 maximo
878 2004 1003 2050 inter
1038 2001 1180 2064 polos
1217 2000 1402 2060 medio,
1451 2002 1500 2048 in
1537 2015 1634 2050 uno
1671 2001 1821 2051 horae
1872 2002 2059 2050 minuto
2096 2006 2352 2051 moventur
2387 2015 2473 2065 per

204 2077 446 2146 ‘spatium
483 2090 582 2124 non
619 2074 852 2125 tredecies
890 2079 976 2123 aut
1013 2075 1163 2123 vicies
1200 2074 1507 2122 millesimum
1545 2075 1691 2136 spatii
1727 2075 1917 2138 prioris,
1954 2089 2040 2138 per
2078 2073 2208 2137 quod
2243 2075 2474 2123 extimum

235 2143 434 2198 coelum
463 2149 668 2197 transire
707 2148 977 2210 debuisset3
1016 2148 1240 2195 nimirum
1279 2149 1308 2195 3
1338 2149 1387 2194 in
1426 2161 1523 2196 uno
1551 2148 1736 2196 minuto
1774 2146 2000 2197 milliaria
2025 2146 2329 2197 transvolant
2365 2161 2474 2198 cum
2533 2151 2551 2170 ²

218 2220 484 2286 dodrante,
523 2221 624 2270 225
665 2222 714 2268 in
752 2234 850 2268 una
886 2220 1020 2268 hora.

370 2294 462 2343 Est
498 2300 667 2342 tamen
692 2294 771 2342 hic
807 2295 960 2341 etiam
984 2299 1149 2341 motus
1185 2290 1332 2340 valde
1355 2290 1583 2355 rapidus.
1636 2291 1740 2340 Imo
1788 2290 1834 2357 l)
1875 2289 1959 2342 ubi
1992 2291 2282 2355 celerrimus,
2324 2292 2472 2358 duplo

233 2365 412 2415 tardior
451 2371 524 2416 est
560 2372 695 2415 motu
731 2366 927 2427 Lunae,
974 2371 1029 2413 ut
1062 2378 1193 2428 quae
1231 2365 1394 2414 orbem
1436 2361 1567 2412 601’10
1605 2364 1837 2427 majorem
1878 2362 2011 2414 301’10
2048 2365 2220 2415 saltem
2258 2371 2474 2430 tempore

227 2445 466 2502 peragrat.
515 2439 578 2487 Et
615 2440 759 2488 sicin
785 2439 1095 2502 proportione
1133 2436 1332 2500 pulchre
1370 2436 1632 2500 respondet
1667 2438 1977 2488 coelestibus.
2029 2437 2080 2502 2)
2119 2439 2230 2488 Non
2268 2441 2472 2489 multum

230 2518 425 2576 superat
461 2510 634 2575 rapida
670 2513 764 2560 ista
804 2510 1023 2560 celeritas
1062 2510 1284 2574 exempla
1320 2515 1542 2559 motuum
1579 2510 1750 2571 obvia,
1799 2514 1842 2560 si
1880 2513 2266 2561 circumstantias
2301 2527 2476 2576 penses

232 2586 616 2636 circumstantiis.
715 2583 1003 2633 Maestlinus
1058 2583 1276 2632 volatum
1331 2584 1534 2632 nubium
1588 2583 1835 2646 producit,
1897 2584 2156 2648 aequalem
2212 2584 2470 2636 celeritate.

230 2657 566 2721 Landgravius
601 2662 649 2706 et
675 2657 893 2706 Braheus
931 2658 1085 2706 mensi
1124 2662 1237 2705 sunt
1274 2662 1480 2719 tempus,
1520 2655 1652 2719 quod
1689 2658 1873 2707 interea
1908 2657 2102 2720 labitur,
2144 2656 2259 2707 dum
2296 2658 2471 2722 globus

231 2745 436 2793 magnus
474 2729 815 2779 bombardicus
854 2731 906 2777 vi
942 2730 1127 2792 ignium
1167 2735 1390 2778 extrusus
1429 2728 1700 2777 transvolat
1749 2745 1835 2793 per
1871 2734 2056 2792 aerem,
2108 2733 2390 2795 priusquam
2427 2732 2475 2779 in
2535 2735 2538 2737 ’

231 2809 402 2852 terram
439 2805 710 2866 impingat;
748 2802 798 2850 id
836 2801 1252 2864 deprehenderunt
1289 2801 1436 2850 duum
1474 2803 1796 2864 minutorum,
1842 2805 2054 2867 spatium
2092 2804 2324 2867 trajectus
2362 2804 2475 2853 mil-

231 2876 356 2925 liare
407 2891 636 2940 magnum
687 2874 1043 2925 Germanicum.
1075 2871 1137 2937 ¹⁶)
1212 2875 1374 2924 Locus
1419 2876 1565 2937 igitur
1615 2874 1792 2938 aliquis
1841 2877 1931 2925 sub
1978 2883 2239 2940 aequatore
2290 2878 2476 2926 ratione

233 2954 394 2997 motus
430 2950 570 3011 primi
607 2963 705 2997 non
745 2955 817 2998 est
853 2949 947 2996 nisi
973 2947 1207 3011 'septuplo
1245 2947 1327 2996 vel
1365 2947 1560 3011 octuplo
1587 2947 1788 2997 celerior
1824 2948 1972 3019 globo
2000 2949 2340 3013 bombardico;
2380 2952 2476 3000 imo

231 3023 314 3070 vix
362 3021 561 3070 celerior
612 3027 685 3071 est
729 3022 968 3084 principio
1018 3025 1185 3070 motus
1235 3019 1462 3081 violenti,
1517 3033 1625 3069 cum
1671 3020 1847 3083 globus
1898 3036 2064 3072 recens
2120 3038 2146 3072 e
2183 3022 2347 3072 fistula
2383 3022 2475 3072 fuit
2525 3067 2533 3071 ,

233 3094 438 3165 ejectus3
480 3108 592 3143 nam
631 3096 686 3156 is,
728 3108 826 3157 quo
863 3094 1060 3157 propior
1098 3095 1247 3154 casui,
1287 3093 1380 3142 hoc
1415 3093 1471 3141 fit
1507 3091 1704 3143 tardior.
1761 3093 1914 3157 Atqui
1954 3109 2072 3143 aura
2109 3095 2354 3158 aetherea,
2393 3109 2479 3159 per
2511 3083 2523 3102 ⁸

234 3181 379 3229 quam
432 3167 647 3215 feruntur
698 3167 821 3230 juga
875 3168 1110 3215 montium
1167 3166 1427 3226 altissima,
1481 3170 1814 3214 nontantum
1866 3167 2089 3230 octuplo,
2113 3200 2118 3206 -
2142 3168 2228 3217 sed
2278 3168 2476 3218 infinitis

150 3237 156 3245 '
232 3238 580 3302 propemodum
634 3241 823 3289 vicibus
878 3245 952 3289 est
1004 3241 1194 3289 tenuior
1243 3243 1410 3299 ae're,=
1438 3253 1530 3301 per
1575 3253 1718 3301 quem
1771 3238 1947 3301 globus
1998 3240 2255 3302 plumbeus
2312 3241 2473 3291 fertur.

231 3312 386 3383 igitur
411 3310 629 3373 plurimis
667 3314 856 3360 vicibus
883 3311 1186 3374 tranquillior
1211 3318 1285 3361 est
1310 3310 1638 3361 transvolatus
1656 3312 1886 3375 jugorum
1922 3326 2008 3375 per
2031 3313 2291 3374 aetherem,
2329 3328 2477 3377 quam

235 3385 369 3447 globi
407 3384 544 3432 ferrei
580 3399 666 3446 per
704 3388 879 3433 aerem.
938 3385 1126 3433 Deinde
1165 3385 1340 3447 globus
1379 3384 1438 3442 de
1475 3385 1584 3434 loco
1610 3386 1660 3431 in
1694 3385 1858 3433 locum
1895 3385 2177 3434 transfertur
2213 3393 2359 3448 tome,
2398 3395 2476 3435 at-

236 3465 392 3506 terens
432 3459 588 3505 aerem
629 3457 935 3505 circumcirca
981 3457 1192 3520 undique
1247 3464 1294 3507 et
1342 3459 1483 3520 quasi
1528 3458 1774 3506 terebrans
1823 3457 2207 3521 exhauriensque
2254 3465 2367 3522 post
2404 3474 2473 3520 se,

234 3528 519 3592 protrudens
559 3534 670 3578 ante
709 3543 787 3591 se;
824 3528 935 3577 loca
971 3531 1241 3591 superficiei
1278 3530 1455 3581 Terrae
1491 3529 1734 3579 radicibus
1771 3529 1999 3590 haerent,
2046 3538 2208 3594 partes
2244 3534 2368 3594 toti„
2389 3545 2477 3581 nec

236 3602 385 3651 ullam
421 3603 521 3650 vim
559 3602 766 3650 inferunt
805 3601 1083 3663 superfusae
1122 3617 1268 3652 aurae
1306 3603 1586 3664 aethereae,
1634 3608 1688 3651 ut
1726 3617 1871 3666 quam
1907 3603 2018 3652 loco
2056 3618 2145 3653 suo
2172 3618 2268 3653 non
2307 3604 2475 3668 expel-

235 3676 355 3736 lunt,
391 3675 676 3738 'praesertim
712 3673 822 3723 loca
858 3673 1192 3735 profundiora,
1233 3689 1322 3724 nec
1359 3676 1597 3739 undique,
1647 3675 1733 3725 sed
1770 3676 2103 3725 tantummodo
2139 3692 2328 3727 sursum
2369 3691 2473 3727 eam

237 3754 461 3797 atterunt.
537 3746 714 3795 Tertio.
793 3744 936 3808 Quod
974 3752 1119 3808 caput
1157 3753 1230 3796 est
1266 3750 1351 3809 rei,
1390 3749 1566 3811 globus
1602 3748 1859 3811 plumbeus
1894 3750 1945 3797 vi
1984 3751 2239 3812 gravitatis
2273 3750 2475 3799 trahitur

237 3822 588 3872 interimcxtra
624 3819 804 3872 lineam
827 3824 986 3870 motus
1027 3821 1102 3869 sui
1129 3819 1330 3871 violenti
1368 3821 1592 3874 deorsum
1615 3837 1786 3872 versus
1825 3827 2042 3872 centrum
2066 3823 2275 3887 Terrae3
2312 3828 2473 3889 partes
