2554 4140
234 131 263 178 2
274 133 300 180 7
310 133 338 180 6
1075 121 1311 178 Epitomes
1341 121 1657 166 Astronomiae

231 276 282 323 in
332 289 480 324 unam
528 271 724 320 stellam
775 269 984 331 directa,
1037 270 1226 333 reliqua
1273 270 1467 317 mobilis
1505 272 1554 316 in
1595 268 1834 333 reliquum
1873 269 2008 320 sidus
2059 270 2308 333 dirigitur:
2355 286 2494 321 arcus

232 350 378 410 igitur
416 349 729 407 interceptus,
763 345 855 405 xqui
895 349 977 399 est„
1005 357 1233 392 mensura
1270 343 1434 404 anguli
1474 342 1536 390 ad
1577 348 1819 404 centrum,
1858 343 2118 406 respondet
2157 346 2290 394 arcui
2329 344 2493 394 circuli

238 421 476 483 sphaerae
514 419 730 477 maximi,
774 430 982 479 eumque
1021 415 1275 478 insculptis
1312 416 1528 463 numeris
1563 414 1800 477 graduum
1840 423 1888 466 et
1925 418 2221 465 minutorum
2261 418 2495 481 exprimit.

235 493 432 557 Typum
470 491 782 539 instrumenti
822 489 936 537 vide
975 491 1023 535 in
1064 487 1363 537 Mechanicis
1402 486 1652 551 Tychonis
1690 487 1865 550 Brahe,
1905 491 2164 554 praecipue
2202 492 2453 563 sextantis.

391 564 655 628 Quomodo
694 562 942 625 definiunt
982 562 1262 610 astronomi
1299 560 1664 622 lonyitudinem
1704 562 1908 611 stellae?
1942 563 2030 610 Est
2069 577 2210 612 arcus
2250 562 2499 625 eclipticae

233 643 519 687 numeratus
572 639 620 683 in
670 635 1067 696 consequentiam
1118 635 1365 696 signorum
1416 640 1464 680 et
1508 635 1806 696 interceptus
1845 636 1970 683 inter
2006 635 2414 698 aequinoctialem
2453 643 2500 685 et

231 709 586 761 semicirculum
634 707 930 767 latitudiniS‚
985 708 1069 768 qui
1127 720 1213 768 per
1264 704 1458 754 stellam
1509 705 1726 755 ducitur:
1783 706 1996 757 ostendit
2047 710 2175 756 enim
2226 708 2304 757 hic
2341 722 2496 772 arcus,

233 790 470 847 quantum
526 781 667 831 stella
721 797 750 829 a
800 780 1036 843 principio
1085 772 1342 840 eclipticas
1403 793 1574 827 versus
1622 779 1727 842 ejus
1778 780 1923 830 finem
1980 780 2175 831 recedat
2234 780 2498 832 secundum
2551 819 2554 824 Α

236 857 474 921 sphaerae
511 853 883 917 longitudinem.

385 928 525 993 Quid
561 934 630 976 est
668 925 883 974 latitudo
921 923 1127 970 stellae?
1163 923 1319 971 Arcus
1359 923 1527 972 circuli
1563 923 1836 973 latitudinis
1869 928 2162 990 interceptus
2201 929 2324 977 inter
2349 927 2501 993 eclip-

232 1003 381 1051 ticam
409 1008 456 1051 et
489 1000 709 1060 stellam,
752 997 964 1047 ostendit
991 997 1133 1057 enim,
1175 1000 1412 1059 quantum
1437 996 1582 1046 stella
1614 1001 1867 1048 recesserit
1905 1000 1967 1048 ab
1993 999 2218 1065 ecliptica
2255 1000 2317 1050 ad
2349 999 2500 1050 latera

232 1075 400 1123 mundi
439 1075 522 1122 via
561 1073 862 1121 brevissima.
1775 1080 1780 1085 “
2542 1123 2546 1127 .

376 1149 637 1210 Compara
688 1142 1060 1206 lonyitudinem
1110 1154 1226 1189 cum
1273 1145 1561 1192 ascensione
1611 1151 1772 1199 recta,
1823 1143 2146 1194 latitudinem
2198 1161 2312 1195 cum
2349 1146 2500 1196 decli-

229 1223 452 1270 natione.
519 1216 801 1281 Longitudo
842 1222 890 1264 et
917 1215 1139 1264 ascensio
1177 1220 1309 1263 recta
1341 1217 1581 1279 incipiunt
1618 1217 1680 1265 ab
1709 1216 1880 1266 eodem
1918 1219 2174 1281 principio,
2214 1219 2301 1268 sed
2339 1219 2499 1283 longi-

230 1293 352 1341 tudo
391 1295 440 1339 in
479 1291 707 1355 ecliptica
745 1294 990 1349 censetur,
1026 1289 1250 1336 ascensio
1290 1289 1339 1335 in
1379 1295 1672 1352 aequatore3
1712 1289 1799 1339 illa
1837 1289 2016 1339 circulo
2055 1290 2344 1354 latitudinis,
2383 1292 2533 1364 haec‘

230 1363 788 1415 circulodeclinationis
828 1363 1128 1422 terminatur,
1171 1374 1377 1423 quorum
1419 1361 1499 1411 iile
1526 1376 1613 1427 per
1647 1362 1790 1426 polos
1818 1362 2084 1427 eclipticas,
2125 1364 2203 1415 hic
2241 1380 2326 1430 per
2363 1364 2501 1431 polos

234 1438 515 1502 aequatoris
555 1436 762 1485 ducitur.

385 1510 649 1575 Quomodo
672 1510 961 1571 inquiritur
984 1507 1205 1566 alicujus
1236 1506 1372 1568 'fixae
1398 1507 1660 1570 lonyitudo
1687 1515 1732 1557 et
1758 1509 2008 1559 latitudo?
2044 1509 2179 1558 Varii
2207 1517 2320 1560 sunt
2355 1510 2502 1574 modi,
2539 1540 2546 1545 »

230 1586 316 1646 qui
353 1597 451 1632 non
503 1589 712 1647 possunt
759 1595 926 1630 omnes
965 1581 1013 1627 in
1055 1580 1271 1643 epitoma
1309 1579 1464 1642 tradi3
1512 1580 1598 1629 sed
1647 1582 1896 1645 praecipui
1942 1588 2056 1630 sunt
2103 1582 2169 1631 hi.
2247 1583 2338 1634 Vel
2378 1586 2502 1637 enim

229 1658 415 1706 utimur
461 1658 784 1704 instrumento
838 1653 1076 1718 sphaerae
1126 1652 1385 1701 armillaris
1432 1652 1514 1702 vel
1554 1653 1759 1704 calculo.
1837 1652 2026 1717 Quodsi
2065 1655 2273 1719 sphaera
2310 1658 2504 1719 utimur,

231 1735 425 1794 oportet
464 1731 597 1793 prius
636 1729 884 1791 cognitum
925 1741 1034 1775 esse
1075 1725 1235 1774 locum
1272 1725 1402 1774 Solis
1441 1727 1490 1774 in
1530 1725 1781 1791 ecliptica,
1824 1726 1902 1777 vel
1943 1728 2049 1791 ejus
2088 1731 2195 1779 vice
2233 1729 2503 1794 longitudi-

230 1817 343 1851 nem
381 1804 526 1851 unius
550 1802 737 1852 stellae.
813 1798 1005 1849 Deinde
1045 1813 1168 1861 opus
1196 1806 1284 1858 est,
1326 1805 1378 1848 ut
1417 1799 1626 1863 sphaera
1653 1802 1868 1864 erigatur
1904 1801 2171 1851 secundum
2197 1801 2503 1854 altitudinem
2538 1852 2542 1856 .

228 1876 329 1939 poli
356 1881 404 1925 et
429 1876 608 1924 lineam
634 1873 951 1924 meridianam
978 1871 1074 1920 loci
1102 1878 1272 1920 exacte
1298 1871 1481 1921 habeat
1505 1873 1783 1936 habeatque
1811 1873 1934 1923 duos
1959 1873 2272 1924 latitudinum
2301 1876 2504 1926 circulos
2535 1876 2537 1880 ’

227 1948 450 2009 mobiles,
493 1948 698 2012 dioptris
724 1946 991 1995 mobilibus
1017 1946 1087 1993 sic
1126 1945 1404 2005 instructos,
1447 1952 1498 1994 ut
1521 1946 1682 1995 lineae
1708 1947 1898 1996 visivae
1926 1962 2011 2011 per
2050 1947 2268 2013 dioptras
2294 1949 2504 2000 directae
2527 1971 2533 1973 “

226 2023 325 2070 sint
360 2021 630 2085 parallelae
671 2020 859 2069 eductis
898 2033 958 2068 ex
997 2023 1162 2067 centro
1201 2017 1454 2080 sphaerae.
1530 2019 1725 2083 Inspice
1766 2021 1817 2067 in
1858 2020 2037 2070 Brahei
2077 2021 2376 2072 Mechanicis
2425 2036 2504 2073 ar-

227 2094 389 2143 millas
427 2094 720 2143 zodiacales.
796 2091 990 2155 Quibus
1030 2091 1256 2139 omnibus
1294 2092 1365 2139 sic
1400 2095 1731 2155 praeparatis,
1782 2092 1992 2142 circulus
2031 2095 2154 2144 alter
2191 2095 2532 2158 latitudinum·

227 2167 503 2232 applicatur
540 2174 589 2216 et
625 2167 844 2214 firmatur
881 2178 1028 2228 super
1065 2163 1175 2212 loco
1215 2163 1346 2213 Solis
1385 2165 1465 2213 vel
1506 2164 1679 2216 stellae
1708 2167 1904 2228 cognito
1943 2168 1991 2214 in
2019 2168 2273 2232 ecliptica3
2313 2168 2503 2233 dioptra

228 2243 375 2290 etiam
413 2242 612 2308 ponitur
650 2254 795 2304 super
835 2237 1146 2287 latitudinem
1187 2237 1293 2299 ejus
1333 2239 1581 2301 cognitam
1620 2245 1669 2287 et
1708 2253 1805 2288 una
1843 2253 1953 2288 cum
1992 2240 2202 2304 sphaera
2231 2243 2302 2292 sic
2340 2242 2503 2293 volvi-

228 2321 330 2375 tur,
381 2321 436 2362 ut
485 2314 619 2362 linea
655 2313 863 2361 visionis
902 2312 950 2358 in
991 2315 1210 2359 centrum
1250 2309 1380 2359 Solis
1419 2311 1497 2359 vel
1538 2310 1712 2362 stellae
1748 2315 2095 2377 praecognitae
2144 2315 2358 2365 incidat:
2408 2324 2502 2380 quo

227 2388 360 2436 facto
411 2392 459 2436 et
498 2386 707 2451 sphaera
745 2383 987 2434 materiali
1026 2385 1096 2431 sic
1136 2382 1275 2432 coelo
1314 2383 1665 2447 respondente,
1717 2384 1928 2434 circulus
1976 2386 2098 2437 alter
2145 2387 2418 2438 latitudinis
2454 2388 2502 2436 in

176 2488 179 2490 >
228 2459 454 2523 ecliptica
493 2465 721 2508 manente
760 2455 1000 2506 immobili
1040 2463 1088 2505 et
1128 2454 1321 2519 dioptra
1359 2456 1467 2519 ejus
1505 2459 1555 2506 in
1592 2459 1701 2520 ipso
1741 2473 1832 2508 suo
1871 2459 2050 2510 circulo
2090 2467 2188 2510 tam
2221 2461 2305 2510 diu
2343 2461 2504 2511 volvi-

229 2540 322 2594 tur,
362 2532 517 2582 donec
553 2547 642 2596 per
680 2547 787 2581 eam
828 2530 972 2580 stella
1008 2530 1262 2594 proposita
1299 2529 1540 2580 videatur.
1616 2530 1755 2581 Tunc
1794 2533 1943 2595 igitur
1981 2534 2088 2596 ejus
2122 2533 2380 2599 longitudo
2417 2547 2507 2599 per·

231 2605 464 2655 circulum
500 2604 776 2655 latitudinis
812 2609 1111 2653 monstratur
1148 2604 1198 2649 in
1238 2601 1488 2667 ecliptica,
1546 2603 1754 2653 latitudo
1806 2619 1892 2670 per
1941 2606 2182 2671 dioptram
2227 2609 2275 2656 in
2328 2606 2502 2658 circulo

230 2679 519 2728 latitudinis.
595 2678 681 2727 Sin
721 2683 886 2727 autem
925 2675 1013 2725 tali
1053 2675 1262 2739 sphaera
1302 2689 1521 2725 caremus
1559 2682 1646 2726 aut
1683 2678 1752 2726 uti
1792 2692 1889 2727 non
1929 2694 2211 2744 possumus,
2257 2687 2371 2731 tunc
2408 2680 2538 2730 alio-

229 2754 548 2802 instrumento
597 2750 777 2801 idoneo
826 2749 1016 2815 capitur
1064 2748 1299 2798 distantia
1336 2750 1578 2813 propositi
1625 2749 1797 2799 sideris
1837 2767 1868 2800 a
1905 2751 2021 2803 Sole
2071 2753 2152 2803 vel
2190 2769 2220 2802 a
2258 2754 2355 2803 fixa
2393 2753 2502 2815 alia,

637 2845 720 2885 pig·
749 2842 803 2877 45,
1215 2821 1355 2884 cujus
1393 2823 1457 2870 sit
1495 2824 1692 2885 cognita
1726 2827 1948 2874 ascensio
1986 2831 2120 2876 recta
2154 2834 2202 2876 et
2226 2826 2503 2888 declinatio,

1214 2893 1391 2943 deinde
1416 2897 1571 2958 ipsius
1611 2897 1759 2946 etiam
1776 2900 2013 2961 propositi
2037 2899 2208 2949 sideris
2229 2899 2506 2964 quaerenda
2551 2915 2554 2942 ι’

1214 2973 1291 3016 est
1344 2966 1608 3017 declinatio
1655 2983 1743 3032 per
1792 2971 2215 3036 observationem,
2274 2980 2328 3023 ut
2371 2978 2505 3038 parte
2550 2985 2554 3014 ¹

1214 3042 1373 3104 prima
1409 3054 1577 3091 sumus
1617 3042 1795 3093 edocti.
2504 3097 2506 3099 .
2550 3082 2554 3087 -

1359 3114 1436 3162 Ex
1475 3114 1552 3162 his
1588 3116 1738 3178 igitur
1775 3115 1903 3164 datis
1940 3118 2075 3179 prius
2105 3118 2396 3183 inquirenda
2431 3111 2505 3168 erit
2547 3112 2554 3161 Ι

1220 3178 1562 3249 ascensionum
1601 3194 1841 3237 rectarum
1881 3188 2152 3240 differentia
2193 3198 2241 3242 et
2276 3207 2362 3257 per
2400 3202 2506 3250 eam
2546 3186 2554 3245 1

1218 3262 1441 3309 ascensio
1479 3266 1613 3310 recta
1648 3261 1835 3322 stellae,
1870 3276 1930 3311 ex
1969 3277 2065 3325 qua
2090 3271 2265 3328 postea
2301 3265 2505 3316 habetur
2545 3256 2554 3329 1

1218 3332 1664 3397 etiam-longitudo
1704 3341 1752 3384 et
1789 3334 2017 3384 latitud0.
2519 3330 2554 3387 i

1168 3416 1178 3423 ·
1369 3406 1632 3470 Quomodo
1657 3422 1718 3457 cx
1754 3407 2174 3459 declinationibus
2197 3417 2244 3459 et
2264 3410 2503 3459 distantia
2542 3409 2554 3460 l

1220 3477 1447 3528 duarum
1484 3480 1744 3529 stellarum
1771 3484 2039 3543 quaeritur
2064 3498 2246 3532 earum
2269 3483 2502 3547 differen—
2541 3464 2554 3536 l,

1221 3554 1295 3599 tia
1332 3553 1720 3603 ascensionalis?
1774 3553 2032 3603 Formatur
2068 3555 2365 3620 triangulum
2390 3553 2500 3626 ΡΠ)
2539 3550 2554 3612 t

1222 3626 1347 3674 inter
1371 3625 1410 3672 P
1435 3625 1604 3688 polum
1641 3625 1878 3689 sphaerae
1917 3634 1966 3677 et
2003 3628 2125 3678 duas
2162 3628 2331 3678 stellas
2362 3626 2402 3691 1,
2438 3624 2500 3687 fl,
2538 3624 2554 3681 fl

1221 3704 1446 3745 notorum
1485 3700 1629 3746 trium
1652 3698 1886 3748 laterum:
1925 3715 2076 3750 unum
2106 3701 2179 3749 ID
2207 3707 2282 3751 est
2318 3700 2500 3750 distan-
2536 3691 2554 3754 ἕ

1222 3771 1317 3830 tia,
1372 3770 1468 3819 duo
1506 3770 1694 3834 reliqua
1729 3771 1821 3833 ΡΙ,
1876 3772 1965 3821 PD
2003 3779 2117 3823 sunt
2154 3774 2500 3838 complementa
2540 3750 2554 3840 1

1222 3841 1601 3893 declinationum
1637 3843 1729 3908 10,
1771 3844 1860 3894 DL
1898 3847 2378 3911 septentrionalium3
2422 3840 2499 3895 vel
2534 3841 2554 3901 ’1

2537 3952 2539 3954 ’
2548 3944 2554 3989 i
