2554 4140
216 124 282 172 27
289 125 320 171 4
1043 115 1275 172 Epitomes
1307 115 1618 159 Astronomiae

217 267 386 316 drante
426 265 639 325 distans,
680 263 812 326 quod
852 270 924 313 est
961 266 1112 313 sectio
1152 265 1429 325 aequaturis
1470 270 1517 311 et
1557 263 1811 326 eclipticae
1837 269 2030 324 mutua,
2072 278 2101 310 a
2128 277 2225 325 qua
2252 265 2464 313 sectione

215 341 481 387 numeratio
521 338 690 399 incipit
736 340 971 405 partium
985 338 1262 400 eclipticae,
1319 346 1371 384 ut
1407 336 1530 383 libro
1569 336 1784 385 secundo
1824 336 2003 385 dictum
2043 344 2132 385 est.
2207 336 2283 383 Ita
2321 337 2466 398 igitur

215 412 293 472 fit,
347 417 400 458 ut
437 412 604 473 puncti
640 409 847 472 alicujus
887 398 1137 474 ecliptieae
1175 423 1225 456 re
1266 424 1381 458 vera
1419 405 1715 478 quiescentis
1764 424 1990 458 numerus
2030 414 2267 470 augeat-ur
2313 415 2360 456 et
2398 410 2466 457 sic

216 483 336 531 illud
375 482 598 547 progredi
637 482 875 531 videatur.

282 560 287 567 '
367 556 462 604 Cui
498 557 617 603 usui
652 556 796 604 nobis
833 562 900 603 est
936 556 1026 604 hoc
1064 556 1168 603 loco
1206 555 1326 601 haec
1363 554 1616 615 coquitio?
1651 554 1760 602 Non
1802 559 2004 617 possunt
2042 552 2246 615 intelligi
2285 555 2466 617 scripta

169 658 171 661 -
215 615 433 677 veterum
474 627 532 676 de
572 630 874 692 apparitione
913 634 961 677 et
1000 626 1323 675 occultatione
1362 626 1586 685 siderum,
1627 629 1719 675 nisi
1758 630 1983 686 sciamuS,
2025 632 2208 688 quanta
2246 627 2309 674 sit
2345 628 2467 675 inter

217 715 305 762 nos
345 707 392 750 et
427 700 538 749 illos
579 700 847 750 differentia
885 701 1014 748 facta
1052 698 1348 747 sidereorum
1388 713 1624 746 annorum
1662 715 1692 748 a
1730 699 1930 747 totidem
1970 700 2181 762 tropicis.

180 824 185 830 ,
366 774 602 838 Quantus
640 780 708 821 est
745 788 913 821 annus
951 775 1185 833 tropicus,
1238 778 1462 834 quantus
1497 772 1729 832 sidereuS,
1770 786 2089 833 excessusque
2112 771 2276 831 ,hujus
2310 785 2468 834 supra

216 847 361 895 illum
400 852 445 895 et
479 851 657 909 supra·
676 861 874 894 annum
914 845 1192 893 Julianum
1219 845 1468 907 hujusque
1502 859 1660 907 supra
1685 848 1934 908 tropicum
1944 863 1963 906 ,-
2003 851 2048 892 et
2074 850 2271 906 quanta
2305 846 2468 906 portio

217 921 393 968 circuli
430 918 704 982 competens
740 920 900 981 spatio
937 919 1315 976 interjectorum
1353 917 1653 966 annorum?
1705 917 1872 966 Media
1910 924 1958 965 et
1996 916 2272 979 aequabilis
2310 931 2470 978 quan-

217 995 332 1042 titas
371 992 490 1040 anni'
523 993 692 1055 tropici
730 1005 816 1039 seu
857 991 1086 1039 vertentis
1126 989 1240 1058 (non
1279 997 1391 1038 sunt
1429 992 1557 1038 enim
1597 1005 1763 1039 omnes
1804 991 2026 1038 omnibus
2066 992 2256 1053 penitus
2284 1003 2470 1052 aequa-

217 1065 303 1123 leS,
345 1056 397 1112 ut
433 1067 481 1112 in
518 1064 706 1111 'theoria
745 1069 951 1112 octavae
989 1061 1225 1126 sphaerae
1265 1060 1468 1128 dicetur)
1506 1056 1808 1127 deprehensa
1846 1069 1917 1111 est
1939 1063 2183 1111 continere
2222 1061 2325 1110 dies
2352 1063 2469 1123 365,

198 1138 364 1186 ⁴horas
408 1138 456 1202 5,
497 1136 723 1200 scrupula
762 1136 911 1184 horae
951 1136 1034 1184 49.
1084 1135 1345 1183 15114‘6‘1
1385 1144 1443 1184 ex
1480 1137 1693 1184 numeris
1720 1136 1974 1200 Copernici
2013 1142 2060 1184 et
2093 1135 2470 1196 Prutenicarum‚

217 1217 272 1259 ut
310 1209 467 1258 desint
502 1224 589 1257 sex
620 1210 758 1257 vhoris
797 1216 886 1256 seu
924 1209 1019 1256 diei
1059 1210 1274 1271 integrae
1314 1210 1361 1255 in
1401 1222 1554 1257 annos
1594 1215 1817 1271 quatuor,
1858 1209 1952 1257 hoc
1990 1214 2063 1257 est
2100 1222 2227 1256 anno
2266 1207 2469 1257 Juliano

217 1282 444 1346 scrupula
501 1283 580 1330 10.
629 1283 734 1328 44‘1
788 1283 906 1328 14‘1‘
959 1282 1227 1332 annuatim.
1304 1280 1434 1329 Anni
1485 1295 1601 1330 vero
1647 1280 1820 1330 siderei
1871 1283 2195 1344 quantitatem
2247 1280 2470 1342 mediam,

197 1362 455 1421 ,quantum
506 1354 757 1416 hucusque
798 1353 1050 1416 diligentia
1100 1356 1332 1416 consequi
1383 1360 1643 1419 potueruut
1680 1356 1967 1415 astronomi,
2022 1359 2312 1403 censuerunt
2348 1353 2473 1403 ultra

218 1442 360 1477 senas
407 1428 553 1476 horas
600 1426 776 1475 addere
828 1426 1058 1491 scrupula
1106 1428 1154 1475 9.
1206 1428 1326 1476 39”.
1417 1426 1593 1491 Itaque
1654 1426 1922 1478 differentia
1968 1428 2094 1478 inter
2140 1429 2377 1492 tropicum
2407 1427 2474 1477 ‘et
2519 1413 2527 1427 ⁸

219 1500 460 1570 sidereum
510 1504 583 1548 est
621 1501 884 1562 quotannis
931 1499 1265 1562 scrupulorum
1305 1501 1390 1548 20.
1441 1501 1547 1548 23“
1592 1501 1725 1561 14“‘‚
1779 1506 1827 1550 et
1874 1502 1921 1547 in
1974 1501 2112 1548 annis
2156 1501 2221 1548 60
2273 1498 2475 1548 totidem

218 1574 460 1622 horarum.
536 1572 613 1620 Ita
650 1575 701 1619 in
739 1574 878 1620 annis
922 1575 988 1621 70
1029 1586 1135 1620 cum
1191 1573 1334 1620 besse
1370 1572 1467 1621 fere
1519 1586 1615 1620 una
1654 1571 1757 1621 dies
1796 1572 2072 1633 intercedit,
2127 1574 2174 1620 in
2229 1574 2329 1621 707
2372 1572 2473 1622 dies

224 1649 303 1707 10,
344 1647 393 1692 in
439 1646 591 1702 1413,
633 1652 868 1708 quantum
896 1653 968 1694 est
994 1646 1212 1693 aseculo
1237 1645 1510 1693 Ptolemaei
1538 1645 1661 1707 fere,
1702 1645 1805 1694 dies
1833 1647 1916 1706 20,
1956 1642 2006 1695 in
2051 1647 2203 1706 1767,
2244 1652 2476 1709 quantum

163 1728 165 1733 ’
219 1720 281 1767 ab
320 1717 631 1781 Hipparcho,
687 1718 790 1767 dies
831 1719 926 1777 25,
981 1718 1158 1781 quibus
1197 1717 1283 1767 Sol
1320 1717 1411 1766 sub
1449 1717 1558 1766 fixis
1597 1715 1799 1768 totidem
1837 1718 2016 1783 gradus
2056 1718 2270 1779 conficit,
2317 1720 2474 1767 minus
2551 1735 2554 1740 ·

219 1794 284 1840 22
318 1788 538 1841 minutis,
610 1791 786 1854 Itaque
823 1789 1012 1840 Juliani
1051 1797 1123 1839 tot
1161 1797 1273 1841 sunt
1317 1793 1377 1839 13
1420 1790 1590 1840 diebus
1615 1790 1860 1855 longiores
1899 1807 2044 1855 quam
2070 1792 2259 1855 tropici,
2300 1790 2475 1841 siderei
2527 1788 2530 1794 '

146 1885 149 1889 ·
221 1878 336 1914 vero
381 1866 443 1912 12
487 1863 657 1913 diebus
694 1863 938 1926 longiores
977 1878 1124 1930 quam
1162 1862 1365 1913 Juliani.

366 1937 626 2001 Quomodo
679 1940 957 1986 astronomi
998 1943 1275 2000 potuerunt
1304 1937 1587 2005 *observare
1633 1937 1999 2001 Ionyitudinem
2047 1939 2313 1999 utriusque
2346 1938 2476 1986 anni

216 2017 325 2059 tam
361 2012 543 2073 tropici
580 2025 738 2072 quam
774 2010 975 2071 siderei,
1014 2025 1128 2058 cum
1166 2026 1329 2073 neque
1358 2016 1558 2072 puncta
1595 2013 1813 2072 tropica,
1859 2024 2023 2072 neque
2055 2010 2186 2072 fixas
2216 2015 2476 2072 praesente
2523 2033 2534 2052 v

222 2083 334 2141 Sole
370 2082 538 2145 adque
575 2085 710 2144 ipsas
749 2084 1039 2145 applicante
1075 2098 1275 2131 cernere
1314 2083 1599 2146 queamus?
1651 2082 1929 2147 Longitudo
1976 2083 2148 2145 tropici
2200 2081 2342 2131 facile
2381 2083 2472 2132 ob·
2512 2091 2533 2121 f

216 2161 438 2205 servatur
474 2157 536 2204 iis
574 2155 746 2215 modis,
786 2156 964 2218 quibus
1000 2171 1148 2219 supra
1187 2155 1318 2205 docti
1354 2170 1522 2205 sumus
1561 2156 1820 2206 observare
1858 2154 2165 2205 altitudinem
2200 2155 2328 2205 Solis
2367 2169 2472 2206 meo
2532 2167 2539 2182 ’-

216 2228 453 2277 ridianam
504 2234 551 2277 et
597 2227 902 2277 altitudinem
948 2229 1076 2293 poli,
1128 2227 1336 2292 denique
1387 2228 1758 2279 declinationem
1797 2228 1944 2278 Solis.
2020 2228 2149 2277 Anni
2198 2230 2324 2277 enim
2371 2222 2524 2278 tro-''

202 2303 327 2367 pici
354 2300 608 2364 longitudo
662 2307 776 2350 tunc
815 2308 987 2350 exacta
1026 2308 1271 2363 censetur,
1326 2316 1437 2350 cum
1473 2301 1559 2350 Sol
1603 2316 1796 2351 rursum
1845 2300 2050 2351 eandem
2102 2299 2472 2351 declinationem
2525 2298 2543 2354 .’.

218 2375 478 2426 maximam
516 2375 577 2423 ab
617 2380 881 2436 aequatore
920 2374 1160 2437 ejusdem
1176 2338 1441 2438 qualitatis,
1480 2380 1566 2424 aut
1602 2390 1790 2458 rursum
1828 2373 2036 2427 mediam
2062 2375 2184 2424 inter
2220 2380 2473 2440 utramque
2519 2379 2527 2390 “

219 2450 479 2497 maximam
516 2448 824 2497 nanciscitur

298 2562 301 2567 .
364 2519 644 2583 Longitudo
683 2522 798 2568 anni
835 2519 1010 2570 siderei
1049 2520 1429 2579 subtilioris,„est
1467 2520 1848 2581 observationis,
1902 2535 1993 2570 nec
2031 2535 2127 2570 una
2166 2522 2250 2569 via
2287 2533 2364 2570 res
2402 2523 2474 2569 esi
2518 2565 2522 2569 ,

220 2599 421 2643 tentata.
496 2593 699 2663 Veteres
737 2592 952 2658 Aegypti
991 2594 1179 2643 incolae
1219 2607 1327 2642 cum
1366 2594 1634 2642 fruerentur
1670 2595 1928 2646 serenitate
1966 2600 2224 2658 perpetua,
2266 2605 2375 2642 cum
2411 2593 2474 2641 sit
2506 2611 2507 2614 ¹

209 2668 482 2731 ‘Aegyptus
533 2666 710 2730 plana,
779 2681 887 2715 cum
935 2666 1215 2731 pyramides
1271 2667 1452 2715 habeat
1508 2665 1820 2733 altissimas,¹
1863 2667 2101 2731 speculati
2152 2671 2264 2715 sunt
2320 2671 2474 2717 ortum

223 2740 396 2789 stellae
441 2741 565 2787 inter
601 2738 723 2788 fixas
760 2741 1027 2800 maximae,
1083 2755 1231 2802 quam
1271 2740 1454 2788 Canem
1491 2738 1669 2790 Sirium
1720 2741 1968 2800 nominare
2005 2739 2177 2799 solent,
2224 2738 2474 2801 diligenter

222 2818 474 2878 notantes,
529 2812 633 2874 quo'
662 2808 870 2875 primum
907 2827 1048 2860 mane
1087 2812 1173 2861 illa
1209 2818 1322 2861 ante
1360 2811 1525 2861 Solem
1575 2818 1872 2875 cerneretur,
1922 2812 2474 2875 indeque-numerantes

223 2885 325 2934 dies
374 2899 610 2948 eousque,
664 2885 778 2933 dum
825 2885 912 2933 illa
965 2899 1151 2933 rursum
1202 2899 1344 2933 mane
1395 2899 1454 2933 ex
1491 2883 1641 2933 radiis
1678 2884 1807 2933 Solis
1849 2891 2126 2949 emergeret.
2205 2884 2344 2947 Quae
2383 2884 2472 2932 ob-

224 2960 437 3006 servatio
476 2971 585 3006 cum
625 2959 819 3007 nonnisi
855 2958 947 3006 sub
986 2963 1142 3007 ortum
1156 2956 1295 3010 Solis
1331 2957 1493 3006 locum
1518 2957 1713 3019 habeat,
1755 2956 1946 3019 Graeci,
1986 2965 2203 3008 carentes
2243 2963 2315 3006 tot
2341 2967 2474 3007 eom-'-

222 3029 556 3091 moditati‘buS,
596 3031 915 3094 confugerunt
935 3030 998 3079 ad
1024 3030 1481 3094 contemplationem
1520 3029 1982 3094 eclipsiumLunae,
2022 3037 2263 3091 notantes,
2299 3025 2495 3092 quibus

229 3117 338 3150 cum
375 3103 482 3151 fixis
521 3110 776 3166 appareret
812 3103 971 3165 Luna,
1012 3118 1213 3152 versans
1251 3105 1300 3150 in
1338 3101 1510 3152 umbra
1548 3102 1754 3153 Terrae:
1776 3102 1909 3152 'tunc
1947 3104 2074 3153 enim
2106 3103 2341 3163 sciebant,
2380 3100 2475 3151 So·-
2505 3130 2509 3138 =
2551 3136 2554 3147 .

230 3174 326 3223 19111
365 3189 390 3223 9
426 3178 624 3238 regione
663 3191 771 3226 esse
809 3176 940 3240 apud
967 3174 1100 3226 fixas
1140 3177 1407 3241 oppositas.
1482 3174 1584 3223 Alii
1620 3177 1759 3238 prius
1804 3175 2074 3227 didicerunt
2109 3176 2271 3225 locum
2308 3175 2474 3223 Lunae

227 3253 518 3311 computare,
560 3249 690 3311 quod
731 3249 944 3298 differtur
982 3251 1030 3297 in
1070 3249 1340 3299 doctrinam
1377 3249 1657 3298 theoricam.
1734 3248 1871 3298 Tunc
1906 3250 2240 3310 observarunt,
2281 3244 2487 3315 quando-

134 3356 137 3359 -
228 3319 370 3367 Luna
408 3325 592 3382 tegeret
631 3321 846 3384 aliquam
883 3322 1054 3375 fixam:
1106 3330 1342 3386 quantum
1381 3323 1508 3371 enim
1546 3321 1734 3370 Lunam
1772 3337 1802 3370 a
1840 3322 1955 3371 Sole
2001 3321 2242 3395 putabant
2286 3321 2471 3379 abesse,

226 3392 412 3440 indice
422 3406 510 3440 suo
550 3394 752 3454 calculo,
792 3401 981 3443 tantum
1020 3401 1068 3445 et
1104 3396 1273 3451 fixam
1286 3400 1560 3443 statuerunt
1585 3410 1615 3444 a
1643 3393 1757 3443 Sole
1797 3395 1995 3455 abesse,
2046 3400 2193 3457 atque
2232 3393 2282 3442 id
2321 3394 2362 3441 si
2399 3393 2472 3441 bis

227 3464 313 3513 fiat
350 3478 471 3512 cum
498 3465 666 3514 eadem
691 3466 803 3528 fixa,
842 3467 1167 3518 intercedente
1199 3469 1334 3530 justo
1374 3469 1541 3530 aliquo
1579 3469 1739 3530 spatio
1773 3482 2026 3530 annorum,
2066 3467 2249 3530 detegit
2284 3472 2503 3529 tempas

226 3538 515 3591 reversionis
554 3536 682 3586 Solis
721 3539 785 3586 ad
821 3540 1024 3588 eandem
1063 3556 1093 3589 a
1130 3541 1230 3589 fixa
1266 3541 1354 3589 illa
1391 3540 1686 3589 distantiam.
1723 3599 1726 3602 y

284 3656 290 3663 ,
369 3607 693 3679 HipparchuS,
733 3624 830 3658 non
870 3612 1081 3661 confisus
1118 3613 1307 3662 calculo
1346 3619 1510 3662 motus
1543 3611 1726 3674 Lunae,
1765 3608 1926 3675 coepit
1963 3612 2152 3661 Lunam
2191 3613 2345 3674 ipsam
2378 3616 2497 3661 118³

227 3681 339 3731 dam
375 3682 440 3731 ad
459 3674 635 3731 Solem
650 3687 697 3731 et
725 3682 787 3730 ad
812 3683 935 3731 fixas
961 3698 1254 3747 comparare.
1295 3686 1407 3735 De
1435 3686 1514 3734 die
1539 3687 1680 3745 enim,
1720 3683 1834 3734 Sole
1866 3685 1972 3747 jam
1998 3685 2295 3746 occubitum,
2335 3691 2473 3732 melfi

228 3769 312 3803 sus
361 3761 435 3806 est
460 3769 564 3817 per
608 3742 947 3817 instrumenta,
1000 3763 1180 3818 quanto
1219 3773 1334 3808 arcu
1374 3759 1627 3821 eclipticas
1663 3757 1803 3819 Luna
1858 3757 2057 3809 distaret
2103 3773 2134 3806 a
2172 3756 2317 3818 Sole;
2363 3753 2472 3818 posi
2504 3742 2548 3817 ‚ff

227 3827 415 3890 horam,
454 3825 571 3897 Sole
601 3827 706 3890 ⁸iam
737 3842 916 3889 merso,
955 3828 1064 3877 fixis
1104 3829 1331 3894 detectis,
1380 3831 1583 3881 eandem
1623 3830 1812 3880 Lunam
1851 3837 2037 3894 quanto
2072 3843 2187 3880 arcu
2225 3829 2476 3891 eclipticas*
2535 3820 2548 3891 ἦ

2542 3916 2554 4140 1

2547 3198 2554 3308 1

2548 3330 2554 3384 1

2546 3399 2554 3446 1

2542 3465 2554 3525 l

2539 3550 2554 3654 1

2541 3657 2554 3727 d
