2554 4140
194 100 298 150 232
1018 92 1252 150 Epitomes
1281 92 1594 138 Astronomiae

202 244 485 293 coascensio
530 247 579 291 et
627 240 987 292 condescensio.
1063 241 1189 291 Sunt
1237 247 1401 290 autem
1453 255 1594 290 arcus
1632 243 1936 305 aequatoris,
1990 243 2075 305 qui
2123 256 2231 290 cum
2269 240 2435 304 aliqua

196 316 322 366 coeli
345 320 482 379 parte
509 319 643 364 extra
669 319 982 378 aequatorem
1007 314 1117 374 sita,
1158 315 1297 376 cujus
1324 319 1506 362 certum
1530 315 1720 362 initium
1745 321 2000 378 certusque
2024 315 2132 362 finis
2156 316 2206 362 in
2230 313 2436 376 sphaera

196 387 357 453 datur,
395 402 541 451 supra
577 387 878 436 horizontem
914 387 1174 436 ascendere
1213 393 1298 434 aut
1335 387 1426 434 sub
1466 401 1575 434 eum
1615 386 1904 437 descendere
1940 387 2183 436 videntur.

337 461 443 509 Cur
460 461 634 522 potius
657 462 945 522 aequatoris
970 474 1136 519 arcus,
1177 474 1332 520 quam
1363 459 1570 506 alterius
1594 460 1811 520 alicujus
1837 461 2012 509 circuli
2047 461 2318 507 coorientes
2343 466 2436 507 aut

192 532 623 582 condescendentes
648 532 974 595 spectantur?
1012 530 1138 592 Quia
1164 546 1223 578 ex
1250 531 1441 579 circulis
1459 533 1682 580 maximis
1705 532 1839 580 solus
1857 537 2094 595 aequator
2118 530 2438 594 aequabiliter

192 610 430 666 movetur,
470 603 735 654 ceterorum
771 611 934 667 partes
971 603 1204 666 aequales
1245 604 1410 652 crebro
1448 610 1706 652 moventur
1743 605 2041 668 temporibus
2078 604 2434 666 inaequalibus.

337 676 459 726 Esto
511 692 685 726 verum
733 677 792 725 de
841 678 1078 725 maximis
1087 693 1107 737 ,·
1155 682 1277 724 sunt
1314 682 1484 724 autem
1533 683 1580 724 et
1614 679 1832 726 minores
1870 677 2111 740 paralleli
2157 678 2488 738 aequatos-23»..-

194 751 283 812 qui
319 764 424 800 non
457 752 628 798 minus
665 750 943 812 aequaliter
980 754 1263 808 moventur,
1305 763 1462 810 quam
1499 756 1767 811 aequator:
1812 765 1885 798 an
1921 764 2027 798 non
2063 751 2215 797 etiam
2255 748 2439 797 horum

198 828 342 871 motu
378 823 633 885 aequabili
684 829 962 871 ceterorum
1009 827 1239 882 tempora
1285 828 1427 870 ortus
1464 828 1510 870 et
1545 836 1747 871 occasus
1783 824 1951 870 metiri
1981 821 2275 883 possemus?
2327 820 2437 868 Non
2517 857 2523 859 .

201 896 273 943 ita
311 894 586 954 commode,
623 909 732 947 ,nec
769 908 957 957 semper
993 907 1082 941 nec
1122 894 1331 955 ubique,
1385 893 1477 942 hoc
1530 901 1604 943 est
1648 909 1745 943 non
1797 895 2014 964 inomni
2051 895 2149 942 situ
2187 892 2438 956 sphaerae.

195 966 320 1016 Nam
359 969 516 1015 omnis
555 969 710 1015 minor
746 968 794 1014 in
834 966 1003 1028 aliqua
1039 965 1275 1028 sphaerae
1312 967 1556 1029 positione
1592 972 1726 1016 totus
1752 973 1911 1016 exstat
1946 980 2094 1029 supra
2126 966 2441 1026 horizontem,

197 1040 282 1088 ubi
320 1053 417 1088 non
457 1041 674 1088 oriuntur
713 1039 824 1102 ejus
855 1045 1039 1102 puncta
1078 1052 1166 1087 nec
1206 1038 1448 1096 occidunt.
1521 1039 1731 1088 Rursum
1783 1041 1900 1102 quia
1948 1040 2251 1102 potissimum
2290 1037 2442 1100 eclip-
2513 1045 2520 1050 ·

200 1108 329 1162 ticae
379 1126 577 1161 arcuum
627 1118 846 1175 tempora
893 1110 1137 1160 metienda
1177 1116 1313 1172 sunt,
1369 1112 1515 1161 ceteri
1562 1112 1782 1175 paralleli
1834 1118 1919 1160 aut
1957 1126 2057 1160 non
2093 1116 2442 1160 connectuntur

194 1198 304 1234 cum
341 1183 590 1248 ecliptica,
638 1190 723 1233 aut
772 1198 868 1232 non
916 1186 964 1232 in
1004 1184 1110 1246 ejus
1147 1186 1341 1246 punctis
1381 1183 1722 1244 cardinalibus,
1763 1186 1977 1248 exceptis
2017 1184 2208 1232 duobus
2244 1185 2441 1247 tropicis

194 1259 279 1320 qui
311 1259 360 1304 in
398 1260 589 1321 punctis
629 1256 823 1320 quidem
863 1256 1189 1306 cardinalibus
1226 1258 1350 1304 initii
1379 1258 1550 1306 Cancri
1590 1263 1637 1306 et
1663 1257 1957 1320 Capricorni,
1995 1256 2082 1306 sed
2117 1271 2214 1305 non
2254 1257 2443 1318 praeci-

191 1331 305 1392 puis
343 1328 413 1377 illi
452 1335 813 1379 connectuntur.
890 1329 1035 1378 Solus
1072 1330 1445 1391 aequinoctialis
1485 1330 1667 1391 ubique
1704 1332 1752 1377 in
1793 1331 1922 1378 omni
1965 1329 2174 1393 sphaera
2210 1330 2361 1378 oritur
2395 1334 2444 1377 et

193 1400 382 1469 occidit,
422 1402 699 1465 ubicunque
738 1402 924 1465 aliquid
961 1402 1020 1451 de
1059 1400 1195 1450 coelo
1236 1404 1384 1450 oritur
1422 1408 1469 1450 et
1508 1402 1698 1463 occidit,
1739 1409 1787 1451 et
1813 1417 2057 1452 connexus
2094 1407 2170 1452 est
2194 1400 2444 1464 eclipticae

191 1477 239 1522 in
289 1477 480 1536 punctis
531 1475 721 1524 duobus
770 1476 1191 1538 opportunissimis
1235 1476 1412 1536 initiis,
1453 1481 1518 1524 scL
1560 1475 1739 1524 Arietis
1777 1481 1825 1523 et
1862 1475 2062 1537 Librae,
2112 1476 2183 1524 sic
2218 1479 2271 1523 ut-
2309 1473 2474 1522 illum'
2547 1505 2554 1516 .

191 1546 407 1596 medium
445 1554 594 1596 secet.

339 1620 511 1669 Proba
547 1619 765 1668 evidenti
802 1626 1127 1684 arqumento,
1174 1621 1428 1683 eclipticae
1466 1626 1642 1682 partes
1688 1621 1922 1683 aequales
1964 1621 2092 1669 oriri
2141 1618 2446 1681 temporibus

191 1693 563 1755 inaequalibus.
639 1692 901 1741 Sumantur
940 1707 1055 1755 ergo
1093 1692 1384 1743 semicirculi
1409 1694 1598 1755 integri,
1639 1700 1856 1741 sumatur
1892 1697 1940 1742 et
1975 1693 2111 1756 regio
2138 1697 2443 1755 tempusque,

192 1765 387 1828 quando
428 1765 529 1814 dies
569 1771 642 1814 est
678 1764 870 1827 longior
907 1780 997 1814 sua
1033 1773 1199 1827 nocte,
1250 1773 1305 1814 ut
1342 1768 1392 1812 in
1432 1764 1695 1814 Germania
1732 1771 1949 1828 ternpore
1987 1765 2184 1814 solstitii
2234 1764 2336 1813 dies
2375 1770 2449 1813 est

191 1838 418 1887 horarum
451 1840 527 1892 16,
570 1836 717 1901 duplo
756 1837 948 1901 longior
986 1854 1130 1901 quam
1158 1853 1284 1901 nox;
1324 1845 1372 1887 et
1396 1838 1736 1901 perpendatur,
1778 1837 1910 1901 quod
1945 1840 2132 1888 oriente
2155 1836 2270 1886 Sole
2309 1838 2443 1887 occi-

193 1911 277 1959 dat
310 1925 423 1974 pars
462 1911 729 1974 eclipticae,
769 1925 894 1973 quae
935 1917 1009 1960 est
1045 1912 1118 1960 illi
1157 1926 1183 1961 e
1223 1911 1459 1960 diametro
1499 1912 1764 1975 contraria,
1801 1925 2087 1973 rursumque
2125 1909 2220 1958 hac
2258 1911 2443 1959 oriente

192 1982 287 2032 Sol<
319 1982 534 2033 occidat:
585 1983 810 2046 ecliptica
858 1984 985 2032 enim
1038 1990 1086 2033 et
1123 1984 1325 2033 horizon
1377 1989 1490 2032 sunt
1527 1983 1694 2032 circuli
1738 1985 1962 2043 maximi,
2013 1988 2236 2032 secantes
2274 1997 2326 2031 se
2365 1984 2445 2029 in·
2524 1971 2554 2027 3³·

193 2057 359 2105 vicem
399 2057 447 2103 in
487 2056 650 2119 partes
690 2056 937 2119 aequales
1014 2056 1086 2104 Ex
1127 2072 1184 2106 eo
1227 2059 1373 2120 igitur
1410 2063 1652 2119 tempore,
1699 2055 1894 2119 quando
1933 2055 2020 2105 Sol
2058 2057 2236 2115 oritur,
2293 2069 2451 2118 usque

2518 1523 2533 1566 (ἐκ
2524 1453 2525 1460 ⁴
2524 1391 2536 1418 ’,Α
2524 1313 2533 1346 2¹·
2527 1279 2535 1293 =,

2525 1930 2528 1935 .
2518 1897 2538 1918 g—
2518 1720 2538 1874 ..4-q.,‚⁴÷.2
2527 1698 2532 1707 ,
2523 1664 2529 1677 .-
2516 1615 2530 1652 ⁵?-

2551 1952 2554 1964 -
2542 1915 2543 1918 Α
2544 1892 2545 1900 ⁴
2542 1844 2554 1851 Ἴ
2552 1815 2554 1820 .
2544 1734 2554 1777 .-‘-.
2543 1695 2554 1724 Ι’Δ
2551 1636 2554 1644 Α
2552 1616 2554 1618 .

200 2128 318 2177 dum
360 2129 466 2191 ejus
506 2130 782 2192 oppositum
832 2130 981 2177 oritur
1020 2131 1126 2192 ipso
1166 2129 1441 2189 occidente,
1495 2135 1627 2177 ortus
1666 2129 1757 2178 suit
1793 2130 2070 2178 successive
2114 2127 2446 2177 semicirculus
2527 2140 2529 2146 ·

200 2202 456 2264 eclipticae
504 2208 552 2250 et
587 2201 756 2265 lapsae
803 2207 916 2250 sunt
951 2204 1138 2251 interea
1187 2202 1337 2251 horae
1381 2203 1460 2250 16.
1536 2202 1610 2249 Ex
1648 2216 1705 2251 eo
1744 2216 1860 2251 vero
1900 2209 2140 2265 tempore,
2197 2214 2294 2264 quo
2333 2199 2448 2250 Sole

198 2274 448 2324 occidente
487 2289 599 2338 pars
638 2274 744 2336 ejus
783 2276 1008 2338 opposita
1050 2275 1213 2335 oritur,
1253 2289 1408 2337 usque
1447 2273 1561 2322 dum
1586 2274 1670 2323 Sol
1711 2276 1881 2332 oritur,
1916 2289 2103 2323 rursum
2145 2275 2296 2323 oritur
2331 2287 2447 2323 suc-

203 2349 391 2396 cessive
440 2346 655 2410 reliquus
704 2347 1033 2396 semicirculus
1072 2347 1324 2410 eclipticae
1363 2347 1667 2409 interJectuS,
1720 2354 1767 2397 et
1804 2348 2034 2396 labuntur
2071 2348 2263 2396 interim
2299 2345 2448 2396 horae

201 2425 388 2468 tantum
416 2425 553 2468 octo:
594 2434 718 2468 unus
758 2434 873 2482 ergo
912 2420 1243 2469 semicirculus
1271 2416 1524 2483 eclipticae
1551 2421 1700 2468 oritur
1727 2420 1877 2483 duplo
1902 2421 2106 2470 celerius
2132 2434 2278 2482 quam
2309 2419 2445 2469 alter.
2521 2466 2524 2470 .

351 2484 523 2557 Quare
569 2492 689 2540 dicis
735 2495 792 2541 in
835 2489 1151 2541 Germania?
1200 2495 1283 2541 An
1329 2495 1488 2555 iyitur
1529 2506 1668 2542 unus
1719 2494 1950 2556 idemque
2000 2507 2150 2542 arcus
2195 2493 2447 2553 eclipticae

200 2567 351 2614 unico
388 2580 480 2614 suo
517 2571 659 2614 motu
695 2565 901 2613 diversis
938 2569 994 2613 in
1031 2566 1148 2615 locis
1184 2566 1408 2614 diversae
1445 2566 1707 2614 celeritatis
1744 2573 1838 2630 est,
1890 2573 1936 2615 et
1972 2565 2220 2629 quomodo
2257 2565 2346 2613 hoc
2382 2570 2450 2613 est

193 2637 461 2698 possibile?
499 2635 645 2687 Ortus
672 2644 720 2688 et
759 2652 961 2686 occasus
998 2644 1284 2701 punctorum
1324 2635 1448 2687 coeli
1484 2639 1734 2701 ipsiusque
1773 2639 1896 2688 adeo
1925 2639 2176 2702 eclipticae
2215 2651 2313 2686 non
2339 2636 2447 2686 sola

195 2710 430 2774 sphaerae
463 2712 698 2760 terrestris
738 2711 1098 2772 convolutione,
1138 2711 1224 2760 sed
1262 2713 1456 2774 insuper
1494 2713 1641 2760 etiam
1679 2712 1814 2760 visus
1853 2711 2186 2760 accidentibus
2224 2724 2314 2760 seu
2361 2709 2448 2758 de·

196 2784 500 2845 ceptionibus
553 2789 601 2832 et
651 2783 916 2832 horizontis
960 2785 1308 2846 imaginatione
1362 2789 1566 2832 constat.
1643 2783 1752 2831 Non
1803 2785 1951 2846 igitur
2003 2798 2117 2833 vere
2168 2781 2443 2845 inaequalis

198 2855 399 2904 efficitur
436 2870 562 2904 unus
598 2856 824 2918 idemque
863 2862 1022 2905 motus
1047 2871 1132 2919 per
1171 2856 1365 2905 diversa
1389 2856 1513 2916 loca,
1554 2854 1642 2904 sed
1665 2856 1939 2921 horizontes
1978 2856 2279 2907 diversorum
2304 2855 2443 2904 loco-

196 2941 301 2975 rum
341 2927 560 2978 diversos
599 2934 648 2977 et
685 2931 808 2977 inter
844 2943 896 2977 se
935 2928 1171 2978 distantes
1211 2929 1394 2984 habent
1432 2929 1664 2977 terminos
1703 2930 1949 2978 initiorum
1987 2937 2036 2979 et
2073 2929 2240 2978 finium
2279 2926 2445 2977 circuli

197 3001 581 3062 aequinoctialis,
620 2991 941 3051 coorientiuni
977 3008 1026 3051 et
1064 3000 1386 3050 occidentium
1426 3015 1533 3049 cum
1572 2999 1742 3050 iisdem
1780 3003 1930 3050 initiis
1969 3009 2016 3051 et
2047 3002 2224 3051 finibus
2250 3003 2445 3051 arcuum

202 3071 472 3136 eclipticae.
1763 3124 1765 3126 .

354 3145 458 3194 Cur
496 3154 666 3195 autem
702 3161 808 3196 non
845 3146 978 3195 idem
1015 3149 1168 3195 etiam
1206 3148 1368 3195 evenit
1412 3147 1510 3208 ipsi
1557 3147 1710 3194 etiam
1758 3147 2117 3208 aequinoctiali
2144 3161 2241 3208 per
2278 3146 2446 3195 diver-

196 3232 369 3266 sorum
406 3219 630 3267 locorum
668 3219 984 3268 horizontes?
1025 3218 1154 3281 Quia
1179 3225 1339 3268 motus
1375 3218 1458 3267 ille
1482 3218 1708 3275 Telluris,
1749 3232 1845 3280 quo
1870 3224 2290 3281 repraesentantur
2313 3223 2445 3267 ortus

200 3295 248 3339 et
286 3303 485 3338 occasus
523 3291 756 3351 siderum,
807 3298 881 3341 est
917 3292 1181 3341 secundum
1229 3291 1424 3341 ductum
1463 3289 1847 3354 aequinoctialis,
1886 3305 1983 3339 non
2021 3292 2285 3340 secundum
2323 3291 2447 3340 duc-·

198 3368 303 3411 tum
341 3362 606 3424 eclipticae.
680 3364 800 3412 Inde
838 3367 984 3427 igitur
1022 3367 1198 3424 evenit,
1239 3371 1293 3413 ut
1329 3364 1529 3413 horizon
1569 3369 1617 3413 et
1639 3364 2010 3425 aequinoctialis
2050 3366 2357 3413 circumcirca
2391 3378 2444 3413 se

200 3440 368 3484 mutuo
406 3439 570 3484 secent
607 3436 656 3481 in
694 3436 864 3485 eodem
900 3443 1080 3500 puncto
1125 3438 1404 3496 horizontiS,
1445 3436 1667 3500 ecliptica
1702 3449 1817 3484 vero
1846 3435 2052 3485 diversis
2091 3440 2193 3486 suis
2223 3436 2443 3501 partibus

201 3513 335 3557 secat
371 3507 669 3559 horizontem
714 3510 760 3555 in
800 3512 988 3579 punctis
1027 3510 1256 3570 diversiS,
1308 3512 1464 3573 iisque
1514 3511 1659 3558 etiam
1703 3522 1788 3571 per
1824 3507 2039 3558 locorum
2087 3525 2174 3559 seu
2210 3510 2443 3573 sphaerae

202 3581 498 3645 positionum
533 3579 792 3628 intervalla
831 3580 1173 3631 differentibus,

354 3653 488 3716 Quot
523 3652 683 3701 modis
721 3654 1079 3714 investiyamus
1106 3657 1411 3704 ascensiones
1447 3668 1663 3703 arcuum
1690 3654 1978 3715 eclipticae?
2025 3655 2230 3703 Duobus
2270 3652 2440 3701 modis.

207 3724 309 3774 Aut
347 3726 476 3774 enim
515 3738 653 3774 arcus
691 3724 801 3773 illos
840 3726 1071 3773 sumimus
1111 3729 1380 3788 continuos,
1423 3727 1516 3777 hoc
1555 3732 1629 3787 est
1665 3741 1695 3774 a
1730 3729 1971 3774 communi
2008 3730 2220 3776 sectione
2259 3725 2443 3775 vernali

208 3799 426 3864 inceptos
456 3811 564 3848 cum
594 3804 870 3861 aequatore,
909 3803 993 3847 aut
1013 3796 1264 3866 discretOS,
1291 3800 1384 3849 hoc
1411 3807 1483 3850 est
1509 3813 1606 3850 non
1635 3813 1665 3848 a
1691 3799 1907 3850 sectione
1933 3799 2119 3849 vernali
2142 3800 2438 3865 incipientes.
