2560 4100
924 108 993 154 De
1032 106 1244 164 Epitome
1279 105 1611 154 Astronomiae.
2319 109 2383 156 17

136 255 344 304 libratile
382 269 579 319 vagum,
616 256 667 302 in
704 254 1040 305 antecedentia
1064 257 1273 319 longiori
1301 261 1516 319 tempore
1541 251 1793 317 repedanS,
1834 266 1982 317 quam
2007 254 2057 300 in
2083 267 2385 315 consequen-

139 330 224 389 tia,
262 326 477 389 tardum,
518 342 628 376 cum
666 334 740 377 est
775 329 979 392 planeta*
1012 331 1061 377 in
1099 330 1233 392 long.
1273 328 1457 390 media,
1514 327 1691 388 velox,
1746 332 1853 374 cum
1891 328 1940 374 in
1978 325 2202 390 apsidum
2239 326 2384 387 linea,

139 417 170 449 a
207 415 302 462 quo
358 406 607 464 computat
677 408 861 451 motum
907 402 1078 452 Martis
1116 405 1164 451 in
1204 404 1469 452 eccentrico
1532 399 1801 463 aequalem.
1876 399 1985 448 Hoc
2030 405 2174 463 pacto
2226 399 2387 448 salvat

138 472 366 521 circulum
403 482 622 524 veterum
661 481 967 538 aequantem.
1043 477 1131 524 Est
1166 476 1454 540 hypothesis
1493 475 1840 532 astronomica,
1881 473 2049 534 fateor,
2090 479 2141 522 at
2177 487 2275 521 non
2314 478 2386 521 est

136 545 341 609 physica
379 547 543 595 multis
580 549 890 632 nominibus,
947 551 1062 612 quia
1099 564 1188 598 nec
1225 563 1343 598 vera
1383 554 1481 608 est,
1539 561 1629 595 nec
1666 549 1769 608 ipse
1809 551 1977 593 auctor
2014 561 2182 594 veram
2221 544 2385 595 credit.

136 617 240 680 Ego
278 633 426 684 ver0,
463 622 505 668 si
542 621 702 668 minus
742 637 930 683 veram,
984 623 1159 672 saltem
1195 636 1304 671 mea
1342 622 1570 684 opinione
1610 633 1776 668 veram
1816 618 1953 666 trado
1995 633 2218 680 causam,
2260 634 2385 703 quae

134 690 285 740 multo
323 695 482 742 minus
520 693 669 759 habet
706 695 1021 744 absurditatis
1058 699 1105 743 in
1148 694 1473 758 computando
1514 691 1786 756 compendii
1832 691 1913 740 vel
1962 691 2073 753 plus
2114 692 2190 740 vel
2229 694 2386 740 miuus

133 764 430 817 tantundem,
502 767 627 815 Dico
667 769 810 829 enim,
848 769 1014 817 librari
1050 769 1298 832 planetam
1335 770 1384 815 in
1422 768 1554 815 linea
1591 772 1725 814 recta
1762 779 1932 813 versus
1957 763 2121 812 Solem
2147 772 2383 827 appeten-

132 839 202 886 tia
238 841 531 901 magnetica,
577 855 716 902 q-uae
753 844 802 888 in
842 843 1045 890 diversis
1083 842 1309 890 fibrarum
1348 839 1743 888 inclinationibus
1782 839 1845 885 sit
1883 837 2103 886 diversae
2143 838 2385 885 fortitudi-

133 912 235 973 nis3
275 914 448 961 metior
485 913 612 961 hanc
649 914 980 963 fortitudinem
1019 930 1104 977 per
1141 918 1291 976 sinus,
1334 914 1555 970 effectum
1592 927 1678 975 per
1716 925 1883 959 versos
1911 911 2184 959 anomaliae
2214 925 2386 960 eccen-

133 986 224 1045 tri3
276 999 364 1047 pro
417 989 608 1035 ratione
650 1001 766 1035 vero
817 987 1155 1036 distantiarum
1210 988 1272 1035 ad
1324 986 1488 1036 Solem
1537 986 1663 1034 facio
1715 984 1906 1032 tardum
1957 983 2038 1032 vel
2078 983 2295 1032 velocem
2335 999 2385 1031 re

135 1072 266 1106 vera.
339 1058 645 1122 Hypothesis
684 1066 758 1108 est
793 1061 1012 1125 physica,
1055 1063 1171 1123 quia
1208 1061 1358 1109 habet
1387 1060 1608 1122 exempla
1634 1058 1838 1121 physica
1863 1059 2118 1119 magnetiS,
2160 1063 2233 1105 est
2259 1057 2386 1120 phy-

133 1133 249 1192 sica,
286 1130 380 1180 hoc
418 1139 491 1182 est
528 1133 787 1195 naturalis,
841 1136 958 1197 quia
997 1149 1111 1183 vera
1150 1139 1198 1182 et
1237 1132 1413 1182 educta
1451 1147 1512 1181 ex
1548 1135 1656 1196 ipsa
1692 1137 1869 1178 natura
1906 1132 2094 1178 interna
2133 1144 2387 1192 corporum

129 1202 358 1266 'planetae
398 1211 447 1254 et
484 1205 626 1268 Solis,
667 1212 740 1255 est
775 1206 994 1272 physica,
1034 1208 1149 1270 quia
1184 1207 1356 1255 modos
1395 1220 1562 1254 omnes
1599 1211 1732 1254 tenet
1768 1205 2038 1252 motionum
2063 1203 2384 1266 naturalium3

46 1315 55 1320 .
133 1282 207 1327 est
244 1283 407 1327 tamen
445 1280 590 1328 etiam
627 1282 977 1343 astronomica,
1017 1283 1133 1343 quia
1171 1278 1650 1343 compendiosissime
1688 1282 1852 1341 potest
1889 1279 2159 1340 computari
2199 1292 2387 1340 aequa—

133 1352 201 1398 tio
244 1357 293 1405 et
330 1351 561 1402 distantia
596 1353 843 1416 planetae.
917 1354 1089 1404 Posita
1137 1355 1267 1402 enim
1315 1351 1565 1402 anomalia
1605 1353 1835 1412 eccentri,
1898 1350 2055 1399 datur.
2086 1349 2205 1398 mihi
2252 1352 2414 1422 sinus)

133 1424 239 1486 ejus
277 1425 618 1488 complementi
657 1426 739 1476 vel
777 1442 1021 1477 excessus,
1098 1427 1161 1475 Et
1198 1433 1252 1476 ut
1288 1428 1423 1475 sinus
1461 1432 1594 1474 totus
1633 1424 1695 1474 ad
1734 1425 1876 1485 hunc,
1917 1426 1987 1472 sic
2014 1423 2208 1472 libratio
2237 1423 2384 1472 dimi-

134 1496 216 1546 dia
253 1512 340 1546 seu
378 1502 710 1549 eccentricitas
748 1505 852 1550 tota
890 1501 952 1550 ad
990 1507 1195 1570 partem
1214 1501 1488 1550 librationis
1514 1500 1615 1548 illic
1640 1497 1931 1558 addendam,
1970 1497 2048 1545 hic
2074 1497 2388 1546 auferendam

133 1586 167 1621 a
200 1571 560 1622 semidiametro
599 1574 786 1623 orbitae
825 1566 1067 1638 planetae.
1142 1575 1269 1624 Ecce
1307 1573 1501 1623 facilem
1539 1572 1736 1621 modum
1764 1563 2076 1634 computandi
2106 1571 2388 1619 distantiam

133 1643 263 1692 Solis
301 1651 350 1693 et
384 1645 625 1709 planetae,
667 1652 715 1695 et
751 1652 915 1697 tamen
952 1647 1333 1697 demonstratum
1372 1652 1444 1696 est
1482 1646 1800 1706 solidissime,
1842 1645 1917 1692 his
1955 1644 2228 1693 librationis
2266 1646 2386 1692 sim·-

133 1716 425 1780 plicissimae
462 1719 654 1783 legibus
693 1720 898 1784 effigiari
938 1721 1476 1783 orbitamellipticam,
1530 1725 1583 1768 ut
1618 1734 1714 1767 non
1754 1721 1816 1766 sit
1856 1732 1978 1780 opus
2015 1717 2266 1767 luxatione
2305 1722 2386 1768 to-

92 1836 95 1838 .
133 1793 231 1838 tius
266 1791 502 1854 sphaerae
539 1792 728 1843 Martis.
780 1789 1033 1857 ¹Sequitur
1072 1796 1335 1857 aequatio,
1394 1794 1534 1856 cujus
1573 1799 1686 1841 sunt
1725 1791 1851 1840 duae
1888 1795 2082 1854 parteS,
2140 1792 2301 1854 optica
2340 1797 2388 1840 et

131 1862 363 1928 physica3
403 1867 566 1929 optica
605 1872 678 1917 est
718 1882 778 1916 ex
815 1869 1205 1930 eccentricitate‚
1244 1868 1448 1932 physica
1487 1882 1547 1916 ex
1583 1865 1791 1915 naturali
1827 1865 2055 1913 tarditate
2095 1865 2157 1913 ob
2198 1864 2387 1913 distan-

131 1938 250 1986 tiam
286 1953 317 1986 a
355 1937 469 1989 Sole
510 1943 791 1990 auctiorem.
866 1941 1080 1990 Rursum
1133 1942 1261 1990 hanc
1299 1947 1527 2004 computo
1565 1934 1811 1989 facillime.
1885 1938 2010 1987 Nam
2047 1943 2103 1986 ut
2141 1944 2215 1986 est
2252 1939 2386 1986 sinus

134 2011 409 2061 anomaliae
449 2016 656 2063 eccentri
696 2013 759 2064 ad
796 2019 969 2075 totum,
1011 2017 1080 2064 sic
1120 2022 1195 2064 est
1233 2029 1348 2064 area
1384 2012 1489 2080 (seu
1526 2015 1691 2077 potius
1732 2007 1893 2078 valor)
1933 2010 2164 2074 trianguli
2201 2026 2388 2074 aequa-

131 2085 243 2133 torii
282 2084 347 2134 ad
383 2101 546 2136 aream
586 2087 844 2153 (valorem)
885 2088 1015 2136 illius
1053 2087 1313 2151 trianguli,
1369 2087 1586 2150 quodin
1625 2084 1872 2134 anomalia
1910 2085 2071 2134 media
2109 2090 2229 2147 stat,
2281 2086 2386 2134 exi-

133 2163 266 2206 stens
306 2161 520 2208 omnium
544 2163 837 2213 maximum.
914 2160 1163 2223 Quantum
1201 2167 1365 2210 autem
1404 2161 1583 2221 valeat,
1623 2162 1747 2221 inter
1784 2160 1925 2207 initia
1950 2160 2113 2206 statim
2142 2164 2385 2221 computo,

134 2235 495 2295 comparatione
533 2234 639 2297 ejus
679 2235 740 2285 ad
779 2250 943 2285 aream
983 2236 1163 2296 circuli,
1218 2250 1344 2298 quae
1382 2236 1422 2283 si
1460 2234 1595 2282 valet
1634 2234 1864 2296 temporis
1902 2231 2187 2281 revolutorii
2224 2238 2388 2296 partes

136 2305 246 2365 360⁷
277 2319 459 2373 omnfeS,
499 2308 641 2366 facile
681 2310 1000 2370 constituitur,
1042 2315 1162 2372 quot
1197 2311 1386 2369 minuta
1424 2314 1472 2356 et
1503 2306 1719 2357 secunda
1744 2306 1908 2355 valeat
1934 2306 2163 2368 trianguli
2190 2302 2389 2354 maximi

51 2382 60 2391 “
133 2391 261 2428 area.
338 2379 490 2430 Vides
546 2385 876 2445 operationem
917 2384 1109 2432 unicam
1159 2396 1246 2445 pro
1284 2397 1382 2431 una
1419 2387 1555 2446 parte
1596 2382 1930 2443 aequationis,
1981 2395 2106 2442 quae
2147 2380 2385 2464 exprimit,

133 2458 368 2514 quantum
404 2458 635 2518 temporis
673 2457 738 2504 sit
773 2457 1050 2505 absumtum
1088 2458 1140 2504 in
1178 2470 1294 2504 arcu
1333 2454 1605 2504 anomaliae
1632 2455 1839 2503 eccentri
1877 2452 1959 2517 (ab
1985 2453 2079 2501 hoc
2116 2468 2162 2501 n.
2191 2454 2384 2516 incipiO,

74 2536 76 2538 ’
131 2539 230 2573 non
267 2542 299 2575 a
335 2533 566 2590 tempore,
605 2529 736 2577 facili
776 2527 1036 2595 cautione).
1112 2529 1286 2578 Restat
1322 2529 1513 2592 reliqua
1537 2533 1650 2592 pars
1676 2528 1985 2590 aequationis
2014 2529 2192 2589 optica
2256 2525 2387 2574 Rur-

135 2612 242 2646 sum
279 2599 359 2648 hic
395 2607 505 2650 utor
542 2603 650 2650 sinu
689 2603 1028 2666 complementi
1066 2602 1148 2652 vel
1187 2605 1412 2652 excessus
1452 2600 1724 2652 anomaliae
1763 2601 1983 2660 eccentri,
2025 2602 2102 2649 cui
2139 2598 2267 2649 addo
2306 2599 2388 2649 vel

138 2671 339 2721 detraho
380 2677 813 2741 eccentricitatem‚
867 2682 916 2725 et
953 2682 1008 2725 ut
1045 2676 1276 2725 distantia
1313 2676 1540 2740 planetae
1580 2691 1609 2724 a
1647 2675 1760 2724 Sole
1799 2674 1861 2723 ad
1899 2673 2024 2722 hanc
2060 2673 2265 2736 factam,
2315 2674 2386 2721 sic

26 2791 29 2802 ,
104 2746 269 2816 ‘sinus
304 2751 437 2796 totus
476 2747 539 2797 ad
577 2750 735 2797 sinum
777 2750 1120 2813 complementi
1159 2749 1240 2799 vel
1279 2764 1507 2799 excessus
1546 2748 1820 2798 anomaliae
1860 2752 2174 2808 coaequatae.
2257 2751 2387 2807 (Nota

134 2825 180 2864 in
209 2836 366 2875 marg.:
403 2821 661 2871 Anomalia
698 2822 884 2872 media:
925 2829 1140 2887 tempus;
1181 2824 1426 2872 anomalia
1465 2825 1700 2872 eccentri:
1741 2835 1904 2882 arcus;
1956 2819 2201 2869 anomalia
2239 2834 2386 2870 coae-

136 2899 312 2955 quata:
351 2892 597 2958 angulus.)
671 2895 749 2944 Ita
788 2911 847 2945 ex
884 2898 1130 2946 anomalia
1168 2899 1377 2946 eccentri
1409 2902 1636 2959 computo
1660 2895 1870 2944 mediam
1894 2908 2099 2955 sursum,
2141 2908 2386 2957 coaequa-

135 2972 234 3015 tam
273 2965 529 3029 deorsum,
587 2974 642 3018 ut
677 2970 851 3031 sciam,
894 2972 971 3019 cui
1007 2970 1198 3020 mediae
1238 2985 1363 3033 quae
1403 2974 1674 3032 coaequata
1710 2967 2024 3030 respondeat;
2075 2968 2227 3017 tribus
2267 2982 2387 3031 ope-

134 3041 404 3089 rationibus
444 3041 565 3090 duas
603 3057 681 3092 res
719 3046 1047 3106 necessarias,
1089 3044 1392 3104 distantiam,
1445 3044 1507 3092 ob
1545 3043 1908 3105 proportionem
1948 3042 2151 3102 orbium,
2193 3048 2240 3091 et
2276 3041 2387 3089 lon-

135 3112 400 3175 gitudinem
459 3118 665 3164 eccentri
716 3118 806 3165 sub
863 3117 1065 3167 zodiaco
1122 3123 1470 3179 coaequatam,
1530 3116 1592 3164 ob
1647 3115 2037 3163 commutationis
2076 3113 2384 3164 anomaliam.

136 3184 290 3235 Vides
326 3187 448 3235 nihil
488 3190 719 3239 interesse
758 3192 1111 3252 astronomiae,
1151 3191 1355 3254 physica
1392 3191 1455 3238 sit
1491 3188 1805 3253 hypothesis,
1846 3204 1910 3236 an
1947 3189 2086 3247 ficta,
2126 3186 2387 3236 dummodo

137 3265 472 3322 computemus
524 3261 654 3311 inde.
733 3262 921 3325 Quodsi
958 3263 1264 3326 fatigandum
1302 3269 1376 3312 cst
1414 3263 1662 3312 cerebrum
1699 3264 2008 3325 perceptione
2043 3262 2185 3311 fictae
2224 3262 2388 3325 hypo-

138 3329 329 3381 theseos
367 3333 427 3383 de
465 3334 672 3399 sphaera
708 3335 926 3397 luxatili,
976 3351 1198 3399 apogaeo
1238 3351 1394 3399 vago,
1453 3337 1569 3399 quin
1607 3338 1771 3399 potius
1789 3331 2040 3398 „fatigetur
2077 3337 2387 3398 perceptione

137 3402 465 3468 hypotheseos
503 3409 762 3473 physicae,
806 3425 903 3473 qua
942 3410 1171 3471 ostendo,
1213 3409 1456 3473 quomodo
1494 3409 1722 3473 planetae
1762 3415 2049 3458 moveantur
2085 3409 2197 3472 lege
2233 3414 2386 3457 state-

140 3490 236 3540 rae,
274 3482 428 3529 vectis
465 3488 552 3531 aut
589 3478 760 3549 librae,
798 3484 1033 3532 librentur
1070 3482 1132 3531 ad
1172 3482 1337 3532 Solem
1375 3489 1423 3532 et
1461 3498 1491 3532 a
1527 3483 1642 3532 Sole
1680 3483 1788 3545 lege
1828 3483 2079 3544 magnetis

281 3552 486 3617 Eclipsis
524 3570 736 3619 nuperae
776 3556 1053 3605 observatio
1092 3556 1209 3604 mihi
1246 3557 1338 3605 fuit
1374 3558 1663 3619 gratissima,
1705 3557 1871 3619 accipe
1897 3557 2113 3604 vicissim
2141 3560 2188 3604 et
2213 3569 2385 3614 meam,

144 3628 193 3671 et
234 3620 517 3693 ἀδολεσχιας
552 3629 662 3679 loco
702 3629 1164 3680 demonstrationum
1203 3620 1252 3679 et
1288 3629 1462 3680 calculi
1508 3631 1624 3679 boni
1673 3629 1883 3680 consule.
1959 3628 2186 3679 Nondum
2224 3627 2387 3677 calcu-

142 3693 243 3746 lum
276 3699 498 3750 subduxi.

288 3770 352 3821 D.
378 3773 439 3822 D.
477 3774 699 3837 R'oslino,
740 3776 934 3839 quando
963 3777 1032 3825 ita
1058 3776 1166 3824 Deo
1193 3770 1370 3834 visum,
1411 3777 1708 3840 gratulemur
1734 3782 1946 3827 aetatem
1972 3783 2205 3836 exactam,
2247 3774 2388 3835 quie-

145 3845 241 3890 tem
275 3850 477 3925 partam.
533 3849 943 3902 ‘Fundamentum
981 3851 1141 3914 ipsum
1179 3851 1393 3902 tenuisse
1431 3865 1528 3901 non
1569 3851 1756 3902 dubito.
1829 3850 1966 3900 Deus
2003 3852 2284 3900 misercatur
2311 3847 2389 3896 vi-

230 3941 383 3983 Kopion
406 3944 531 3988 opera
554 3948 618 3984 VI.
2012 3925 2043 3970 2
