2554 4140
132 112 137 121 ‘
211 109 315 159 520
1050 63 1286 154 Epitomes
1314 95 1632 142 Astronomias
1668 82 1705 111 ‘⁴

209 268 331 304 nens
384 252 506 311 fixa,
563 248 819 312 posteriori
873 260 1070 310 quoque
1119 259 1248 295 anno
1300 206 1448 294 distet
1499 245 1693 323 longius
1730 261 1762 296 a
1797 247 2038 307 sectione,
2090 259 2178 295 seu
2223 244 2459 309 principio

209 326 398 376 zodiaci
437 320 677 371 mutabili.
1763 343 1769 346 -

356 395 489 456 Quid
522 390 767 456 transfert
789 394 1037 452 sectiones,
1076 406 1164 439 seu
1201 389 1328 452 quid
1345 390 1472 452 facit
1508 390 1788 451 eclipticam
1815 392 1879 440 ab
1917 391 2278 453 aequinoctiali
2302 393 2462 438 secari

209 470 324 518 aliis
361 474 408 516 et
443 468 559 515 aliis
593 465 832 528 punctis?
882 464 1142 513 Inclinatio
1193 477 1282 511 seu
1317 463 1514 510 reflexio
1551 464 1656 510 axis
1687 463 1853 524 illius,
1904 465 2031 512 circa
2069 479 2214 526 quem
2252 464 2347 512 sibi
2383 463 2463 509 in-

213 543 362 589 situm
408 539 582 602 globus
621 538 831 587 Telluris
881 537 1051 586 diurno
1090 541 1224 584 motu
1278 534 1517 596 volvitur,
1567 540 1623 583 ut
1667 534 1771 597 jam
1825 535 2039 599 allegato
2090 536 2173 586 fol.
2215 539 2334 585 273.
2375 549 2463 584 ex-

209 613 448 677 plicatum
486 617 574 660 est.

381 694 436 738 In
473 693 704 738 schemate
746 692 974 750 praesenti
1017 657 1180 736 circulo
1214 690 1331 735 CLD
1370 689 1651 748 intelligatur
1689 705 1908 749 expressa
1943 706 2050 750 pars
2090 693 2170 738 illa
2211 693 2465 750 superficiei

208 760 423 816 fixarum,
456 771 572 816 quae
602 759 904 805 communicat
935 772 1036 803 cum
1068 770 1183 802 zona
1211 756 1387 812 frigida.
1448 757 1518 802 Sit
1547 757 1754 802 nimirum
1783 758 1916 814 polus
1947 759 2182 816 eclipticas
2216 764 2329 815 sept.
2359 759 2465 802 Pto-

208 827 381 871 lemaeo
414 825 471 880 O,
510 825 640 871 nobis
676 826 726 870 P.
784 826 914 870 Intus
953 837 1058 867 vero
1101 822 1149 869 in
1187 821 1415 878 profundo
1460 822 1681 878 sphaerae
1722 823 1926 879 proxime
1966 829 2170 868 centrum
2208 825 2268 868 sit
2307 821 2466 878 globus

211 891 393 948 Terrae,
419 891 557 948 cujus
590 890 772 935 dimidia
801 902 907 947 pars
939 886 1041 934 axis
1065 886 1326 946 porrigatur
1355 899 1512 932 versus
1543 892 1763 944 punctum
1792 887 1986 932 fixarum
2014 889 2055 933 E
2086 895 2286 946 tempore
2316 888 2466 933 Ptole-

210 955 348 1014 maei,
387 957 571 1003 residua
604 970 710 1014 pars
744 969 900 1000 versus
932 959 1150 1012 punctum
1189 953 1408 1010 sphaerae
1448 953 1704 1010 oppositum
1745 954 1792 998 in
1833 966 1950 997 zona
1991 953 2193 999 australi.
2252 955 2468 1000 Manente

647 1052 729 1093 mg·
754 1050 810 1086 98.
1254 1031 1359 1063 vero
1398 1018 1539 1064 Terra
1574 1019 1780 1076 proxime
1832 1023 2035 1064 centrum
2077 1014 2322 1078 sphaerae,
2371 1019 2468 1064 axis

824 1090 828 1096 ’
1257 1086 1425 1130 Terrae
1470 1099 1608 1142 super
1654 1085 1855 1142 corporis
1909 1090 2063 1129 centro
2118 1083 2242 1130 velut
2283 1085 2468 1130 immoto

1254 1151 1392 1195 fuerit
1421 1150 1688 1207 inclinatus,
1728 1158 1780 1195 ut
1819 1155 1925 1207 post
1955 1150 2265 1194 Ptolemaeum
2295 1150 2354 1194 ad
2382 1149 2472 1198 alia

1255 1222 1391 1274 atque
1434 1216 1524 1261 alia
1552 1221 1724 1274 puncta
1761 1215 1922 1261 circuli
1946 1215 2002 1272 E,
2032 1216 2085 1271 F,
2116 1216 2179 1272 M,
2210 1214 2471 1271 respiceret,

1253 1351 1358 1395 Jam
1397 1361 1504 1394 vero
1541 1348 1621 1393 fol.
1669 1349 1763 1394 189.
1811 1347 1980 1393 dictum
2025 1351 2119 1404 est,
2163 1346 2328 1390 lineam
2374 1346 2471 1390 axis

1255 1415 1425 1460 Terrae
1466 1413 1800 1471 continuatam,
1839 1413 1917 1459 ubi
1953 1413 2000 1458 in
2039 1413 2155 1458 fixas
2194 1412 2372 1469 incidit,
2409 1411 2473 1456 ibi

1256 1481 1435 1538 signare
1463 1479 1618 1537 polum
1649 1480 1804 1524 mundi
1839 1493 1922 1524 seu
1951 1477 2187 1535 sphaerae.
2246 1479 2362 1523 Erat
2390 1477 2472 1535 igi·

1252 1552 1328 1590 tur
1359 1545 1466 1590 olim
1494 1544 1628 1602 polus
1659 1545 1881 1601 sphaerae
1903 1544 2025 1602 apud
2045 1544 2160 1588 fixas
2179 1544 2220 1588 Ε
2254 1550 2299 1590 et
2327 1550 2472 1589 trans·

1259 1611 1340 1656 ivit
1370 1623 1515 1667 usque
1546 1610 1603 1655 ad
1633 1610 1750 1655 fixas
1780 1610 1834 1656 F.
1894 1611 2034 1668 Atqui
2065 1611 2105 1656 si
2124 1609 2161 1654 O
2181 1610 2315 1667 polus
2337 1609 2472 1666 eclip-

1255 1677 1388 1733 ticae,
1419 1677 1459 1720 E
1490 1676 1625 1734 polus
1654 1674 1824 1731 mundi,
1855 1676 1934 1722 OE
1954 1676 2147 1722 circulus
2177 1690 2366 1733 magnus
2389 1677 2475 1721 erit

1257 1742 1439 1787 colurus
1490 1741 1790 1787 solstitiorum
1842 1747 2045 1800 tempore
2095 1740 2372 1800 Ptolemaei,
2429 1749 2475 1789 et

1255 1807 1332 1852 PF
1362 1812 1568 1865 tempore
1608 1814 1778 1853 nostro.
1841 1809 1967 1853 Sicut
1996 1808 2133 1866 igitur
2168 1807 2301 1865 polus
2333 1812 2472 1854 retro·
2529 1847 2535 1859 ,

1257 1873 1396 1919 cessit
1427 1873 1483 1918 ab
1515 1873 1554 1917 E
1587 1873 1633 1917 in
1664 1874 1725 1931 F,
1758 1873 1822 1918 sic
1853 1874 1986 1918 etiam
2016 1880 2186 1931 puncta
2217 1873 2473 1918 solstitialia

1255 1939 1301 1983 in
1333 1938 1538 1995 subiecta
1573 1940 1767 1996 sphaera
1797 1946 2167 1986 retrocesserunt.
2230 1940 2317 1986 Sed
2350 1939 2472 1986 colu-

1258 2018 1335 2049 rus
1367 2006 1757 2061 aequinoctiorum
1788 2012 1912 2051 secat
1945 2006 2149 2052 colurum
2180 2005 2473 2051 solstitiorum

1258 2071 1303 2113 in
1334 2069 1452 2126 polis
1493 2070 1647 2120 mundi
1679 2070 1736 2114 ad
1772 2072 1965 2129 angulos
1995 2077 2161 2116 rectos.
2209 2070 2337 2115 «Olim
2368 2083 2474 2126 ergo

1254 1284 1528 1339 tandemque
1559 1288 1717 1327 nostra
1738 1287 1886 1327 aetate
1917 1286 2094 1337 spectet
2112 1281 2158 1325 in
2178 1284 2396 1338 punctum
2416 1279 2470 1323 F.
2540 1299 2546 1304 ·

1259 2136 1324 2180 EI
1355 2136 1413 2181 ad
1446 2141 1595 2180 rectos
1625 2135 1712 2192 ipsi
1728 2137 1808 2181 EO
1841 2137 1928 2182 fuit
1958 2137 2139 2182 colurus
2168 2137 2473 2192 aequinoctio·
2551 2160 2554 2170 ›

149 2242 154 2246 «
220 2221 347 2264 rum,
366 2212 412 2252 et
439 2205 575 2252 hodie
605 2210 675 2251 est
704 2204 800 2262 FK,
832 2204 891 2249 ad
921 2210 1071 2250 rectos
1101 2203 1189 2261 ipsi
1222 2203 1313 2248 PF.
1373 2203 1516 2259 Igitur
1548 2207 1594 2246 et
1623 2203 1971 2259 aequinoctialia
2000 2209 2171 2279 puncta
2200 2209 2474 2249 retrocesse-

220 2279 339 2332 runt,
371 2274 484 2318 haec
514 2284 619 2315 vcro
651 2275 757 2314 sunt
788 2270 1009 2316 sectiones
1041 2269 1276 2327 eclipticas
1307 2275 1352 2314 et
1382 2268 1722 2325 aequinoctialis
1754 2275 1962 2320 mutuae
1999 2270 2046 2314 in
2077 2283 2195 2326 quae
2225 2270 2475 2314 continuati

221 2339 286 2383 EI
315 2337 495 2383 colurus
527 2340 572 2380 et
603 2334 682 2378 OG
712 2334 963 2380 latitudinis
996 2335 1189 2394 circulus
1221 2340 1512 2392 concurrunt;
1555 2335 1619 2380 sic
1659 2334 1792 2379 etiam
1823 2335 1905 2380 FK
1938 2339 1982 2379 et
2013 2335 2120 2391 PH,
2164 2333 2230 2378 illi
2271 2339 2482 2392 tempore*

223 2404 445 2461 antiquo,
439 2403 502 2447 hi
531 2407 734 2458 tempore
764 2406 934 2447 nostro.
2553 2460 2554 2464 Ἰ

367 2480 526 2542 Atqui
563 2492 669 2528 non
707 2478 818 2526 licet
853 2480 910 2526 in
948 2478 1204 2541 hypothesi
1247 2462 1534 2540 Cepernici,
1583 2477 1766 2526 Terrae
1803 2483 2030 2525 centrum
2069 2460 2256 2538 ponere
2294 2478 2476 2526 immo·
2551 2505 2554 2548 2

169 2598 177 2602 ,
223 2532 318 2601 bile
365 2554 423 2600 in
469 2557 641 2600 centro
690 2550 886 2599 mundi.
967 2551 1148 2599 Verum
1189 2556 1288 2599 cst:
1340 2550 1490 2600 linea
1519 2552 1623 2599 axis
1663 2550 1865 2610 Terrae,
1917 2551 2200 2598 continuata
2250 2552 2475 2611 utrinque

221 2638 376 2688 usque
416 2623 478 2673 ad
515 2623 665 2684 fixae,
717 2623 1045 2673 circumfertur
1082 2637 1199 2673 sane
1238 2625 1364 2672 circa
1398 2623 1562 2672 Solem
1601 2625 1649 2670 in
1688 2625 1786 2672 situ
1822 2622 1916 2670 sibi
1954 2624 2047 2685 ipsi
2083 2621 2319 2686 parallelo
2333 2660 2350 2688 ,
2390 2616 2503 2671 dc-'

222 2698 488 2760 scribitque
537 2696 760 2759 utrinque
801 2699 924 2747 inter
973 2697 1095 2745 fixas
1146 2696 1414 2757 orbiculos,
1473 2695 1704 2759 aequales
1744 2696 1849 2745 orbi
1898 2709 2075 2759 magno
2128 2696 2254 2744 circa
2297 2694 2474 2754 Solem,
2534 2752 2538 2755 μ

225 2770 395 2833 quales
446 2769 690 2818 orbiculos
740 2769 871 2832 apud
921 2770 986 2831 E,
1038 2770 1079 2818 F
1131 2769 1269 2819 vides
1317 2783 1597 2832 expressos3
1655 2775 1702 2817 et
1752 2767 1947 2831 quando
2000 2782 2113 2832 pars
2162 2767 2319 2816 lineae
2371 2770 2476 2816 axis

225 2841 616 2908 septentrionalis
676 2848 749 2890 est
809 2844 1024 2905 proxime
1086 2841 1253 2906 polum
1307 2842 1735 2905 septentrionalem
1787 2841 1857 2902 P,
1916 2846 2031 2890 tunc
2091 2840 2307 2902 eJusdern
2363 2855 2476 2903 pars
2534 2879 2540 2886 ,

227 2915 451 2964 australis
499 2920 574 2964 est
619 2917 942 2964 remotissima
989 2933 1018 2964 a
1063 2916 1178 2978 polo
1233 2915 1461 2976 australi,
1514 2921 1562 2964 et
1616 2929 1702 2978 per
1753 2914 2221 2976 compensationem,
2282 2913 2475 2976 quando

225 2990 275 3035 in
313 2989 539 3051 opposita
574 2993 712 3051 parte
764 2991 878 3036 anni
915 3003 1028 3051 pars
1076 2986 1161 3037 illa
1198 2987 1476 3051 longissime
1526 2987 1749 3037 discessit
1786 3002 1816 3035 a
1852 2986 1920 3048 P,
1971 3000 2084 3049 pars
2123 2987 2219 3034 ista
2259 2988 2494 3048 proxime

227 3061 393 3123 polum
443 3059 704 3109 australem
755 3064 973 3110 accessit.
1060 3062 1390 3110 Veruntamen
1436 3061 1489 3117 hi
1545 3060 1747 3109 orbiculi
1804 3059 1936 3123 apud
1989 3059 2052 3118 E,
2112 3059 2152 3106 F
2210 3065 2310 3106 tam
2365 3065 2478 3107 sunt
2535 3073 2537 3105 1

229 3131 377 3181 exiles
431 3138 654 3195 respectu
706 3135 968 3184 immensae
1020 3133 1223 3182 fixarum
1274 3133 1632 3197 amplitudinis,
1682 3139 1736 3182 ut
1786 3134 1870 3180 vix
1908 3136 2117 3193 aequent
2156 3133 2476 3194 quinquagies
2534 3149 2536 3154 ·

232 3204 538 3253 millesimam
590 3205 833 3269 diametri,
889 3207 1001 3257 vide
1054 3208 1177 3256 libro
1228 3207 1316 3254 IV.
1367 3206 1449 3255 fol.
1507 3208 1626 3255 334.
1703 3205 1863 3267 Quare
1913 3218 2077 3252 omnes
2130 3206 2210 3252 isti
2252 3196 2476 3252 ‚omnium
2533 3217 2535 3230 ³

231 3291 464 3325 annorum
503 3278 706 3326 orbiculi
742 3279 796 3340 E,
841 3279 901 3341 F,
955 3282 1256 3329 concatenati
1297 3282 1419 3328 inter
1467 3294 1548 3340 se,
1596 3293 1682 3342 pro
1722 3276 1900 3339 circulo
1938 3275 2143 3339 simplici
2186 3277 2322 3325 EFM
2359 3291 2477 3340 pos-

231 3354 342 3397 sunt
387 3349 580 3410 haberi,
629 3357 796 3414 estque
834 3353 1048 3416 perinde,
1089 3367 1147 3402 ac
1183 3354 1224 3401 si
1261 3352 1440 3402 Terrae
1479 3358 1694 3411 centrum
1732 3352 1781 3398 in
1819 3349 2061 3412 ipsissimo
2108 3356 2271 3399 centro
2310 3349 2476 3399 mnndi

234 3423 516 3485 quiesceret.

385 3506 503 3555 slres
539 3523 655 3570 erqo
693 3517 856 3559 motus
893 3515 949 3561 in
986 3527 1092 3561 uno
1129 3512 1274 3574 qlobo
1320 3512 1530 3560 Telluris
1567 3509 1779 3560 statuis?
1824 3508 1943 3557 Tres
1985 3511 2194 3570 omnin0,
2234 3512 2273 3558 si
2315 3511 2478 3559 omnia

233 3581 527 3640 excutimus,
580 3596 745 3628 verum
782 3583 893 3632 illos
943 3585 1176 3647 subjectis
1217 3585 1468 3633 distinctos
1506 3600 1604 3633 non
1641 3585 1798 3631 minus
1849 3595 1994 3642 quam
2032 3588 2262 3645 ternpore.
2339 3581 2509 3640 Unus,

236 3659 315 3705 est
337 3652 485 3702 centri
525 3654 650 3700 circa
676 3652 839 3702 Solem
877 3671 1080 3718 annuuS,
1123 3658 1182 3706 de
1222 3672 1318 3720 quo
1355 3657 1480 3706 libro
1520 3657 1618 3715 V1;
1658 3655 1779 3705 alter
1806 3660 1880 3703 est
1919 3655 2023 3702 axis
2048 3655 2294 3704 inclinatio
2333 3670 2475 3704 secu-

232 3726 348 3779 laris
373 3739 517 3793 super
543 3731 703 3774 centro
733 3730 960 3790 corporis,
1003 3730 1061 3779 de
1089 3744 1184 3792 quo
1224 3731 1303 3779 hic
1330 3732 1544 3794 agimus3
1576 3729 1745 3778 tertius
1775 3732 1848 3775 est
1873 3729 2083 3791 corporis
2113 3728 2310 3777 diurnus
2349 3729 2500 3788 circa,
2529 3765 2532 3795 :
