2554 4140
957 145 1186 220 Praefatio
1216 149 1262 192 et
1292 145 1542 204 Epistolae.
1572 125 1573 130 ’
2309 148 2411 199 617

163 294 407 352 quidquam
453 295 610 340 deesse
649 293 867 352 amplius,
925 306 1060 350 quam
1098 297 1150 338 ut
1192 291 1484 349 Imperatoris
1538 298 1690 338 sumtu
1742 292 1924 338 videant
1965 291 2117 338 lumen
2155 291 2414 350 publicique

156 368 273 423 juris
303 367 431 412 fiant.
511 365 622 426 Ipse
661 364 901 426 Keplerus
953 365 1110 412 amico
1164 362 1472 425 Berneggero
1531 365 1756 412 nunciat:
1808 363 2025 412 Tabulas
2076 359 2413 426 Rudolphinas

162 451 222 485 ex
258 442 396 498 patre
425 437 667 500 'Tychone
706 438 866 486 Brahe
906 442 1165 499 conceptas
1204 436 1318 484 totis
1358 437 1424 482 22
1466 438 1605 483 annis
1646 443 1781 485 utero
1819 438 1948 499 gessi
1988 437 2320 498 formavique,
2361 443 2415 484 ut

159 509 453 572 pedetentim
492 510 723 558 formatur
760 510 936 569 foetuS,
978 517 1026 559 et
1062 523 1190 561 nunc
1229 522 1339 557 ecce
1377 522 1454 556 me
1494 507 1686 557 dolores
1723 517 1891 571 partus
1931 511 2220 572 opprimunt.
2294 508 2414 558 Cre-

161 583 278 641 dito,
318 597 395 630 me
433 585 625 645 proprie
662 583 818 645 loqui.
894 584 966 631 Ex
1002 583 1095 631 hac
1131 584 1376 630 mentione
1416 582 1668 629 commode
1709 585 1757 628 in
1796 582 1929 630 aliud
1967 588 2113 645 caput
2137 583 2413 645 scriptionis

160 655 382 707 devenio,
459 655 588 717 Quid
626 656 841 705 suades?
899 657 1116 704 Absente
1155 669 1232 703 me
1270 664 1518 717 nequeunt
1555 656 1762 718 imprimi
1803 670 1862 702 ex
1897 661 2013 703 voto
2053 669 2162 704 meo
2201 655 2415 715 tabulae,

158 743 248 776 nec
296 730 385 776 erit
436 730 687 792 impressio
727 745 903 793 operae
944 730 1227 788 continuae,
1275 727 1362 776 sed
1414 727 1637 776 divulsae
1687 742 1774 790 pro
1826 741 1877 776 re
1922 733 2052 777 nata.
2130 728 2231 776 Aut
2270 730 2416 791 igitur

158 801 486 865 typographia
523 802 641 850 mihi
682 818 804 866 opus
844 811 917 852 est
954 804 1003 848 in
1043 802 1254 860 Austria,
1295 801 1564 849 autidomo
1602 800 1881 850 abeundum
1910 800 2098 848 diutina
2136 815 2297 864 mora3
2336 816 2416 850 re-

155 874 422 936 linquenda
459 890 594 934 uxor,
636 883 733 925 tres
771 875 977 939 parvuli,
1018 874 1119 922 filia
1144 874 1356 936 nubilis3
1396 880 1480 922 aut
1519 876 1560 922 si
1598 874 1742 922 simul
1781 872 2070 922 adducenda
2097 873 2298 938 familia,
2340 874 2417 922 di-

158 947 384 996 vellimur
421 949 484 996 ab
525 950 710 1009 amiciS,
752 950 1104 1012 exstinguimus
1141 949 1380 1007 notitiam,
1421 948 1611 1009 obrepit
1648 949 1800 996 nostri
1824 947 2031 1010 oblivio,
2070 948 2416 995 nummatiores

157 1023 345 1069 eximus
384 1037 531 1084 quam
569 1029 890 1082 revertemur,
941 1023 1039 1070 situ
1086 1027 1288 1084 pereunt
1325 1026 1410 1069 aut
1448 1021 1780 1082 periclitantur
1826 1020 1980 1068 turbis
2022 1018 2209 1068 bellicis
2242 1021 2417 1082 supel-

155 1093 350 1143 lectilia.
429 1094 615 1155 Quodsi
655 1111 776 1153 eam,
819 1097 925 1157 quis
963 1093 1100 1142 locus
1140 1099 1212 1142 est
1251 1093 1526 1155 eligenduS,
1570 1096 1757 1142 vicinus
1796 1108 1859 1142 an
1895 1093 2153 1141 remotus?
2196 1099 2416 1142 vastatus

156 1183 219 1216 an
259 1168 569 1217 vastandus?
609 1169 718 1217 Hac
755 1183 900 1231 super
937 1182 987 1214 re
1027 1169 1176 1214 statui
1218 1169 1368 1228 primo
1410 1181 1605 1228 quoque
1645 1174 1860 1230 tempore
1901 1166 2124 1214 Caesaris
2164 1167 2418 1229 exquirere

156 1241 478 1290 voluntatem.
555 1241 652 1290 Sed
677 1241 882 1289 multum
923 1241 970 1287 in
998 1239 1316 1302 concipienda
1352 1242 1686 1303 propositione
1714 1242 1926 1298 interest,
1970 1238 2101 1287 domi
2126 1239 2250 1288 bene
2290 1238 2421 1287 deli-

152 1315 349 1362 berasse
389 1316 438 1360 in
476 1322 732 1376 utramque
778 1321 980 1377 partem.
1021 1341 1090 1349 -
1128 1312 1228 1362 Sed
1268 1313 1520 1375 abrumpO.
1597 1313 1674 1361 Tu
1723 1312 1834 1362 vale
1884 1326 2060 1375 meque
2099 1325 2226 1364 ama.
2302 1313 2416 1361 Dat.

164 1383 341 1453 10s20.
382 1387 504 1434 Maii
549 1389 702 1437 1624.
779 1388 952 1436 Lincii.

300 1456 693 1513 Berneggerus
724 1456 980 1513 respondit:
1012 1456 1080 1500 De
1103 1454 1376 1500 Tabularum
1398 1454 1784 1511 Rudolphinarum
1805 1459 1939 1512 partu
1965 1454 2152 1499 mirifice
2175 1454 2420 1510 laetantur,

154 1522 316 1579 quibus
346 1521 392 1565 id
425 1521 518 1566 dixi
549 1529 594 1567 et
625 1523 790 1580 quibus
821 1523 931 1568 talia
963 1535 1112 1578 curae,
1146 1527 1285 1578 utque
1315 1521 1495 1566 favente
1527 1522 1703 1566 Lucina
1733 1521 1995 1578 propediem
2016 1534 2128 1567 ‚eum
2161 1520 2292 1577 edas,
2325 1534 2416 1565 una

156 1600 332 1632 mecum
362 1589 478 1634 votis
510 1589 791 1637 calidissimis
824 1593 1057 1645 exoptant.
1118 1587 1187 1631 De
1217 1586 1316 1632 loco
1347 1587 1567 1643 partionis
1599 1588 1719 1643 quod
1741 1588 1941 1645 quaeris‚·
1965 1587 2260 1643 Argentinam
2274 1599 2421 1631 meam

155 1653 447 1707 nominarem,
480 1655 565 1699 nisi
598 1655 707 1698 mihi
740 1662 784 1700 et
815 1656 871 1699 de
902 1654 1290 1712 typographorum
1324 1654 1597 1698 nostratium
1627 1655 1818 1700 avaritia
1849 1660 1894 1698 et
1924 1653 1980 1697 de
2011 1653 2220 1698 sordibus
2253 1652 2419 1709 eorum,

155 1719 232 1773 qui
262 1719 441 1774 publice
463 1719 574 1763 haec
599 1721 749 1764 studia
778 1721 932 1766 fovere
964 1719 1201 1775 debebant,
1236 1719 1403 1775 optime
1427 1725 1671 1764 constaret
1733 1719 1852 1774 Quid
1884 1719 2002 1763 enim
2033 1723 2113 1762 aut
2142 1717 2198 1762 ad
2230 1717 2420 1763 felicita·
2458 1759 2461 1762 .

95 1796 98 1797 ’
153 1790 244 1828 tem
273 1798 420 1831 meam
452 1787 650 1842 optatius
682 1793 760 1832 aut
789 1787 846 1832 ad
876 1786 1156 1844 posteritatis
1188 1787 1448 1831 memoriam
1479 1786 1580 1831 urbi
1611 1786 1850 1844 gloriosius
1882 1785 2088 1831 accidere
2111 1784 2299 1842 posset?
2333 1789 2416 1830 etc.

154 1852 345 1908 Argent.
377 1853 446 1896 12.
478 1852 589 1897 Julii
621 1853 748 1899 1624.

299 1919 411 1963 Post
432 1933 600 1964 annum
629 1920 744 1964 haec
775 1919 853 1964 dat
883 1919 1163 1976 Keplerus
1194 1921 1505 1976 Berneggero:
1554 1915 1833 1965 Clarissime
1885 1916 2276 1977 amicissimeque
2315 1914 2418 1963 Vir.

157 1988 279 2036 Cum
318 1989 422 2037 heri
466 1989 528 2038 ad
569 1990 629 2039 D.
671 1988 911 2038 Griinthal
951 1991 1188 2038 invitatus
1238 1984 1378 2039 lateri
1425 1991 1576 2039 vestri
1611 1990 1741 2038 D.D.
1797 1988 2051 2038 Gluthenii
2101 1986 2427 2049 adsedissem,-

157 2064 250 2121 iss
274 2077 371 2125 qua
411 2068 483 2111 est
521 2063 849 2124 humanitate,
898 2063 1024 2111 ultro
1064 2079 1140 2111 me
1180 2063 1459 2124 admonuit,
1511 2069 1565 2110 ut
1605 2061 1792 2125 aliquid
1843 2062 1904 2111 ad
1955 2068 2002 2111 te
2038 2061 2288 2126 literarum
2326 2061 2421 2109 sibi

158 2134 397 2184 traderem
435 2135 787 2198 perferendum.
864 2136 1046 2199 Accipe
1064 2138 1228 2202 igitur,
1271 2136 1390 2198 quid
1425 2138 1630 2199 petitum
1669 2138 1718 2182 in
1759 2135 1991 2195 Sueviam
2030 2135 2261 2194 venerim,
2304 2133 2421 2197 quid

159 2214 208 2257 et
245 2209 522 2272 Tubingam
561 2211 775 2258 afferam.
850 2209 966 2258 Jam
994 2211 1055 2258 ab
1092 2224 1219 2258 anno
1256 2209 1387 2272 apud
1417 2210 1581 2258 aulam
1613 2209 1836 2258 Caesaris
1863 2211 2034 2269 institi,
2074 2210 2144 2256 uti
2184 2208 2245 2257 ad
2286 2223 2422 2258 sum-e

156 2288 236 2330 tus
264 2282 382 2330 mihi
421 2283 715 2342 tabularum,
757 2297 880 2345 quas
919 2283 1229 2343 absolverim,
1273 2284 1767 2345 observationumque
1796 2282 2073 2345 Tychonis,
2115 2296 2319 2344 quarum
2357 2283 2419 2330 ab

161 2355 267 2417 ejus
305 2362 458 2404 morte
497 2363 662 2404 custos
700 2357 768 2404 sui
807 2358 980 2404 unicus
1019 2356 1251 2416 idoneUS,
1304 2362 1390 2405 aut
1427 2372 1517 2405 sua
1555 2356 1848 2404 liberalitate
1886 2356 2069 2417 'Caesar
2107 2360 2424 2415 succurreret,

161 2434 247 2477 aut
282 2429 471 2490 reliqua
508 2445 617 2478 mea
643 2429 959 2491 Rudolphina
998 2431 1284 2491 assignaret.
1359 2430 1422 2477 Et
1460 2431 1508 2476 in
1547 2433 1644 2477 ista
1683 2444 1971 2477 consensum
2011 2430 2267 2491 impetravi
2294 2428 2422 2476 Cae-

159 2503 475 2564 sarie,⁸quia
514 2502 563 2549 id
605 2502 783 2550 malui:
832 2501 1020 2564 aliquid
1060 2504 1206 2564 igitur
1251 2503 1463 2565 pendent
1502 2503 1913 2564 Memmingenses
1961 2509 2008 2551 et
2056 2498 2420 2565 Campidunenss

160 2589 263 2634 see,
304 2580 355 2623 at
391 2575 798 2638 NoribergenseS,
854 2575 1052 2635 duplum
1092 2576 1223 2637 ejuS,
1278 2575 1328 2622 id
1368 2581 1440 2623 est
1480 2577 1622 2624 4000
1661 2575 1871 2638 pendere
1914 2575 2081 2637 jussi,
2115 2579 2415 2623 recusarunt.

159 2647 339 2695 Jussus
378 2654 538 2696 tamen
578 2663 709 2708 sum,
752 2649 1004 2711 Augustae
1045 2650 1310 2709 quitantias
1348 2653 1623 2710 permutare
1661 2650 1711 2696 in
1753 2648 2074 2696 defalcatione
2115 2648 2243 2710 ejus,
2285 2646 2417 2710 quod

160 2722 381 2784 proxime
421 2721 705 2770 decernetur
743 2722 804 2770 ab
844 2723 1100 2781 universiS,
1144 2721 1276 2784 quod
1315 2714 1540 2785 equidem
1579 2722 1715 2771 brevi
1744 2721 1845 2770 fieri
1884 2733 2084 2770 necesse
2111 2727 2199 2769 est.
2247 2720 2419 2782 Augu-

157 2796 286 2843 stani
324 2796 495 2844 aerarii
521 2795 752 2857 praefecti
792 2801 844 2843 ut
882 2795 1047 2843 literas
1076 2794 1302 2856 Caesaris
1339 2797 1659 2858 resignarunt,
1701 2796 1866 2857 copias
1905 2796 1953 2841 in
1994 2796 2052 2842 iis
2092 2793 2154 2843 ad
2181 2794 2418 2843 Noriber-

159 2882 335 2929 genses
374 2867 734 2928 desiderarunt,
785 2870 967 2917 incuria
1007 2868 1258 2917 curialium
1297 2868 1669 2918 Vienniensium
1723 2863 1949 2931 omissas.
2019 2868 2097 2916 Ita
2142 2867 2260 2916 mihi
2298 2867 2422 2916 hae-

159 2940 359 2990 rendum
399 2948 473 2989 est
509 2942 604 2997 hic,
647 2942 801 2991 donec
840 2942 1033 2992 Vienna
1070 2941 1355 3005 suppleatur
1395 2941 1642 3003 desectus3
1684 2946 1732 2990 et
1767 2940 1979 3001 tandem,
2019 2941 2105 2989 ubi
2131 2942 2421 3003 quitantiam

37 3021 75 3077 *ἦ
162 3013 381 3063 dederint
422 3014 718 3075 Augustani,
774 3015 987 3063 nondum
1038 3031 1326 3079 persuasum
1381 3018 1470 3064 erit
1507 3015 1971 3077 Noribergensibu5‚
2023 3013 2110 3063 sed
2161 3013 2321 3063 solum
2370 3014 2429 3063 id*

163 3086 401 3147 beneficii,
449 3087 580 3149 quod
622 3089 667 3134 in
707 3088 919 3136 futurum
960 3091 1050 3138 erit
1091 3089 1226 3137 mihi.
1250 3094 1460 3137 cautum.

306 3160 503 3209 Interim
543 3160 936 3224 ego-Tubingam
975 3162 1026 3208 in
1065 3176 1319 3210 musaeum
1347 3160 1594 3210 Maestlini
1635 3160 1904 3209 convocavi
1932 3161 2190 3209 concilium
2228 3159 2420 3209 mathe-

52 3263 81 3299 ‚3
160 3234 447 3281 maticorum
488 3235 728 3293 omnium,
779 3235 863 3294 qui
902 3249 932 3283 a
980 3235 1122 3283 2000
1172 3237 1313 3283 annis
1365 3234 1641 3283 claruerunt
1693 3234 1872 3295 quique
1921 3238 2033 3295 post
2082 3233 2229 3282 futuri
2278 3240 2417 3298 sunt3

38 3298 78 3324 '¹‘
162 3304 351 3354 facilius
392 3308 451 3355 iis
489 3313 562 3355 est
600 3320 892 3368 comparere,
933 3305 1057 3356 adde
1097 3307 1146 3355 et
1184 3308 1468 3365 consentire,
1512 3321 1657 3368 quam
1694 3306 2031 3368 praesentibus
2058 3306 2410 3369 nobiscumque

162 3379 457 3428 viventibus.
533 3379 916 3428 Deliberationis
957 3382 1120 3442 capita
1156 3381 1353 3427 maximi
1394 3380 1619 3427 momenti
1658 3383 1770 3427 sunt
1807 3379 1904 3427 fere
1943 3381 2064 3428 ista:
2129 3377 2176 3445 1)
2212 3380 2416 3429 formam

158 3465 375 3517 >mearum
416 3452 717 3501 Tabularum
766 3452 995 3513 exhibeO,
1054 3452 1106 3515 2)
1146 3458 1306 3499 motus
1347 3451 1491 3500 medii
1532 3465 1627 3499 non
1669 3456 1783 3499 sunt
1819 3451 2028 3515 amplius
2067 3452 2237 3514 medii,
2277 3458 2415 3516 post-

167 3538 311 3586 quam
350 3540 408 3574 ex
447 3526 871 3575 observationibus
912 3524 1287 3587 Regiomontani
1327 3533 1374 3573 ct
1411 3523 1652 3574 Waltheri
1693 3523 1863 3585 didici,
1904 3524 2099 3574 Saturni
2140 3527 2412 3590 praecipue,

166 3599 279 3659 quin
319 3604 367 3646 et
404 3597 548 3647 Jovis
588 3604 635 3647 et
672 3599 843 3648 Martis
882 3597 991 3646 loca
1028 3599 1190 3646 omnia
1227 3612 1313 3660 per
1350 3602 1479 3646 totos
1531 3598 1824 3647 cceentricos
1874 3604 1960 3647 aut
1996 3601 2293 3662 promotiora
2331 3603 2416 3646 aut

166 3671 424 3719 remotiora
461 3677 575 3720 tunc
611 3671 786 3731 fuisse,
842 3686 986 3733 quarn
1036 3670 1126 3718 sert
1164 3669 1390 3718 modulus
1430 3687 1457 3718 a
1497 3669 1779 3720 Ptolemaeo
1816 3671 1879 3720 ad
1917 3670 2200 3736 Tychonem
2241 3671 2415 3719 decur-

168 3756 277 3790 rens
315 3743 651 3805 aequabiliter.
727 3744 900 3806 ltaque
940 3744 1234 3805 aequatione
1272 3742 1475 3791 seculari
1515 3742 1657 3791 suerit
1695 3757 1839 3809 opuS,
1895 3760 2021 3806 quae
2058 3751 2170 3794 ante
2208 3744 2415 3807 plurima

125 3834 129 3838 ·
170 3814 334 3863 secula
371 3815 664 3878 deprehendi
703 3832 798 3865 non
839 3822 1021 3880 potest,
1075 3816 1233 3877 qualis
1274 3817 1467 3863 omnino
1506 3817 1583 3862 sit.
1662 3812 1720 3883 3)
1776 3817 1974 3866 Interim
2013 3820 2204 3866 innixus
2243 3816 2413 3865 mediis

165 3885 268 3949 jam
306 3890 531 3953 cognitis,
580 3895 811 3954 tanquam
851 3890 992 3940 certis
1031 3893 1079 3939 et
1116 3890 1407 3954 aequatione
1445 3887 1650 3939 seculari
1689 3891 1989 3955 carentibus,
2038 3891 2234 3941 invenio
2284 3894 2411 3939 retro
