2560 4100
211 99 275 146 72
852 89 1088 151 Epistolae
1116 89 1302 148 Kepleri
1331 91 1609 148 aliorumque
1637 94 1820 136 mutuae

365 239 647 281 Florianus
677 238 922 293 01110100,
960 251 1085 292 quem
1114 251 1241 291 supra
1269 239 1436 290 saepius
1467 239 1650 278 diximus
1680 243 1723 278 et
1749 238 1988 291 loquentem
2019 239 2336 287 introduximus,
2367 250 2462 278 sen-

216 300 388 340 tentiam
420 310 540 338 suam
571 299 621 338 de
650 299 872 349 hypothesi
895 297 1183 350 Gopernicana
1210 297 1485 348 theosophum
1510 308 1637 346 agens
1669 295 1827 348 (postea
1856 299 2026 338 nunciat
2046 295 2242 350 Keplero,
2277 297 2466 347 „Fratres

190 359 338 398 'Rosei
368 369 435 397 me
467 355 677 407 appellare
708 355 842 396 solent
868 357 1019 397 Ursum
1051 356 1101 395 de
1130 354 1388 408 Vulpibus“)
1418 355 1485 394 his
1514 353 1696 406 Keplero
1736 356 1954 406 proponit:
2007 354 2112 395 Cum
2149 355 2295 405 video,
2342 358 2383 393 te
2419 356 2464 394 in

213 415 374 456 edenda
395 415 588 465 Epitome
618 418 690 454 tua
709 414 915 468 laborare,
947 427 1033 454 non
1062 414 1324 454 incommode
1354 417 1408 467 te,
1439 412 1661 464 antequam
1681 425 1732 452 ea
1750 415 1913 463 integra
1939 414 2125 465 prodeat,
2155 414 2315 453 moneri
2344 424 2465 463 posse

208 475 418 514 existimo.
472 471 639 512 Certum
671 477 745 524 est,
775 474 1024 514 sententiam
1045 472 1372 523 Copernicanam
1402 471 1453 510 de
1482 469 1574 510 loco
1606 475 1647 510 et
1674 475 1792 511 motu
1811 472 1957 512 Terrae
1985 473 2049 511 ita
2077 484 2101 511 a
2129 476 2170 511 te
2202 484 2289 512 esse
2320 471 2463 510 defen-

211 543 320 582 sam,
366 535 414 569 ut
442 529 530 585 illi,
575 531 647 584 qui
691 532 859 583 stupido
891 542 1084 572 sensuum
1104 528 1267 584 judicio
1308 537 1348 568 et
1377 528 1636 568 Aristotelici
1674 531 1831 569 cerebri
1869 532 2016 584 ληροις
2045 531 2182 570 innixi
2212 530 2464 570 acutissimis

211 591 296 629 tuis
330 588 753 640 contemplationibus
792 589 963 640 obloqui
992 590 1086 628 ausi
1124 588 1301 641 fuerint,
1346 586 1471 638 plane
1508 589 1775 638 responsione
1812 587 1988 649 ampliqs
2027 588 2190 638 indigni
2218 589 2462 629 habeantur.

214 648 448 687 Veritatem
477 651 614 687 tamen
645 648 773 698 hujus
802 649 861 687 rei
891 647 1111 687 altioribus
1142 646 1286 685 innixo
1324 646 1555 696 principiis-
1572 645 1745 685 ulterius
1791 646 1985 696 indagari
2023 652 2063 685 et
2099 647 2293 698 persequi
2321 658 2395 696 per
2423 651 2465 686 te

210 706 300 758 (qui
328 703 539 745 liberrime
568 707 613 745 in
645 707 838 746 omnibus
867 704 1178 756 philosopharis
1210 708 1251 743 et
1282 715 1422 743 omnes
1463 702 1594 743 libere
1631 704 1971 755 philosophantes
2010 708 2137 751 amas)
2177 703 2243 743 vel
2284 705 2463 743 maxime

205 763 363 803 licebit.
423 763 481 803 Ut
509 776 605 804 vero
637 768 683 803 tu
712 765 791 804 hoc
820 766 867 803 10
896 765 1063 813 0030110
1094 763 1321 801 animosius
1342 763 1449 812 agis,
1478 762 1642 813 antiqui
1661 764 1910 812 praesertim
1930 763 2159 802 Aristarchi
2179 762 2310 803 Samii
2339 761 2462 802 satel-

195 810 301 860 ‘litio
335 821 538 875 stipatus,
584 823 643 862 ita
670 821 885 862 lubentius
917 834 991 871 030
1021 821 1144 870 10030
1173 821 1457 873 antiquissimi
1485 821 1715 860 Zoroastris
1747 819 1944 860 Chaldaei
1984 826 2024 861 et
2053 819 2170 860 illius
2199 826 2261 860 ter
2290 822 2463 860 maximi

206 879 422 920 Hermetis
462 880 662 932 Aegyptii
704 880 975 920 divinissimis
1017 883 1058 919 et
1097 877 1382 918 subtilissimis
1426 879 1644 930 principiis
1687 880 1857 918 innixus
1903 879 2105 930 incipiam
2153 879 2460 932 quodammodo

207 937 454 978 Aristarcho
483 942 556 978 tuo
589 939 778 992 obloqui.
838 937 1017 980 Solenne
1047 942 1109 977 est
1139 930 1332 977 omnibus
1362 935 1637 990 philosophis,
1668 938 1742 977 sed
1769 937 1913 988 paucis
1935 936 2159 977 admodum
2188 936 2460 991 intellectum,

209 996 424 1036 hominem
457 1008 698 1048 nuncupare
728 1010 1021 1049 μικροκοσμον
1051 996 1179 1047 (quod
1207 1007 1284 1035 nec
1313 999 1380 1050 10,
1411 996 1490 1036 Vir
1518 994 1774 1049 Clarissimo,
1806 1007 1951 1049 negas,
1985 1000 2026 1035 et
2057 1007 2225 1035 causam
2255 997 2356 1049 scis,
2390 1007 2462 1035 cur

207 1066 360 1104 negare
390 1065 478 1094 non
509 1053 694 1109 debeas);
727 1057 761 1095 si
792 1067 889 1095 vero
919 1067 1209 1107 μικροκοσμος
1239 1058 1314 1103 001,
1343 1054 1472 1094 totius
1493 1055 1777 1094 universitatis
1802 1065 1952 1104 scopus
1974 1055 2066 1106 erit,
2096 1055 2143 1094 in
2173 1065 2298 1107 quem
2328 1052 2462 1093 solum

204 1124 352 1153 omnes
385 1116 614 1162 potestates
645 1112 914 1154 collineantes
952 1114 1198 1153 convenient
1226 1114 1272 1152 in
1302 1113 1394 1165 ipso
1433 1116 1634 1166 tanquam
1665 1116 1824 1152 centro:
1857 1112 1968 1152 unde
1998 1117 2037 1152 et
2067 1116 2251 1152 centrum
2282 1124 2459 1163 occupa-

202 1172 267 1210 bit
315 1174 356 1210 et
389 1175 508 1210 extra
547 1175 731 1212 centrum
768 1173 979 1212 hominem
1023 1183 1112 1211 esse
1152 1167 1303 1218 ἀταξια
1344 1175 1517 1210 naturae
1559 1183 1694 1210 rerum
1733 1172 1910 1210 maxime
1939 1182 2173 1222 repugnans
2209 1171 2457 1222 prohibebit.

207 1229 377 1270 Semina
409 1231 519 1269 enim
554 1233 595 1269 et
625 1231 792 1281 quintae
823 1232 943 1284 quasi
974 1231 1176 1270 essentiae
1205 1230 1334 1269 totius
1364 1229 1642 1280 plenitudinis
1673 1229 1856 1282 undique
1885 1230 1976 1279 pari
1999 1230 2147 1269 virtute
2176 1230 2222 1269 in
2243 1228 2453 1269 hominem

203 1287 382 1327 tendunt
414 1292 454 1327 et
479 1289 709 1343 Jaeiuntur,
753 1300 892 1329 omnes
933 1289 977 1329 in
1008 1289 1176 1328 homine
1214 1284 1410 1328 scientiae
1450 1288 1653 1327 habitant.
1713 1287 1823 1327 Dein
1854 1284 1905 1327 ex'
1943 1288 2069 1327 sacris
2108 1291 2149 1327 et
2188 1287 2280 1338 ipsa
2308 1291 2459 1328 natura

207 1350 384 1399 constat,
415 1346 625 1386 hominem
658 1349 787 1387 totius
816 1348 998 1388 visibilis
1031 1351 1239 1387 creaturae
1269 1346 1482 1386 dominum
1513 1358 1602 1386 esse
1633 1349 1674 1386 et
1703 1347 1748 1386 in
1778 1346 1961 1385 medium
1981 1346 2164 1397 paradisi
2186 1344 2457 1398 collocatum3

205 1404 425 1456 paradisus
457 1408 594 1444 autem
624 1406 661 1445 is
691 1417 776 1444 non
808 1410 942 1446 certus
973 1410 1063 1445 erat
1091 1406 1251 1459 hortus,
1283 1404 1357 1445 sed
1386 1408 1478 1444 tota
1506 1405 1687 1444 visibilis
1708 1404 1972 1458 universitas,
2003 1404 2114 1444 unde
2143 1406 2189 1443 in
2218 1404 2342 1455 hujus
2372 1416 2457 1445 me·

206 1463 322 1501 dium
354 1474 378 1500 a
399 1462 615 1512 Scriptura
647 1464 874 1505 collocatus
907 1465 1069 1515 dicitur,
1101 1468 1142 1504 et
1171 1466 1207 1504 is
1225 1464 1340 1504 locus
1371 1463 1545 1503 debetur
1565 1464 1731 1503 mortali
1752 1462 1855 1513 Deo,
1886 1463 1954 1502 cui
1975 1465 2116 1502 omnia
2136 1463 2287 1502 servire
2308 1467 2456 1503 tenen-

200 1525 281 1574 tur,
313 1531 398 1559 non
429 1519 549 1562 alius.
607 1522 827 1563 Praeterea
864 1524 1048 1563 omnium
1079 1524 1237 1563 entium
1270 1525 1454 1562 centrum
1495 1525 1536 1562 et
1565 1523 1679 1572 origo
1712 1524 1753 1561 et
1783 1532 1932 1572 scopus
1963 1524 2026 1561 est
2054 1521 2190 1576 Deus,
2236 1522 2310 1574 qui
2342 1520 2455 1562 solus

198 1580 243 1618 in
278 1582 367 1618 toto
401 1580 558 1619 entium
589 1581 748 1620 ambitu
777 1582 934 1633 ubique
972 1582 1085 1621 idem
1114 1593 1222 1621 unus
1254 1584 1295 1620 01
1322 1581 1479 1620 0101100
1509 1582 1640 1635 viget;
1685 1581 1746 1620 ita
1782 1578 1965 1619 visibilis
1995 1579 2196 1632 mundus,
2242 1579 2457 1632 archetypi

202 1638 267 1677 sui
303 1637 532 1678 invisibilis
572 1639 731 1691 imago,
775 1641 888 1680 etin
919 1652 966 1680 00
996 1640 1110 1680 Deus
1148 1637 1348 1693 visibilis,
1394 1639 1541 1694 homo,
1582 1640 1691 1679 111101
1721 1651 1764 1679 00
1803 1639 1983 1678 invicem
2023 1638 2217 1689 dispositi
2251 1641 2366 1693 sunt,
2415 1644 2455 1679 et

201 1695 552 1750 quemadmodum
582 1697 698 1737 Deus
740 1703 923 1738 centrum
952 1699 1168 1739 universae
1210 1697 1506 1751 plenitudinis.
1548 1698 1610 1750 ita
1637 1698 1761 1738 homo
1798 1700 1984 1736 centrum
2013 1696 2269 1747 visibilium,
2314 1701 2356 1737 et
2384 1709 2457 1749 per

204 1765 459 1805 consequeus
489 1756 534 1794 in
566 1760 719 1799 centro.
779 1757 886 1797 Tum
917 1769 968 1797 ex
999 1760 1139 1797 centro
1171 1756 1409 1797 extenditur
1439 1756 1780 1806 circumferentia,
1810 1766 1893 1795 non
1915 1767 2010 1795 vero
2042 1767 2092 1795 ex
2126 1756 2457 1796 circumferentia

169 1821 172 1825 ’
201 1815 394 1852 centrum
426 1815 704 1856 constituitur.
764 1815 883 1867 Jam,
924 1820 972 1855 ut
1009 1827 1060 1855 ex
1090 1816 1267 1856 historia
1305 1816 1527 1856 creationis
1564 1818 1753 1865 constat,
1787 1825 1838 1854 ex
1868 1817 1975 1854 terra
2015 1818 2056 1853 et
2092 1815 2201 1853 inter
2236 1814 2458 1856 inferiores

204 1875 334 1924 atque
364 1873 595 1924 superiores
624 1884 753 1923 aquas
784 1875 945 1915 extensi
976 1878 1073 1914 sunt
1103 1875 1209 1915 coeli
1238 1875 1312 1929 ita,
1342 1877 1391 1913 ut
1419 1878 1567 1914 terram
1596 1874 1783 1924 undique
1814 1873 1974 1913 coelum
2005 1873 2380 1924 comprehenderit,
2409 1875 2455 1914 in

205 1941 287 1979 quo
320 1930 434 1970 coeio
473 1930 567 1972 dein
601 1933 744 1972 stellae
784 1938 825 1973 et
854 1934 1078 1973 luminaria
1107 1944 1258 1983 magna
1299 1932 1507 1989 collocata,
1531 1936 1629 1973 sunt
1666 1936 1708 1972 et
1737 1936 1844 1976 orta.
1901 1930 2181 1972 Pulcherrima
2216 1943 2310 1972 0001
2338 1931 2454 1974 Mose

196 1987 374 2028 Hermes
406 1991 632 2045 consentit3
679 1992 715 2031 is
746 1993 855 2031 enim
898 1994 957 2032 ita
986 1993 1031 2031 in
1061 1991 1341 2034 Poemandroz
1387 2003 1464 2031 »ex
1493 1991 1691 2032 humidae
1720 1995 1892 2046 naturae
1930 1990 2158 2030 visceribus
2189 1990 2372 2030 sincerus
2403 2002 2453 2033 ac

199 2045 305 2086 levis
334 2047 442 2097 ignis
472 2049 663 2100 protinus
706 2048 874 2090 evolans
905 2051 993 2090 alta
1021 2051 1163 2102 petiit,
1207 2052 1280 2090 aer
1318 2061 1485 2100 quoque
1514 2050 1618 2090 levis
1649 2049 1820 2101 spiritus
1850 2059 1997 2101 parens
2027 2048 2210 2088 mediam
2240 2050 2449 2099 regionem

201 2106 310 2145 inter
339 2106 477 2155 ignem
523 2110 564 2146 et
594 2119 743 2158 aquam
774 2109 1046 2163 sortiebatur,
1091 2112 1200 2148 terra
1239 2118 1336 2149 vero
1367 2112 1409 2149 et
1437 2119 1545 2159 aqua
1581 2109 1641 2148 010
1668 2109 1848 2148 invicem
1890 2108 2112 2147 commixta
2141 2108 2360 2162 jacebant,
2405 2112 2453 2148 01

197 2167 328 2204 terrae
362 2165 491 2205 facies
521 2167 643 2215 aquis
674 2167 821 2206 obruta
850 2169 1043 2219 nuspiam
1072 2170 1243 2218 pateret.
1301 2165 1416 2208 Haec
1445 2167 1528 2207 duo
1551 2168 1645 2207 dein
1676 2171 1881 2208 commota
1896 2170 1995 2206 sunt
2023 2178 2048 2205 a
2068 2166 2277 2217 spirituali
2310 2168 2446 2217 verbo,

195 2222 308 2272 quod
343 2223 403 2261 eis
434 2225 793 2275 superferebatur«
828 2229 907 2268 etc.
966 2226 1114 2267 Totam
1144 2227 1271 2266 etiam
1301 2226 1722 2267 visibiliscreaturae
1749 2225 1985 2266 machinam
2026 2228 2203 2275 quatuor
2234 2236 2450 2277 corporum

193 2282 460 2332 receptacula
491 2283 712 2335 continere,
743 2286 963 2336 antiquum
994 2289 1069 2339 est,
1101 2288 1251 2324 terram
1271 2284 1442 2336 scilicet,
1469 2296 1634 2336 aquam,
1665 2286 1799 2324 aerem
1831 2287 1871 2323 et
1890 2284 2042 2334 ignem.
2101 2283 2169 2324 De
2198 2285 2306 2334 igne,
2338 2284 2452 2335 quod

192 2340 229 2378 is
262 2350 496 2390 supremam
525 2341 673 2381 mundi
703 2339 968 2393 occupaverit
998 2347 1038 2383 et
1068 2343 1264 2382 extimam
1294 2342 1445 2392 sedem,
1476 2354 1597 2383 nemo
1619 2341 1845 2396 dubitabit,
1877 2342 1951 2391 qui
1970 2342 2092 2382 modo
2115 2342 2448 2392 antiquissimam

193 2409 336 2437 vocem
368 2399 562 2450 aetheris,
595 2401 708 2440 coelo
740 2402 996 2452 attributam,
1027 2412 1157 2451 aequa
1185 2402 1302 2442 lance
1333 2405 1374 2440 et
1403 2402 1540 2442 animo
1563 2401 1802 2442 excitatiore
1821 2401 2086 2451 perpenderit
2111 2404 2152 2441 et
2173 2412 2266 2440 cum
2287 2412 2449 2441 omnem

195 2457 336 2505 ignem
366 2457 422 2497 ad
452 2469 630 2509 superna
657 2460 827 2499 tendere
857 2471 1104 2510 omnemque
1134 2460 1310 2511 desuper
1339 2461 1479 2500 venire
1509 2459 1866 2512 animadverterit,
1898 2460 1982 2499 imo
2012 2460 2122 2509 ignis
2151 2460 2285 2510 ipsius
2314 2461 2446 2500 raris-

197 2515 352 2554 simam
383 2519 424 2555 et
454 2518 632 2557 maxime
662 2530 890 2569 expansam
930 2520 1114 2570 corporis
1144 2520 1453 2559 eonsIstentiam
1482 2519 1750 2560 intellexerit.
1812 2518 1970 2557 Locum
2011 2530 2106 2558 vero
2146 2516 2376 2558 maximum
2407 2524 2449 2559 et

195 2573 499 2624 amplissimum
531 2576 641 2625 ignis
673 2582 917 2618 consecutus
947 2581 1022 2631 est,
1054 2582 1102 2617 ut
1129 2578 1305 2619 infinitis
1338 2578 1592 2631 corporibus,
1624 2577 1804 2617 hominis
1836 2587 1961 2616 causa
1988 2577 2146 2617 ibidem
2177 2575 2442 2632 collocandis,

192 2629 330 2671 locum
361 2634 558 2683 praebere
591 2636 734 2685 possit.
2147 2670 2151 2674 .

338 2689 500 2740 Quodsi
530 2704 625 2733 vero
656 2705 775 2744 urges
806 2693 952 2734 Terrae
983 2694 1215 2734 exilitatem
1247 2698 1288 2734 et
1318 2694 1427 2736 Solis
1456 2693 1812 2745 magnitudinem:
1846 2704 1937 2734 0001
1970 2705 2091 2734 omne
2121 2695 2306 2734 centrum
2336 2695 2445 2735 exile

195 2760 284 2789 esse
317 2748 467 2789 debeat
497 2755 538 2790 et
567 2755 703 2792 tamen
735 2755 822 2803 ejus
852 2753 915 2792 vis
946 2764 1019 2804 per
1049 2764 1212 2793 omnem
1244 2753 1613 2794 circumferentiam
1643 2764 1791 2804 sparsa
1820 2753 1889 2805 sit,
1922 2755 1969 2791 ut
1997 2757 2039 2792 01
2067 2754 2114 2792 10
2144 2753 2223 2793 1100
2252 2755 2442 2808 0030110;

198 2819 282 2856 quo
314 2809 426 2847 enim
455 2821 572 2850 meus
602 2811 803 2866 hominis,
847 2814 935 2850 tam
965 2812 1130 2862 augusti
1159 2813 1402 2862 animantis,
1448 2812 1607 2852 domini
1643 2815 1783 2851 tamen
1821 2810 1950 2852 totius
1981 2812 2187 2862 universi,
2232 2824 2317 2852 non
2347 2823 2442 2863 per-

192 2866 344 2915 tingit?
405 2867 492 2907 Imo
523 2869 561 2908 si
591 2881 640 2909 01
670 2869 955 2920 magnitudine
986 2874 1172 2910 centrum
1203 2874 1310 2911 esset
1335 2870 1631 2921 judicandum,
1664 2881 1747 2910 non
1777 2868 1863 2922 Sol,
1905 2869 1978 2911 sed
2009 2869 2162 2923 Sirius,
2206 2872 2281 2924 qui
2310 2873 2444 2922 major

193 2927 256 2963 est
286 2922 404 2978 Sole,
438 2930 622 2966 centrum
652 2928 749 2983 erit,
783 2932 823 2967 et
853 2929 889 2968 si
919 2928 1051 2969 Sirius
1083 2933 1201 2968 e'xtra
1232 2932 1415 2969 centrum
1457 2933 1538 2982 est,
1581 2926 1663 2982 quo
1699 2930 1792 2979 jure
1822 2927 1894 2968 Sol
1933 2928 2043 2967 illud
2081 2930 2328 2981 occupabit?
2387 2929 2442 2968 Et

190 2983 256 3021 vis
286 2984 439 3022 motrix
468 2984 546 3024 illa
575 2987 620 3026 in
641 2986 736 3027 Sole
766 2987 904 3027 adhuc
934 2987 1159 3031 admodum
1187 2988 1356 3028 incertis
1386 2991 1427 3028 et
1455 2986 1672 3038 fragilibus
1703 2987 1851 3026 nititur
1879 2985 2176 3028 fundamentis.
2226 2988 2443 3040 Scriptura

192 3041 234 3081 S.
264 3044 352 3080 tota
381 3045 442 3081 est
471 3055 654 3084 mearum
683 3047 862 3097 partium
892 3049 972 3090 ete.
1509 3075 1512 3078 <

337 3100 549 3141 Postremo
579 3115 742 3144 recurro
773 3105 828 3144 ad
858 3106 1129 3146 auctoritates
1159 3106 1556 3159 antiquissimorum,
1587 3116 1691 3158 quos
1721 3116 1769 3144 ex
1791 3100 2044 3144 revelatione
2075 3104 2218 3144 divina
2248 3117 2323 3146 sua
2351 3108 2440 3158 pri-

190 3157 323 3197 maria
355 3158 548 3208 dogmata
576 3161 769 3202 habuisse
800 3167 923 3202 testes
965 3167 1061 3204 sunt
1097 3165 1316 3214 historiae,
1361 3168 1487 3204 testes
1523 3165 1618 3215 ipsa
1656 3163 1935 3204 sacratissima
1973 3166 2013 3201 et
2049 3163 2174 3213 plane
2212 3165 2440 3205 humanam

190 3218 391 3256 rationem
422 3220 779 3260 transscendentia
809 3221 984 3272 scripta:
1016 3222 1151 3273 major
1183 3235 1277 3273 ergo
1307 3222 1454 3262 horum
1484 3216 1589 3262 mihi
1618 3222 1839 3262 auctoritas
1869 3220 2014 3259 merito
2037 3233 2126 3260 esse
2148 3222 2283 3276 debet,
2315 3235 2438 3276 quam

193 3276 447 3325 reliquorum
480 3278 667 3327 speciosa
694 3290 770 3318 nec
802 3283 868 3319 sat
898 3282 1014 3319 firma
1042 3283 1204 3321 ratione
1234 3285 1304 3321 aut
1345 3281 1600 3334 experientia
1638 3282 1881 3321 confirmata
1917 3279 2125 3328 figmenta.
2186 3279 2438 3321 Concludam

192 3345 285 3383 ergo
330 3346 422 3374 cum
463 3334 603 3376 divino
632 3337 868 3391 Zoroastre,
910 3342 1044 3379 totum
1083 3339 1285 3380 mundum
1324 3352 1374 3380 ex
1414 3341 1510 3390 igne
1547 3344 1589 3380 et
1617 3350 1725 3393 aqua
1754 3342 1795 3378 et
1822 3341 1930 3378 terra
1959 3341 2001 3377 et
2032 3340 2174 3378 omnia
2202 3340 2315 3380 lento
2345 3342 2438 3380 aere

195 3395 384 3432 constare
415 3396 489 3432 etc.
1662 3408 1673 3419 ·

341 3451 423 3492 Sed
452 3463 504 3490 ne
533 3455 643 3503 Justo
665 3454 878 3493 molestior
909 3455 1000 3503 sim,
1033 3456 1176 3495 desino
1208 3459 1249 3495 et
1278 3457 1442 3510 reliqua
1471 3468 1577 3510 quae
1597 3456 1681 3496 dici
1699 3459 1874 3507 possunt
1892 3455 2076 3506 plurima
2104 3457 2149 3495 in
2179 3456 2297 3495 aliud
2326 3461 2434 3497 tem·

193 3508 531 3560 pus'rebervabo.
591 3511 654 3550 Tu
682 3513 870 3563 interim,
903 3513 981 3551 Vir
1012 3512 1270 3563 Clarissimo,
1301 3516 1392 3555 vale
1422 3519 1464 3555 et
1492 3527 1606 3555 meae
1634 3514 1869 3554 infirmitati
1897 3515 2079 3563 ignosce.
2139 3513 2305 3554 Salvere
2333 3518 2435 3566 jube

190 3569 244 3611 D.
278 3567 590 3625 GringaUetum.
623 3571 848 3624 Hizlerum,
879 3571 1191 3611 Rauschardum
1221 3576 1296 3612 etc.
1357 3574 1523 3614 Dabam
1550 3574 1805 3624 Argentinae
1835 3574 1906 3614 31.
1935 3571 2033 3613 Jan.
2064 3586 2103 3612 v.
2134 3577 2183 3613 st.
2218 3575 2343 3613 1617.

263 3671 267 3673 ,
334 3625 504 3677 Kepleri
531 3630 745 3679 responsio
790 3630 1058 3671 desideratur.
1120 3628 1289 3671 Crusius
1326 3633 1493 3672 interim
1526 3634 1798 3683 Argentorato
1839 3631 1946 3670 abiit
1983 3631 2175 3671 secedens
2213 3633 2258 3671 in
2298 3645 2433 3673 arcem

190 3686 527 3739 Rastenbergam,
563 3698 697 3737 „quae
719 3688 803 3726 sita
823 3692 884 3727 est
903 3689 1011 3728 inter
1031 3687 1216 3728 Zvetlam
1247 3693 1288 3728 et
1308 3689 1576 3742 Grembsium,
1608 3691 1663 3730 ad
1691 3701 1934 3740 generosum
1963 3690 2017 3734 D.
2050 3690 2174 3731 Mich.
2206 3690 2430 3744 Zellerum‚

193 3744 404 3795 Rudolphi
436 3745 645 3796 quondam
674 3745 936 3795 Imperatoris
978 3745 1287 3789 camerarium“.
1348 3750 1505 3790 Isthinc
1551 3762 1623 3802 per
1665 3747 1809 3790 literas
1841 3745 1897 3800 (d.
1931 3750 2000 3791 13.
2031 3749 2128 3791 Jan.
2162 3747 2298 3804 1619)
2326 3752 2433 3800 petit

190 3813 216 3844 a
245 3801 448 3854 Keplero,
487 3806 534 3845 ut
565 3804 851 3849 Astronomiae
888 3809 973 3849 tam
1002 3806 1160 3862 primae
1189 3817 1318 3863 quam
1356 3808 1559 3852 secundae
1588 3808 1719 3862 partis
1750 3803 1813 3863 (01·
1835 3809 1921 3860 jam
1956 3807 2160 3860 impressa
2188 3807 2258 3865 sit)
2290 3820 2429 3851 exem-
