2554 4140
250 162 352 211 368
648 156 887 214 Epitomes
917 154 1238 201 Astronomiae
1276 153 1415 200 Liber
1442 154 1660 210 Quartus.
1721 155 1833 201 Pars
1863 155 2085 202 Secunda.

252 305 618 367 archetypicus‚
673 303 917 353 abscindit
967 304 1218 353 modulum
1270 305 1616 353 contractionis
1654 303 1715 353 de
1752 304 1982 364 zodia00‚
2031 304 2092 353 de
2129 318 2226 367 quo
2266 303 2501 353 debentur

250 379 364 426 anni
401 376 608 425 Lunaris
656 375 952 439 longitudini
1006 375 1431 441 proportionaliter
1478 375 1535 424 5⁰
1574 379 1619 424 6¹
1659 379 1772 436 41‘,
1824 376 2028 426 totidem
2074 379 2222 439 igitur
2268 377 2500 440 gradibus

249 452 394 498 etiam
434 448 575 498 Luna
613 449 922 511 sublevatur,
978 457 1035 498 ut
1071 452 1132 498 iis
1171 452 1316 498 etiam
1353 463 1453 497 non
1491 450 1723 497 confectis
1760 451 1808 496 in
1847 450 2007 512 spatio
2045 449 2291 498 mundano
2339 456 2500 499 tamen

247 521 310 570 ad
348 521 514 571 Solem
551 522 720 571 redeat
759 522 1128 583 duodecimum3
1168 523 1345 571 valent*
1373 529 1537 570 autem
1576 521 1721 570 horas
1764 523 1844 570 10.
1885 522 1962 582 4’,
2004 522 2182 584 quibus
2219 522 2399 571 ablatis
2437 523 2500 571 ab

247 590 460 643 inventis
497 593 547 643 ht
594 597 674 644 19.
716 596 820 657 33‘,
858 601 1058 643 manent
1094 596 1143 641 in
1183 594 1455 659 appendice
1493 593 1556 642 ad
1595 593 1699 643 dies
1737 595 1842 643 354
1867 594 2017 642 horae
2043 596 2090 643 9.
2121 596 2224 655 29’,
2264 609 2350 659 pro
2389 597 2502 658 qui-

245 667 338 715 bus
387 668 744 716 astronomicae
789 664 990 716 tabulae
1042 665 1243 716 tradunt
1290 667 1436 715 horas
1478 667 1525 714 8.
1565 668 1680 727 49’,
1731 673 1920 715 tantum
1969 667 2112 716 besse
2159 669 2301 716 unius
2354 666 2502 716 horae

246 740 429 801 minus,
469 754 598 803 quae
636 740 957 789 differentiola
997 739 1105 788 aliis
1131 741 1333 788 minutis
1361 740 1736 788 circumstantiis
1767 740 2046 788 transscribi
2073 746 2248 802 potest.
2303 739 2503 788 Interim

246 813 366 861 satis
405 819 575 863 exacte
614 814 980 877 comprobatum
1020 817 1095 860 est
1132 818 1340 876 utraque
1380 814 1489 873 via,
1531 825 1842 861 numerorum
1881 812 2008 860 hanc
2045 811 2402 861 aberrationem
2440 813 2502 861 ab

245 886 445 948 integris
485 891 534 934 et
569 885 784 950 pulchris
824 899 932 933 esse
972 900 1031 935 ex
1072 899 1309 934 concursu
1347 898 1605 934 causarum
1641 891 1804 933 motus
1842 884 2026 944 Lunae,
2066 890 2299 948 patetque
2338 899 2501 945 causa,

247 971 330 1006 cur
369 958 474 1007 360
511 960 575 1006 sit
610 959 708 1007 fere
746 956 958 1006 medium
996 957 1359 1022 proportionale
1397 960 1523 1006 inter
1558 956 1892 1021 longitudines
1933 971 2184 1020 annornm,
2224 957 2432 1007 Lunaris
2457 964 2503 1007 et

243 1029 433 1080 Solaria
471 1030 660 1081 siderei.
692 1026 768 1098 ⁵³)
