2560 4100
931 106 1000 152 De
1046 105 1258 163 Epitome
1296 107 1623 154 Astronomiae.
2325 117 2392 167 55

291 257 367 305 De
405 256 706 305 connexione
746 254 842 305 diei
881 254 1115 320 Aegyptii
1155 270 1263 304 cum
1303 255 1524 305 Romano
1544 256 1714 306 Lunae
1751 264 1912 309 motus
1949 262 2092 310 nobis
2141 257 2264 310 illud
2304 255 2396 310 du-

153 332 302 390 bium,
344 329 475 391 quod
510 333 563 376 tu
602 341 788 390 moveS,
826 330 1021 392 penitus
1061 331 1291 377 eximunt.
1367 329 1419 378 Si
1459 344 1586 379 error
1623 332 1673 377 in
1710 331 2023 383 Ptolemaicis
2064 333 2395 383 adnotationi-

148 404 238 451 bus
277 402 716 465 aequinoctiorum:
772 407 963 464 oportet
1000 402 1217 465 aliquam
1255 401 1436 451 habeat
1475 418 1700 464 causam,
1741 406 1811 453 sic
1856 412 1910 454 ut
1948 407 2259 456 Ptolemaeus
2297 423 2395 456 non

147 471 422 538 ignorantia
458 474 661 523 rationis
687 479 957 537 temporum
996 476 1358 537 aequinoctium
1396 490 1493 524 uno
1523 475 1598 524 die
1625 480 1955 539 postposuerit
1989 478 2051 545 (si
2083 479 2393 547 postposuit),

147 548 231 596 sed
286 548 457 596 videns
495 547 780 609 volensque.
855 548 980 596 Nam
1034 547 1204 597 cadem
1252 563 1312 598 ex
1350 548 1456 611 ejus
1497 549 1786 598 Calendario
1827 551 2071 614 Aegyptio
2111 561 2395 616 sequuntur,

148 634 272 684 quae
313 635 371 669 ex
408 626 574 668 nostro
611 618 850 682 Romano,
890 622 932 669 si
972 619 1020 668 id
1059 621 1377 684 applicemus,
1453 622 1622 685 Neque
1650 628 1839 670 tantum
1865 631 2133 687 sequuntur
2169 626 2268 688 illa,
2309 627 2395 676 sed

144 700 192 742 et
227 695 321 742 scit
358 693 443 742 illa
479 692 791 742 Ptolemaeus
829 700 877 742 et
914 693 1147 756 inculcat3
1186 697 1411 742 nimirum
1448 697 1571 744 inter
1606 695 1942 760 Hipparchum
1981 703 2030 746 et
2052 698 2390 750 Ptolemaeum

147 781 327 815 annum
367 781 472 815 esse
511 766 739 829 longum,
781 769 897 829 quia
934 769 983 815 iu
1025 768 1130 816 300
1170 770 1309 816 annis
1350 767 1540 816 decedit
1578 768 1708 829 dies,
1761 784 1871 817 cum
1910 777 2078 819 contra
2115 772 2238 820 inter
2275 773 2397 822 Pto-

141 840 381 888 lemaeum
420 845 469 887 et
506 839 856 903 Albategnium
902 842 966 888 sit
1002 855 1156 888 annus
1195 841 1382 901 breviS,
1433 848 1486 889 at
1523 842 1649 890 inter
1685 841 2037 903 Albategnium
2077 850 2126 893 et
2162 859 2250 893 nos
2288 861 2393 895 me-

148 912 322 961 diocris
360 913 464 960 fuit.
542 912 604 960 Et
642 918 695 960 tu
735 916 929 960 omnino
967 919 1097 962 recte
1134 915 1457 973 ratiocinaris,
1496 916 1539 962 si
1577 915 1640 964 ab
1667 913 1950 978 Hipparcho
1989 916 2053 965 ad
2078 930 2168 966 nos
2206 923 2395 967 statua-

149 1001 255 1034 mus
303 1000 482 1034 annum
533 985 865 1048 aequabilem,
921 985 1222 1035 Ptolemaica
1272 988 1584 1050 aequinoctia
1634 1002 1731 1036 uno
1783 988 1859 1037 die
1907 992 2122 1039 anterius
2171 992 2397 1053 ponenda

141 1074 279 1120 esse,
339 1073 485 1121 quam
524 1075 554 1107 a
590 1058 874 1108 Ptolemaeo
920 1066 1034 1107 sunt
1072 1065 1322 1108 annotata.
1399 1060 1466 1108 At
1504 1063 1612 1123 quis
1663 1066 1828 1110 tantae
1869 1068 1942 1110 est
1995 1062 2255 1125 audaciae,
2315 1067 2397 1128 qui

142 1133 300 1197 dicat,
367 1132 704 1180 Ptolemaeum
751 1132 913 1181 studio
963 1132 1139 1181 falsum
1194 1139 1455 1181 annotasse
1502 1134 1650 1198 idque
1698 1138 1871 1183 toties·
1900 1138 2118 1199 repetitis
2171 1138 2397 1197 vicibus?

152 1204 399 1267 Quantum
436 1205 530 1253 hoc
567 1207 615 1252 in
653 1205 947 1269 philosopho
988 1205 1235 1254 dedecus?
1310 1205 1548 1269 Ignorans
1588 1209 1715 1257 enim
1752 1207 1875 1256 nihil
1913 1209 2050 1270 fecit,
2102 1211 2186 1272 qui
2223 1209 2394 1260 Lunae

141 1285 302 1327 motus
341 1280 460 1327 citra
499 1293 706 1328 errorem
745 1281 887 1327 unius
929 1279 1023 1328 diei
1065 1284 1345 1342 computare
1384 1282 1560 1344 potuit.
1636 1281 1742 1329 Etsi
1783 1283 1881 1329 tuis
1919 1297 1995 1332 me
2034 1284 2394 1346 suspicionibus

139 1367 198 1401 eo
235 1351 429 1415 redigis,
469 1357 537 1411 ut,
579 1353 803 1414 quamvis
842 1354 1126 1415 saepissime
1166 1348 1479 1401 tentaverim'
1508 1355 1806 1403 comminisci
1859 1357 2134 1419 speciosam
2173 1359 2394 1406 occasio-

137 1440 249 1473 nem
286 1424 477 1473 errandi
513 1425 798 1475 Ptolemaeo
848 1440 1134 1490 semperque
1181 1426 1356 1474 frustra
1393 1426 1588 1489 fuerim,
1645 1433 1806 1477 tamen
1858 1428 2199 1486 candemiem
2249 1445 2391 1495 porro

140 1513 333 1562 quoque
369 1503 556 1547 tentare
593 1505 820 1547 statuam.

282 1585 359 1635 De
398 1588 753 1636 eccentricitate
790 1601 909 1635 sane
946 1588 1102 1635 minor
1141 1592 1214 1636 est
1252 1585 1533 1648 difficultaS‚
1573 1587 1730 1651 major
1768 1591 1940 1638 erroris
1980 1592 2229 1641 excusatio
2267 1591 2392 1642 Pto-

141 1658 346 1708 lemaeo,
421 1659 547 1708 Nam
585 1658 849 1723 inOpticis
873 1665 941 1717 (ΙΙ.
984 1665 1099 1720 220.)
1138 1659 1482 1720 demonstravi,
1524 1661 1605 1709 vel
1630 1661 1788 1711 solam
1811 1663 2146 1713 refractionem
2166 1667 2216 1712 in
2243 1680 2393 1716 causa

141 1747 248 1781 esse
287 1746 444 1795 posse,
485 1748 568 1782 cur
606 1735 728 1782 inter
752 1733 1104 1783 Ptolemaicam
1143 1739 1191 1782 et
1216 1733 1636 1797 Hipparchianam
1675 1738 2082 1786 eccentricitatem
2122 1738 2390 1789 discernere

140 1805 309 1868 Tycho
351 1820 451 1853 -non
488 1802 731 1869 potuerit.
809 1805 1027 1855 Alteram
1080 1810 1225 1855 etiam
1274 1822 1471 1856 causam
1523 1807 1713 1856 errandi
1760 1816 1812 1857 tu
1862 1809 1981 1859 dicis
2031 1814 2390 1875 proportionem

138 1880 264 1927 inter
307 1881 366 1926 11
411 1885 460 1928 et
500 1881 583 1927 83.
659 1879 741 1929 Sic
779 1879 975 1942 quidem
1007 1881 1112 1943 Jam
1152 1880 1268 1929 olim
1307 1895 1398 1943 ego
1438 1896 1543 1929 sum
1581 1883 1914 1945 ratiocinatuS,
1952 1885 2109 1947 ipsam
2148 1885 2275 1934 hanc
2314 1886 2392 1934 di-

140 1953 376 2001 visionem
432 1952 598 2002 circuli
654 1955 702 2000 in
755 1953 820 2002 83
875 1968 1090 2002 crassum
1139 1956 1388 2018 quippiam
1442 1953 1675 2004 redolere.
1769 1954 2041 2018 Quomodo
2079 1959 2206 2007 enim
2257 1960 2392 2008 illam

139 2032 283 2090 putas
334 2039 441 2074 esse
491 2026 698 2075 natam?
752 2028 847 2075 nisi
895 2029 991 2088 sic,
1046 2027 1177 2090 quod
1214 2027 1563 2076 Eratosthenes
1615 2029 1791 2077 circino
1831 2031 2194 2095 comprehendit
2241 2033 2391 2083 inter-

139 2098 425 2162 capedinem
473 2101 767 2163 tropicorum
819 2114 974 2163 eaque
1026 2100 1454 2149 circulumtoties
1501 2103 1802 2165 peragravit,
1859 2103 2012 2154 donec
2056 2106 2252 2154 tandem
2304 2121 2390 2170 pes

137 2173 301 2221 circini
341 2175 389 2220 in
426 2174 680 2237 pristinum
717 2179 948 2236 punctum
987 2188 1177 2223 rursum
1215 2174 1472 2237 incideret,
1521 2174 1653 2238 quod
1693 2175 1875 2225 factum
1911 2183 2024 2241 post
2068 2174 2127 2226 11
2171 2193 2391 2242 pererra-

139 2247 298 2294 tiones
337 2245 516 2307 circuli,
555 2249 604 2293 in
645 2247 821 2310 quibus
859 2248 1172 2311 intercapedo
1211 2249 1504 2311 tropicorum
1553 2250 1755 2298 inventa
1795 2256 1869 2299 est
1909 2252 1991 2300 83.
2068 2251 2135 2299 At
2170 2258 2282 2316 post
2327 2255 2386 2301 ll

139 2319 302 2367 circini
338 2317 548 2369 lationes
586 2326 962 2369 consentaneum
1003 2327 1089 2382 est,
1129 2335 1398 2370 mensorem
1443 2321 1627 2370 fessum
1667 2336 1774 2372 esse
1813 2329 2051 2388 gratoque
2079 2327 2241 2374 animo
2282 2341 2389 2375 am-

138 2391 286 2455 plecti
325 2392 712 2457 qualemcunque
750 2395 1161 2458 propinquitatem
1199 2396 1368 2457 puncti
1408 2396 1727 2459 octuagesimi
1768 2399 1926 2460 quarti
1966 2398 2030 2446 ad
2068 2400 2296 2462 primum,
2337 2406 2391 2448 ut

139 2479 199 2514 ea
250 2479 337 2528 pro
385 2465 555 2516 iisdem
608 2468 832 2530 accipiat.
908 2465 975 2516 Ut
1024 2462 1122 2517 non
1179 2467 1363 2530 dicam,
1422 2468 1539 2531 quid
1585 2471 1779 2532 peccari
1827 2472 1877 2518 in
1928 2472 1992 2520 83
2044 2473 2388 2536 punctionibus

136 2541 364 2602 potuerit.
405 2544 502 2598 (Ort.
532 2559 573 2598 p.
605 2544 690 2599 36.)

282 2625 360 2675 De
400 2633 577 2676 octava
614 2627 821 2691 sphaera
858 2643 954 2676 non
993 2629 1137 2679 facile
1189 2631 1278 2680 tibi
1315 2633 1364 2679 in
1405 2630 1596 2680 tantilla
1636 2630 1900 2682 differentia
1946 2633 2217 2696 adsentior,
2270 2632 2390 2683 nihil

141 2705 304 2748 tamen
341 2699 501 2749 habeo
553 2715 612 2749 ex
651 2703 771 2750 meis
820 2702 1272 2770 observationibus,
1326 2705 1457 2768 quod
1509 2707 1851 2756 contradicam.
1928 2707 2053 2755 Nam
2091 2722 2150 2755 ex
2190 2710 2286 2771 qu'o
2325 2707 2386 2756 D.

141 2772 473 2836 Tengnaglius
512 2773 729 2823 adversis
768 2775 881 2824 fatis
919 2777 1134 2825 animum
1184 2777 1247 2826 ad
1283 2779 1486 2840 politica
1523 2779 1796 2841 transtulit,
1852 2780 2173 2830 instrumenta
2210 2781 2389 2830 Brahei

139 2852 356 2909 pereunt,
397 2861 585 2909 egoque
624 2847 759 2896 solus
796 2863 1064 2912 supersum,
1107 2852 1191 2913 qui
1230 2851 1528 2920 speculando
1568 2857 1720 2901 artem
1759 2867 1856 2915 qua
1881 2867 2080 2916 possum
2105 2868 2385 2916 promoveo.

141 2917 309 2968 Oculis
346 2919 672 2969 imbecillibus
710 2927 840 2981 utor,
894 2936 985 2971 nec
1023 2923 1255 2972 valetudo
1296 2923 1359 2972 ad
1396 2930 1631 2973 nocturna
1675 2925 1854 2988 frigora
1906 2925 2159 2977 toleranda
2196 2927 2386 2989 sufficit,

139 2995 419 3055 praesertim
459 2993 693 3042 solitario.
772 2992 900 3055 Quid
939 3010 1054 3045 vero
1093 2996 1328 3046 Linciana
1367 2997 1607 3058 conditio,
1661 2996 1724 3046 ad
1764 3012 1909 3061 quam
1942 2999 2146 3063 jamjam
2186 3003 2387 3051 transire

141 3067 368 3114 constitui
404 3065 539 3129 Rege
575 3066 826 3130 probante,
864 3068 1114 3132 profutura
1150 3072 1213 3118 sit
1252 3070 1689 3131 observationibuS,
1729 3076 1922 3135 tempus
1949 3071 2100 3124 dabit.
2178 3074 2302 3124 Vale
2341 3082 2388 3123 et

140 3139 255 3188 boni
294 3139 507 3188 consule.
582 3139 770 3188 Literas
820 3142 862 3188 si
899 3142 1171 3205 scripseris,
1222 3143 1405 3192 suadeo
1445 3142 1508 3192 ad
1560 3142 1723 3193 aulam
1762 3143 1966 3208 Regiam
2018 3146 2224 3210 dirigas,
2276 3146 2386 3196 inde

141 3212 364 3262 Lincium
408 3211 550 3262 facile
597 3213 966 3275 transferentur,
1028 3214 1269 3277 siquidem
1316 3215 1421 3277 Jam
1470 3215 1606 3266 fuero
1670 3218 1929 3281 profectus
2019 3220 2147 3271 Dedi
2197 3221 2385 3285 Pragae

148 3286 227 3334 18.
267 3286 431 3335 Martii
470 3300 597 3335 anno
641 3288 792 3335 1612.

486 3357 597 3407 Nm·
635 3357 731 3407 Du·
779 3360 916 3408 Tuae
952 3359 1337 3410 studiosissimus

1392 3433 1446 3483 J.
1486 3434 1761 3497 Keplerus,

820 3506 912 3556 S⁸0·
952 3504 1047 3554 0⁸⁰·
1086 3502 1187 3553 M¹⁸·
1232 3512 1280 3556 et
1317 3507 1392 3556 Ill.
1433 3506 1661 3559 Austriae
1700 3524 1847 3574 supra
1886 3510 2087 3561 Anasim
2125 3512 2382 3563 Procerum

1389 3579 1781 3635 Mathematicus.

286 3676 403 3727 Quae
434 3678 498 3718 his
529 3681 790 3731 responderit
819 3681 995 3734 Remus,
1042 3691 1123 3720 non
1166 3683 1345 3731 constat3
1389 3684 1658 3734 epistolarum
1689 3686 1815 3725 series
1856 3686 1900 3725 in
1933 3685 2072 3726 codice
2103 3687 2382 3736 manuscripto

146 3734 213 3774 hlc
243 3737 470 3788 interrupta
502 3742 586 3783 est,
633 3738 683 3778 de
714 3751 820 3779 novo
852 3740 1056 3790 incipiens
1086 3749 1196 3778 anno
1229 3739 1392 3781 demum
1425 3743 1547 3782 1618.
1609 3742 1797 3783 Ceterum
1827 3756 1900 3795 per
1928 3746 2165 3795 interiectos
2199 3747 2222 3784 6
2254 3756 2382 3783 annos

146 3803 229 3832 non
260 3796 384 3834 cessit
415 3796 670 3836 consuetudo
701 3797 840 3838 literas
874 3798 1001 3836 dandi
1033 3800 1074 3837 et
1102 3798 1356 3853 accipiendi,
1399 3801 1512 3855 quod
1550 3806 1596 3840 ut
1634 3800 1776 3842 multis
1807 3801 1904 3843 aliis
1933 3803 2101 3843 indiciis
2131 3804 2193 3842 ita
2224 3814 2274 3842 ex
2304 3803 2382 3842 hoc

149 3857 343 3908 apparet,
385 3854 498 3908 quod
534 3865 586 3895 ne
626 3858 752 3897 verbo
789 3857 956 3912 quidem
995 3857 1247 3906 significetur
1282 3858 1519 3901 intermissa
1556 3859 1632 3901 illa
1669 3861 1922 3902 consuetudo
1966 3864 2007 3901 et
2035 3862 2134 3915 quia
2162 3864 2380 3915 sequentes
