2554 4140
872 134 1013 179 Liber
1042 134 1222 180 Sextus.
1284 135 1396 179 Pars
1426 133 1607 190 Quinta.
2257 132 2358 181 505

252 282 385 344 Quid
420 283 645 346 appellas
682 283 1005 334 durationem
1044 284 1225 347 totalis,
1265 290 1311 332 et
1349 282 1473 346 quid
1507 282 1828 350 durationem
1866 279 2184 329 omnimodae
2206 281 2355 343 eclip-

42 355 46 357 ’
106 355 353 405 sationis?
403 353 558 404 Omne
606 355 655 403 id
692 362 908 418 tempuS,
957 371 1054 419 quo
1092 363 1326 419 punctum
1374 355 1574 417 aliquod
1621 355 1831 415 umbrae¹
1858 353 2048 413 Lunae,
2102 354 2360 416 praecipue

7 439 11 441 ·
73 490 84 498 ⁷,
109 434 323 478 centrum
351 428 473 490 ejus,
514 434 735 478 versatur
759 430 808 475 in
848 429 982 478 diseo
1009 429 1203 490 Terrae,
1243 428 1522 478 attribuitur
1548 427 1790 476 durationi
1816 427 1982 476 totalis
2009 425 2357 489 eclipsationiS.

107 501 165 549 Id
213 502 339 549 enim
392 507 466 550 est
510 500 716 562 indici0,
766 508 950 562 partem
990 502 1213 564 aliquam.
1246 500 1518 564 superficiei
1557 500 1763 561 Terrae,
1816 514 2135 563 quaecunque
2184 514 2242 548 ea
2278 500 2358 561 sit,

108 571 237 622 Solis
287 579 550 636 conspectu
600 575 650 620 in
704 573 914 622 solidum
966 582 1081 622 tunc
1127 589 1235 624 esse
1279 576 1522 637 privatam
1573 573 1743 621 diurno
1783 579 2014 635 tempore.
2093 572 2159 620 At
2198 574 2361 619 omni-

107 645 279 694 modae
320 645 624 709 eclipsationi
662 653 941 696 accensetur
979 650 1125 696 etiam
1163 647 1284 696 illud
1321 653 1537 710 tempuS,
1572 650 1702 694 'eum
1752 647 1896 694 etiam
1944 659 2040 693 non
2089 646 2360 707 ipsissimae

106 719 333 779 umbrae,
385 719 471 768 sed
521 719 697 768 saltem
743 721 1039 783 penumbrae
1088 719 1288 783 aliquod
1334 712 1567 783 punctum
1620 719 1665 764 in
1707 718 1842 766 disco
1883 718 2060 767 Terrae
2099 719 2358 767 invenitur.

109 791 357 840 Iudicatur
393 794 522 841 enim
559 792 653 842 hac
676 807 742 853 re,
781 807 888 842 esse
924 792 1086 842 locum
1123 793 1335 857 aliquem
1374 790 1647 856 superficiei
1674 791 1896 852 Telluris,
1938 792 2016 839 cui
2054 790 2226 839 saltem
2267 791 2361 839 ali-

112 880 209 928 qua
247 863 376 912 Solis
416 865 657 927 particula
695 871 902 927 tegatur.

254 940 479 998 Quinam
515 940 651 987 locus
683 939 894 995 Telluris
931 938 1191 987 indicatur
1228 955 1262 987 a
1293 943 1487 1000 puncto
1524 913 1782 987 contaetus
1806 935 1927 984 disci
1964 942 2009 983 et
2040 937 2362 997 pertumbrae

108 1011 184 1059 vel
219 1011 471 1059 umbrae?
532 1011 694 1060 Locus
733 1011 841 1072 ille,
892 1012 968 1060 cui
1009 1018 1123 1059 tunc
1161 1010 1271 1071 Sol,
1323 1011 1399 1059 hic
1448 1010 1662 1073 quidem
1689 1015 1822 1058 totus
1873 1008 2163 1071 eclipsatus‚
2215 1012 2364 1057 oritur

110 1082 376 1144 oceiditve‚
425 1083 524 1132 illic
575 1100 690 1134 vero
744 1086 965 1134 exoriens
1003 1085 1174 1147 incipit
1211 1091 1425 1134 extremo
1464 1086 1683 1147 margine
1724 1082 1954 1144 deficere,
2014 1087 2099 1130 aut
2139 1082 2363 1131 occidens

115 1155 290 1206 desinit
328 1156 567 1220 eclipsari.

249 1237 302 1283 In
333 1240 561 1284 schemate
591 1245 763 1296 puncta
794 1244 1029 1285 contactus
1061 1240 1250 1285 umbrae
1282 1245 1387 1286 sunt
1417 1241 1473 1297 R,
1507 1241 1551 1297 S,
1583 1230 1865 1297 penumbrae
1892 1239 1955 1295 M,
1990 1237 2043 1283 Ο.

251 1317 413 1379 Quare
458 1324 641 1380 puncta
687 1319 782 1366 ista
827 1323 939 1365 sunt
987 1316 1172 1365 indices
1224 1316 1442 1366 locorum
1481 1317 1683 1377 Terrae,
1738 1316 1914 1379 quibus
1953 1314 2041 1379 Sol
2093 1316 2245 1363 oritur
2282 1315 2363 1372 vel

112 1390 286 1440 occidit
333 1393 383 1438 in
431 1393 668 1454 principio
724 1395 772 1439 et
810 1390 904 1438 fine
957 1390 1289 1452 eclipsationis
1341 1392 1605 1453 utriusque.
1682 1389 1748 1438 At
1784 1390 1826 1437 si
1865 1394 2118 1438 contactus
2165 1390 2364 1438 umbrae

113 1465 189 1513 vel
221 1464 523 1526 penumbrae
561 1464 697 1512 fieret
733 1465 782 1510 in
819 1470 1000 1526 puncto
1041 1463 1098 1523 N,
1138 1463 1186 1511 id
1225 1463 1387 1512 locum
1427 1464 1621 1522 indicat,
1645 1464 1739 1522 ,cui
1778 1462 1920 1524 polus
1961 1462 2239 1525 ecliptieae,
2278 1476 2364 1510 seu

27 1583 35 1592 ,
113 1538 271 1599 potius
310 1538 497 1597 orbitae
537 1536 706 1586 Lunae
745 1542 819 1585 est
857 1538 905 1582 in
944 1538 1153 1595 vertice,
1204 1542 1252 1585 et
1290 1536 1375 1585 Sol
1414 1539 1461 1583 in
1501 1538 1607 1599 ipso
1645 1535 1845 1584 meridie
1885 1541 1958 1584 est
1996 1537 2044 1582 in
2084 1535 2361 1597 horizonte3

43 1671 54 1677 „
82 1609 210 1678 ,illic
248 1609 443 1672 quidem
481 1616 613 1659 totus
653 1600 932 1672 eclipsatus,
972 1609 1057 1657 hic-
1089 1623 1205 1658 vero
1243 1614 1457 1658 extremo
1497 1611 1714 1672 margine
1741 1608 1910 1657 Lunae
1950 1621 2084 1657 oram
2124 1607 2363 1657 delibanS.

255 1686 394 1744 Quae
427 1690 599 1745 partes
632 1684 818 1731 Terrae
851 1684 1013 1745 priuS,
1054 1698 1185 1744 quae
1218 1685 1466 1744 posterius
1502 1686 1730 1731 sentiunt
1767 1682 2028 1731 obscurari
2065 1682 2246 1743 Solem,
2287 1683 2365 1731 vel

116 1762 270 1806 totum
309 1757 387 1804 vel
423 1772 483 1805 ex
515 1756 701 1818 parte?
751 1755 952 1818 Semper
989 1756 1162 1803 umbra
1200 1755 1369 1804 Lunae
1409 1756 1607 1804 Terram
1645 1754 1834 1804 invadit
1872 1756 1934 1803 ab
1974 1754 2367 1804 occidentaliori-
2401 1799 2403 1802 Α

114 1830 204 1878 bus
226 1830 458 1915 partibus,
487 1829 665 1878 deserit
690 1829 752 1877 ab
781 1828 1183 1877 orientalioribUS.
1224 1829 1397 1890 Itaque
1425 1831 1468 1876 si
1491 1843 1577 1891 per
1601 1828 1846 1877 fictionem
1875 1828 2045 1877 oculus
2071 1829 2119 1875 in
2137 1869 2140 1872 .
2159 1829 2368 1891 sphaera

114 1901 280 1951 Lunae
317 1917 404 1951 seu
442 1904 489 1949 in
518 1902 659 1951 Luna
699 1901 977 1962 collocetur,
1032 1907 1081 1951 et
1116 1903 1470 1964 septentriones
1519 1904 1614 1950 sint
1653 1916 1867 1959 sursum,
1918 1902 2042 1950 facie
2091 1900 2154 1950 ad
2193 1901 2367 1951 Terras
2398 1924 2406 1930 *

116 1989 372 2041 conversa:
426 1969 619 2038 eclipsis
670 1976 764 2023 ista
813 1975 991 2023 Terrae
1039 1973 1285 2023 videbitur
1334 1976 1545 2038 incipere
1585 1990 1614 2023 a
1650 1976 1882 2035 sinistris,
1933 1974 2060 2022 finiri
2099 1989 2129 2023 a
2168 1975 2364 2037 dextriS,

24 2071 28 2073 >
95 2042 163 2098 ¹et
196 2050 267 2097 sic
296 2050 443 2097 etiam
479 2051 695 2111 pingitur
731 2050 782 2095 in
810 2048 1138 2096 schematibus
1175 2049 1369 2098 nostris

255 2122 343 2170 Est
378 2123 526 2184 igitur
563 2121 642 2170 hic
680 2120 798 2170 ordo
825 2122 1166 2185 apparitionis:
1206 2121 1337 2183 prior
1361 2126 1578 2183 tempore
1616 2120 1870 2183 eclipsatio
1898 2120 2177 2169 omnimoda
2216 2135 2367 2170 occu-

115 2199 201 2256 pat
234 2193 347 2242 illas.
367 2194 547 2244 Terrae
583 2201 747 2262 partes
771 2193 839 2253 M,
882 2208 1008 2256 quae
1045 2201 1270 2257 respectu
1308 2193 1503 2256 quidem
1543 2193 1750 2252 illarum,
1792 2208 1918 2256 quae
1957 2193 2157 2243 ultimae
2199 2194 2365 2243 defec-
2390 2188 2405 2197 '

114 2273 214 2314 tum
248 2269 487 2325 sentiunt,
542 2274 596 2316 ut
634 2266 700 2328 O,
752 2273 866 2315 sunt
904 2266 1254 2328 occidentales,
1306 2273 1358 2316 at
1394 2273 1618 2330 respectu
1645 2261 1845 2324 earum,
1899 2281 2025 2329 quae
2062 2266 2213 2330 paulo
2253 2274 2369 2330 post

114 2338 274 2388 Solem
321 2346 475 2389 totum
514 2347 695 2390 tectum
736 2340 992 2400 videbunt,
1033 2347 1088 2388 ut
1124 2340 1192 2401 R,
1244 2347 1358 2388 sunt
1396 2340 1670 2389 orientales
1746 2339 1994 2388 Posterior
2032 2342 2159 2389 enim
2198 2341 2366 2390 totalis

116 2412 387 2463 obscuratio
438 2415 498 2477 (si
543 2414 711 2463 totalis
761 2413 864 2462 fieri
910 2411 1090 2478 potest)
1136 2419 1300 2476 partes
1345 2412 1555 2462 Telluris
1606 2415 1803 2476 attingit
1855 2412 2258 2463 occidentaliores
2305 2414 2364 2476 R,

117 2499 240 2548 qnae
275 2501 330 2535 se
366 2487 480 2537 inde
518 2502 550 2536 a
585 2488 824 2550 principio
864 2486 1133 2534 durationis
1173 2486 1478 2535 omnimodae
1516 2488 1565 2533 in
1605 2485 1790 2535 discum
1840 2488 2031 2552 interim
2078 2489 2366 2536 insinuave-

114 2565 236 2607 runt.
311 2559 541 2609 Vicissim
581 2560 748 2608 totalis
788 2560 1063 2608 obscuratio
1116 2561 1199 2607 via
1238 2561 1468 2608 continua
1517 2560 1564 2606 in
1615 2558 1874 2608 orientales
1914 2559 2092 2609 Terrae
2130 2566 2292 2623 partes
2331 2560 2366 2609 S

110 2634 327 2681 excurrit
367 2631 678 2695 longissime3
729 2631 816 2681 sed
866 2632 979 2680 dum
1030 2632 1308 2681 omnimoda
1355 2632 1608 2694 eclipsatio
1660 2634 1847 2681 ratione
1886 2635 2117 2696 temporis
2156 2633 2368 2682 tenditur

114 2699 337 2765 ulterius,
375 2712 539 2768 partes
578 2706 758 2755 Terrae
799 2703 867 2766 Ο,
906 2705 1011 2768 jam
1051 2704 1193 2754 dictis
1231 2704 1264 2754 S
1305 2702 1730 2766 occidentaliore's,
1769 2711 1942 2755 nactae
1981 2707 2193 2770 spatium
2230 2708 2367 2756 inse-

60 2825 71 2836 ,
117 2777 291 2839 quendi
327 2779 592 2841 plenariam
633 2779 879 2837 umbram,
920 2781 968 2825 in
1008 2778 1323 2842 penumbram
1362 2777 1608 2838 incidunt,
1649 2778 1829 2840 elapsis
1864 2778 1967 2840 jam
2007 2794 2034 2827 e
2075 2779 2207 2828 disco
2245 2778 2365 2827 illu-

115 2850 294 2907 minato
332 2853 649 2900 orientalibus
692 2851 726 2900 S
765 2858 814 2901 et
851 2853 900 2898 in
939 2851 1144 2900 alterum
1182 2853 1337 2900 noctis
1375 2850 1785 2913 hemisphaerium
1810 2844 2031 2914 receptis.
2094 2852 2172 2900 Ita
2198 2852 2363 2901 totalis

116 2920 301 2972 &aratio
319 2923 398 2972 RS
419 2924 655 2974 brevioris
682 2925 912 2988 temporis
937 2939 1022 2987 per
1045 2924 1354 2985 longissimos
1377 2924 1554 2973 Terrae
1580 2929 1760 2972 tractus
1789 2927 1997 2974 excurrit
2023 2926 2084 2973 ab
2113 2925 2362 2975 occidente

115 2992 161 3043 B
193 2995 242 3042 in
279 2997 510 3046 orientem
550 2998 759 3046 Telluris
798 2998 858 3059 S;
909 3004 961 3046 at
1008 2997 1314 3046 omnimodae
1363 2997 1630 3045 durationis
1669 2997 1778 3065 BE,
1827 3012 1952 3059 quae
2006 2997 2240 3061 longioris
2294 3004 2368 3048 est

116 3070 355 3131 temporis,
395 3072 582 3119 termini
624 3071 878 3137 Terrarum
920 3073 1118 3119 extremi
1157 3070 1224 3131 M,
1267 3068 1309 3118 O
1350 3071 1474 3118 intra
1515 3064 1742 3118 breviora
1775 3072 1935 3132 spatia
1971 3077 2289 3123 coarctantur.

258 3144 427 3203 Quare
453 3143 702 3191 dividitur
725 3143 1091 3194 semidiameter
1116 3150 1336 3205 utraque
1354 3143 1687 3204 penumbrae‚
1727 3149 1831 3190 tam
1861 3158 1992 3204 quae
2028 3147 2095 3192 eis
2127 3146 2366 3194 umbram

117 3215 318 3272 eminet,
373 3231 531 3277 quam
585 3231 715 3277 quae
753 3216 892 3263 ultra
928 3216 1100 3276 illam,
1149 3219 1205 3263 in
1239 3222 1412 3276 partes
1460 3215 1706 3277 quaelibet
1752 3214 2035 3279 duodenas,
2085 3218 2247 3267 ductis
2292 3219 2364 3267 bis

117 3283 351 3335 &corlenis
399 3290 514 3336 viae
556 3288 736 3336 Lunae
786 3289 863 3335 vel
911 3289 1123 3336 umbrae
1168 3289 1430 3349 parallelis
1464 3303 1556 3350 per
1590 3293 1753 3336 totum
1790 3288 2022 3338 discum?
2084 3289 2211 3353 Quia
2250 3292 2360 3340 dia-

103 3363 263 3407 ,meter
299 3357 441 3421 Solis,
483 3366 538 3409 ut
576 3377 646 3422 as,
687 3363 732 3408 in
774 3359 1028 3408 duodecim
1071 3362 1236 3408 uncias
1277 3375 1362 3408 seu
1403 3359 1582 3421 digitos
1622 3359 1774 3409 dividi
1812 3361 1960 3411 solet:
2016 3378 2165 3426 quare
2204 3364 2363 3414 ductis

119 3429 226 3479 viae
273 3432 454 3481 lunaris
501 3435 700 3482 umbrae
739 3432 984 3495 parallelis
1022 3440 1324 3494 perrpuncta
1356 3432 1610 3480 divisionis
1649 3432 2114 3484 semidiametrorum
2152 3452 2362 3500 penum-

120 3500 255 3563 ϋηο,
296 3519 614 3568 quaecunque
653 3506 763 3554 loca
800 3506 977 3554 Terrae
1018 3506 1193 3566 quovis
1234 3511 1477 3553 momento
1516 3506 1562 3551 in
1603 3520 1750 3554 unam
1788 3506 1980 3557 illarum
2018 3511 2360 3572 parallelarum

124 3573 347 3637 incidunt,
389 3579 447 3625 iis
475 3581 521 3625 in
548 3576 667 3628 locis
693 3578 775 3627 Sol
805 3578 1005 3626 totidem
1032 3578 1195 3639 digitis
1236 3577 1436 3627 deficere
1476 3584 1708 3638 cernetur,
1747 3586 1898 3642 quota
1923 3588 1996 3630 est
2034 3584 2271 3646 parallela
2297 3585 2359 3632 ab

120 3652 326 3697 extrema
365 3652 675 3712 penumbram
714 3657 942 3714 tangente
982 3650 1242 3699 exclusive.
1321 3649 1386 3700 Ut
1425 3653 1471 3697 in
1505 3650 1624 3699 locis
1664 3651 1856 3713 Terrae,
1898 3669 2023 3717 quae
2066 3657 2115 3703 in
2141 3655 2240 3704 ΜΟ
2282 3659 2358 3702 in-

121 3717 282 3768 cidunt
316 3727 528 3784 tempore
567 3724 859 3783 durationis,
911 3722 1038 3772 Solis
1078 3722 1292 3771 desectus
1331 3725 1551 3785 pervenit
1587 3723 1649 3773 ad
1687 3724 1862 3789 digitos
1907 3731 1951 3788 7,
1992 3731 2108 3790 quia
2146 3727 2245 3776 ΜΟ
2285 3735 2359 3777 est

121 3793 321 3853 septima
370 3795 432 3843 ab
469 3795 608 3845 HIK,
684 3798 807 3845 Nam
859 3799 1037 3846 extima
1077 3794 1223 3855 HIK,
1277 3802 1481 3858 tangens
1521 3798 1858 3860 penumbram‚
1913 3800 2093 3850 nullius
2143 3801 2356 3850 defectus

126 3868 197 3911 est
231 3864 387 3928 index,
425 3867 511 3917 sed
549 3871 779 3919 terminus
817 3872 981 3933 potius
1020 3875 1105 3929 est,
1149 3884 1176 3917 a
1216 3883 1313 3931 quo
1353 3868 1570 3921 desectus
1597 3871 1764 3935 incipit
1802 3875 1982 3923 sentiri.
2060 3874 2121 3922 Et
2158 3880 2357 3938 septen-
