2554 4140
903 152 1041 199 Liber
1072 153 1251 199 Sextus.
1309 152 1422 198 Pars
1456 151 1637 208 Quinta.
2299 160 2402 207 493

145 301 444 349 Brevissima
490 299 698 353 habetur
746 300 978 350 solarium
1031 316 1268 351 annorum
1314 303 1403 363 15,
1444 317 1579 364 ,quos
1627 302 1752 350 intra
1789 305 1892 367 ipse
1929 303 2188 352 revertitur
2227 304 2404 365 octies3

139 375 361 436 proxima
397 387 633 421 annorum
678 375 758 433 17,
800 375 976 436 quibus
1014 376 1119 438 ipse
1158 375 1349 425 conficit
1387 389 1562 424 novem
1602 374 1852 439 periodos3
1893 377 2163 425 accuratior
2201 381 2274 425 est
2313 391 2404 425 an-

146 460 316 494 norum
357 447 442 506 32,
483 447 662 508 quibus
706 448 767 494 17
810 448 931 495 fiunt
969 440 1300 497 revolutiones
1338 448 1511 496 Martis
1549 462 1635 510 per-
1669 448 1945 511 zodiacum3
1986 451 2205 512 sequitur
2242 451 2407 514 perio-

145 518 234 566 dus
273 533 509 566 annorum
548 520 634 579 47,
674 520 724 565 in
764 534 862 582 qua
901 526 1012 568 suut
1052 522 1118 569 25
1158 521 1340 570 reditus
1379 521 1566 569 Martis.
1644 519 1818 570 Adhuc
1857 524 2127 570 accuratior
2166 537 2404 571 annorum

149 593 213 639 79
253 591 512 652 solarium,
562 591 750 640 habens
802 594 869 640 42
910 593 1240 643 revolutiones
1278 593 1471 655 MartiS,
1525 599 1572 641 et
1621 592 1742 642 haec
1778 609 1892 658 prae
1932 597 2103 643 ceteris
2143 597 2192 643 in
2233 597 2405 644 existi-

140 666 355 713 matione
404 670 478 712 est
530 663 661 728 apud
713 665 1004 727 astrologos,
1079 666 1250 716 Venus
1301 669 1426 715 intra
1467 668 1495 715 8
1536 680 1689 714 annos
1727 667 1910 716 solares
1960 670 2217 717 revertitur
2257 670 2404 731 quin-

148 739 286 799 quies
325 738 446 785 satis
485 741 725 798 accurate,
769 745 816 786 et
853 741 923 787 sic
962 738 1067 787 Soli
1106 741 1330 803 superius
1363 739 1586 803 jungitur
1626 739 1837 801 quinque
1861 739 1997 800 locis,
2038 740 2165 790 binis
2203 743 2326 790 iuter
2353 756 2405 789 se

149 809 442 858 distantibus
482 812 639 873 spatio
671 808 777 872 72⁰,
818 812 997 874 quibus
1038 813 1254 875 quinque
1292 813 1412 861 locis
1452 818 1709 876 sequentes
1737 812 1940 875 copulae
1980 813 2112 862 lento
2141 813 2405 862 admodum

144 895 295 945 passu
345 888 393 932 et
445 883 675 932 brevibus
727 886 900 946 spatiis
939 899 1025 947 per
1063 891 1264 934 octonos
1304 900 1458 935 annos
1499 884 1759 946 excedunt,
1814 891 1867 934 ut
1913 887 1984 934 sic
2032 886 2271 949 interjecti
2314 884 2406 935 72⁰

143 958 224 1004 vix
277 957 403 1004 intra
452 955 548 1003 dno
600 959 745 1004 semis
795 957 961 1006 secula
1009 965 1356 1007 consumantur
1403 965 1630 1023 totusque
1668 958 1894 1007 zodiacus
1937 960 2125 1022 copulis
2165 961 2271 1008 istis
2309 960 2406 1009 fre-
2459 975 2463 978 ’

142 1034 415 1091 quentetur.
495 1029 764 1078 Mercurius
820 1037 987 1078 contra
1037 1032 1162 1079 intra
1223 1034 1285 1080 13
1336 1032 1520 1081 solares
1573 1033 1638 1081 54
1674 1033 1912 1080 ‘circuitus
1962 1032 2200 1093 absolvit,
2256 1047 2404 1096 quare

142 1102 343 1164 copulas
396 1103 471 1149 sui
523 1116 632 1150 cum
671 1101 785 1151 Sole
836 1103 1102 1151 liberaliter
1138 1119 1224 1167 per
1262 1111 1416 1153 totum
1455 1105 1708 1154 zodiacum
1746 1107 1959 1170 spargit,
2008 1107 2268 1155 interstitio
2306 1120 2403 1154 non

142 1175 315 1237 majori
341 1190 486 1237 quam
518 1176 546 1222 6
576 1174 654 1223 vel
697 1178 723 1222 7
752 1175 888 1237 grad.
927 1178 1114 1225 ratione
1153 1177 1329 1229 media.
1405 1178 1545 1227 Luna
1583 1178 1790 1240 denique
1828 1178 2081 1227 duodecim
2118 1178 2301 1227 reditus
2341 1178 2403 1227 ad

0 1306 3 1314 ,
61 1304 70 1315 .
142 1247 308 1296 Sblem
348 1247 564 1296 absolvit
602 1248 855 1310 aliquanto
896 1249 1107 1298 breviori
1134 1256 1365 1313 tempore,
1407 1267 1552 1314 quam
1579 1252 1663 1300 Sol
1701 1250 1764 1300 ad
1801 1253 1990 1300 initium
2031 1267 2198 1301 cursus
2237 1266 2402 1300 rever-

142 1328 287 1380 tatur,
327 1322 495 1383 itaque
534 1326 589 1367 ut
627 1323 897 1370 accuratior
936 1321 1022 1370 fiat
1059 1326 1443 1387 apocatastasis‚
1486 1339 1606 1389 opus
1648 1332 1720 1373 est
1756 1324 1964 1388 longiori
2001 1331 2243 1389 tempore:
2295 1325 2407 1374 hinc

72 1449 84 1456 ⁵
143 1403 294 1442 natae
334 1400 448 1441 sunt
489 1394 832 1442 observatione
870 1398 1086 1457 gentium
1126 1397 1358 1458 trieteris,
1415 1398 1668 1463 complexa
1704 1412 1893 1447 menses
1939 1399 2133 1448 lunares
2174 1400 2265 1459 37,
2316 1413 2407 1447 nec

144 1473 304 1515 tamen
359 1466 454 1514 hoc
491 1469 880 1528 accuratissime,
923 1471 1210 1528 octae‘teris,
1251 1472 1488 1519 mensium
1529 1473 1620 1532 99,
1673 1472 1742 1519 ita
1782 1479 1835 1519 ut
1874 1473 2166 1521 centesimus
2214 1473 2405 1519 initium

143 1540 292 1588 faciat
330 1540 640 1588 octae‘teridis
678 1543 950 1603 sequentiS,
990 1541 1368 1604 hendecae’teriS,
1410 1546 1648 1593 mensium
1693 1546 1820 1607 1365
1861 1551 1907 1593 et
1938 1547 2164 1594 omnibus
2203 1545 2279 1593 his
2318 1559 2405 1594 ac-

146 1615 355 1661 curatior
386 1614 659 1676 composita
697 1628 757 1661 ex
795 1621 1017 1677 utraque,
1061 1616 1594 1679 enneakaedecae‘teris,
1636 1619 1871 1666 mensium
1908 1620 2028 1679 235,
2071 1615 2275 1681 cumque
2314 1618 2406 1666 ad-

144 1686 240 1734 huc
288 1686 573 1749 quadrantis
627 1689 770 1734 unius
823 1686 917 1736 diei
970 1688 1242 1738 differentIa
1280 1693 1517 1754 supersit,
1567 1700 1664 1754 quo
1700 1693 1857 1740 minus
1895 1692 2199 1739 novilunium
2237 1706 2405 1739 rever-

147 1765 277 1807 tatur
314 1762 363 1806 in
403 1759 566 1808 locum
603 1761 874 1824 pristinum,
916 1760 1159 1827 Calippus
1189 1762 1582 1826 quadruplicavit
1606 1756 1872 1826 numerum,
1915 1767 2178 1814 constituta
2205 1763 2404 1829 periodo

150 1845 387 1881 annorum
429 1836 456 1880 7
467 1834 512 1894 6,
552 1835 791 1882 mensium
834 1835 953 1883 940.

693 1949 755 1999 V.
810 1950 898 1999 De
938 1951 1127 1999 annis
1165 1951 1462 2015 politicis
1509 1953 1859 2025 lunaribus.

297 2051 424 2115 Quis
463 2058 532 2100 est
567 2066 692 2100 usus
729 2054 1159 2115 apocatastosium
1188 2052 1317 2103 Solis
1354 2062 1400 2104 et
1436 2055 1654 2105 Lunae?
1693 2057 1813 2105 Cum
1853 2056 1994 2106 Luna
2031 2057 2256 2122 phasium
2293 2072 2406 2123 per-

146 2127 412 2173 mutatione
450 2130 649 2174 moveat
686 2131 834 2188 atque
872 2128 921 2173 in
960 2140 1012 2175 se
1052 2132 1305 2176 convertat
1349 2131 1563 2177 omnium
1602 2129 1849 2179 hominum
1877 2131 2060 2192 ocuIOS,
2099 2131 2280 2180 factum
2317 2138 2403 2194 est,

147 2203 202 2245 ut
249 2199 420 2261 signa
439 2205 711 2262 temporum
762 2213 793 2247 a
843 2198 986 2248 Luna
1038 2205 1257 2263 petentes
1308 2202 1509 2251 exordia
1558 2217 1754 2252 suorum
1808 2218 2043 2252 annorum
2092 2206 2154 2254 ab
2204 2205 2404 2254 exordio

143 2270 383 2334 phasium,
425 2271 474 2319 id
512 2279 586 2321 est
625 2287 655 2320 a
693 2272 948 2320 novilunio
987 2273 1216 2335 petierint
1253 2281 1422 2337 gentes
1461 2275 1710 2340 plurimae,
1750 2279 2035 2349 praesertim
2073 2277 2213 2340 illae,
2255 2293 2406 2342 penes

145 2358 266 2406 quas
304 2343 582 2394 discrimina
622 2347 823 2394 aestatis
863 2352 911 2395 et
947 2346 1122 2394 hiemis
1161 2360 1256 2396 non
1298 2347 1559 2397 admodum
1598 2356 1716 2400 sunt
1750 2351 2019 2412 evidentia,
2074 2364 2181 2400 cum
2221 2351 2403 2400 reditus

144 2415 270 2466 Solis
321 2417 384 2466 ad
432 2418 543 2468 loca
589 2419 816 2481 pristina,
865 2420 948 2481 qui
999 2433 1180 2468 annum
1227 2419 1416 2484 definit,
1467 2437 1563 2472 non
1608 2423 1749 2473 facile
1799 2439 1888 2474 nec
1934 2423 2133 2474 aliunde
2172 2426 2403 2488 cognosci

141 2496 323 2554 posset.

300 2564 582 2627 quotuplex
619 2570 689 2612 est
725 2565 927 2613 lunaris
964 2565 1176 2613 annus?
1225 2565 1437 2630 Duplex,
1477 2567 1665 2618 solutus
1705 2575 1752 2618 et
1789 2569 1989 2631 ligatus.
2049 2570 2249 2620 Solutus
2278 2570 2403 2620 duo-

144 2635 318 2684 denum
363 2643 600 2701 perpetuo
640 2639 926 2698 mensium,
955 2652 1158 2701 quorum
1213 2654 1324 2703 pars
1365 2642 1564 2691 dimidia
1609 2643 1758 2705 paulo
1798 2641 1907 2705 plus
1946 2645 2178 2692 tricenum
2219 2643 2403 2693 dierum

143 2715 238 2770 est,
289 2720 402 2773 pars
440 2710 630 2773 reliqua
668 2712 751 2759 29.
804 2710 941 2759 Talis
979 2713 1094 2759 anni
1132 2714 1312 2774 primus
1353 2717 1531 2763 mensis
1569 2730 1795 2765 successu
1834 2729 2068 2764 annorum
2108 2719 2317 2766 excurrit
2354 2718 2402 2764 in

148 2781 372 2844 hiemem,
413 2783 525 2832 inde
554 2785 601 2830 in
630 2790 931 2845 autumnum,
961 2790 1072 2847 post
1099 2786 1147 2832 in
1175 2791 1428 2848 aestatem,
1457 2782 1513 2838 et'
1531 2787 1754 2851 denique,
1790 2789 2032 2837 tricesimo
2060 2804 2188 2838 anno
2216 2795 2402 2852 exact0,

144 2868 327 2904 rursum
381 2858 429 2902 in
481 2871 567 2905 ver
604 2859 793 2905 transit.
869 2856 979 2905 Tali
1019 2863 1220 2907 utuntur
1258 2858 1445 2910 Turcae
1485 2875 1540 2909 ex
1594 2861 1850 2925 disciplina
1891 2863 2122 2910 Arabum.
2199 2863 2402 2926 Ligatus

143 2927 380 2991 (intellige
429 2928 491 2978 ad
537 2929 745 2978 solarem
798 2926 1002 2996 annum)
1053 2933 1301 2981 mensibus
1351 2936 1499 2982 utitur
1551 2935 1865 2983 intercalariis
1916 2935 2162 2998 habetque
2202 2941 2403 2999 quartus

145 3000 222 3050 vel
258 3003 429 3050 tertius
470 3004 677 3064 quisque
714 3017 905 3052 menses
943 3003 1199 3066 tredecim,
1253 3011 1306 3054 ut
1344 3007 1412 3055 ita
1454 3009 1634 3069 primus
1672 3010 1850 3056 mensis
1890 3022 2078 3071 semper
2116 3010 2244 3059 circa
2282 3024 2403 3059 ean·-

145 3072 251 3123 dem
288 3081 627 3138 tempestatem
667 3077 780 3123 anni
832 3075 1003 3124 solaris
1043 3077 1261 3139 oberret,
1310 3094 1437 3128 nunc
1476 3080 1766 3129 antecedens
1805 3080 1991 3143 aliquot
2031 3080 2225 3144 diebus,
2275 3097 2404 3132 nunc

143 3160 364 3211 sequens,
443 3148 629 3196 Horum
669 3155 742 3197 est
779 3163 898 3196 usus
937 3150 1066 3213 apud
1105 3150 1326 3200 Judaeos
1367 3158 1415 3202 et
1453 3152 1582 3217 apud
1623 3153 1922 3202 Christianos
1960 3155 2332 3205 ecclesiasticos.

297 3224 502 3283 Quanta
540 3228 609 3269 est
644 3221 904 3284 lonyitudo
940 3222 1125 3271 horum
1151 3225 1450 3273 annorum?
1488 3225 1698 3287 Quidam
1726 3227 1949 3278 dicuntur
1987 3227 2231 3291 simplices
2260 3234 2401 3278 sunt-

146 3305 239 3354 que
277 3293 461 3343 dierum
499 3293 763 3342 solidorum
805 3295 909 3342 354
952 3295 1027 3342 vel
1070 3296 1198 3355 355,
1251 3297 1445 3359 quidam
1488 3298 1819 3360 embolimaei,
1860 3299 2176 3363 intercalarii,
2217 3301 2404 3351 solido-

145 3377 246 3413 rum
287 3367 468 3415 dierum
514 3370 617 3415 384
657 3367 732 3415 vel
775 3368 876 3414 385
919 3375 967 3415 et
1005 3376 1148 3431 prout
1175 3373 1290 3417 aitis
1329 3372 1571 3432 ingenium
1599 3373 1753 3432 suerit,
1796 3373 1993 3435 quidam
2033 3376 2178 3423 ctiam
2220 3375 2401 3424 dierum

142 3437 264 3499 353,
307 3441 428 3505 383,
468 3442 551 3503 qui
593 3440 711 3501 dieS,
754 3443 869 3502 quia
889 3454 1018 3488 more
1053 3440 1252 3501 judaico
1294 3459 1322 3491 a
1363 3458 1580 3505 vespera,
1625 3445 1765 3494 Luna
1805 3448 1987 3496 oriente
2027 3449 2286 3512 incipiunt,
2343 3463 2401 3496 ex

146 3522 204 3558 eo
242 3510 409 3561 Lunae
450 3514 698 3573 dicuntur,
755 3519 801 3562 et
841 3514 996 3591 prima
1037 3513 1195 3575 Luna,
1239 3530 1364 3577 quac
1385 3518 1557 3580 prima
1594 3523 1641 3566 ct
1678 3526 1790 3582 post
1824 3519 2143 3583 novilunium,
2184 3521 2400 3590 reliquae

147 3595 235 3631 suo
273 3598 494 3648 quaeque
533 3601 749 3635 numerO.

301 3661 430 3719 Quot
474 3659 634 3707 modis
685 3661 969 3723 alliyantur
1017 3661 1147 3707 anni
1195 3659 1402 3709 lunares
1453 3660 1523 3709 ad
1564 3664 1803 3726 solarem,
1853 3673 1897 3715 et
1944 3682 2074 3729 quae
2126 3668 2242 3715 hinc
2278 3680 2402 3714 nas-

148 3735 333 3778 cuntur
371 3733 772 3792 apocatastases?
812 3732 1015 3780 Duobus
1055 3731 1210 3779 modis
1251 3732 1525 3795 alligantur,
1566 3736 1645 3786 vel
1680 3737 1741 3786 ad
1780 3740 2050 3788 naturalem
2079 3742 2399 3802 quantitatem

148 3803 258 3847 anni
296 3802 490 3865 solaris,
540 3805 617 3853 vel
657 3805 719 3853 ad
758 3805 1004 3870 politicam
1046 3805 1152 3867 ejus
1191 3804 1559 3867 ordinationem,
1601 3809 1759 3872 qualis
1799 3818 1873 3861 est
1906 3812 2135 3875 periodus
2174 3811 2400 3873 Juliana3

148 3878 197 3919 ct
233 3886 338 3923 cum
378 3875 440 3924 ad
478 3878 750 3927 naturalem
789 3878 1065 3941 alligantur,
1106 3883 1459 3941 apocatastasis
1496 3881 1575 3931 vel
1614 3883 1820 3933 circulus
1860 3886 2053 3935 brevior
2092 3884 2287 3948 quidem
2328 3890 2401 3933 est
