2554 4140
0 1975 2 1991 ι

0 1996 1 2020 l

0 1958 1 1970 ,
78 1915 212 1980 tionis
233 1917 374 1965 fibrae
405 1920 464 1965 ad
485 1919 720 1980 eclipticae
741 1922 1068 1981 longitudinem
1088 1925 1254 1983 diuque
1277 1939 1382 1971 con-

848 113 984 159 Liber
1015 113 1221 169 Quintus
1283 112 1395 158 Pars
1424 101 1586 157 Prima.
2229 115 2334 163 415

458 261 546 310 VI.
599 262 683 311 De
722 262 1151 325 regularitate
1191 276 1567 313 excursuum
1605 261 1683 311 ad
1721 261 1941 311 latera.

261 364 397 412 Num
447 366 601 411 etiam
652 364 939 413 latitudinis
986 366 1210 414 calculus
1254 370 1416 412 certus
1453 370 1547 425 est,
1600 366 1642 411 si
1678 364 1811 412 nulli
1847 369 1966 411 sunt
2001 361 2146 412 solidi
2182 361 2336 423 orbe-Q

78 444 124 485 et
157 440 200 485 si
236 440 388 485 etiam
426 436 517 485 hoc
547 444 816 498 praestant
850 439 1137 502 peculiaria
1173 441 1230 486 in
1267 451 1473 498 corpore
1513 436 1753 498 planetae
1787 435 2090 499 filamentaP
2138 435 2336 496 Positis,

78 525 205 573 quae
253 509 378 558 libro
417 509 505 556 IV.
544 510 628 558 fol.
670 511 773 558 383
813 525 851 558 s.
900 518 1013 560 sunt
1049 513 1214 575 posita
1251 523 1475 573 quaeque
1514 515 1627 557 sunt
1677 510 1872 557 omnino
1915 514 1962 557 et
2000 508 2254 572 possibilia
2293 513 2340 557 et

78 589 429 632 consentanea:
469 596 669 632 necesse
708 589 782 631 est
819 586 1032 646 omnino,
1073 586 1206 634 nasci
1245 582 1445 647 planum
1485 581 1671 644 ellipsis
1711 582 1991 644 perfectum.

251 665 320 711 Sit
358 666 478 711 enim
515 667 563 711 in
601 669 832 724 praesenti
876 668 1106 714 schemate
1137 668 1256 713 TZX
1288 665 1483 713 circulus
1514 677 1596 721 per
1625 663 1757 722 polos
1792 663 2050 720 eclipticae,
2089 665 2130 708 A
2159 665 2230 709 vel
2262 664 2340 710 Sol

76 733 148 789 sit,
181 733 220 778 si
249 731 368 776 TZX
398 738 470 777 est
498 731 696 790 planum,
730 735 797 778 vel
828 735 867 779 si
898 734 1021 779 TAX
1051 733 1455 791 hemisphaerium,
1489 732 1549 776 sit
1580 734 1618 776 A
1649 731 1779 776 locus
1810 730 2005 787 primum
2035 729 2261 775 inferioris
2294 729 2339 773 in

76 812 185 844 cavo
217 797 429 844 sectionis
462 797 698 855 eclipticae
720 799 801 843 TX
832 813 933 845 cum
955 800 1040 845 EG
1071 800 1218 846 orbita
1246 799 1473 857 planetae,
1505 803 1557 843 ut
1587 798 1686 853 ejus
1717 797 1813 854 poli
1843 796 1933 841 sint
1965 796 2047 841 sub
2079 797 2131 852 Z,
2158 797 2226 841 W.
2261 796 2340 840 Di·

73 866 277 921 rigantur
325 863 467 909 fibrae
520 864 771 919 latitudinis
811 867 1060 912 secundum
1103 865 1185 911 GA
1227 865 1518 921 habeantque
1560 862 1822 909 facultatem
1864 860 2133 906 deflectendi
2170 866 2339 905 motum

76 929 219 986 XVT,
261 943 288 975 a
320 930 426 975 Sole
455 930 653 989 illatum,
693 932 859 988 angulo
891 932 1035 989 GAX;
1079 938 1125 978 et
1154 936 1369 977 maneant
1406 930 1545 975 fibrae
1585 935 1682 974 toto
1723 928 1893 973 ambitu
1924 926 2183 985 parallelae.
2243 927 2339 971 Ma-

76 994 291 1039 nifestum
338 1002 428 1049 est,
479 996 663 1053 planeta
707 998 754 1041 in
795 997 856 1054 A,
910 998 1110 1043 sectione
1154 997 1382 1054 inferiore,
1785 1022 1867 1064 mg.
1891 1020 1945 1056 79.

70 1067 305 1114 „versante‚
344 1061 484 1108 fibras
518 1067 675 1108 tensas
715 1063 965 1109 secundum
1007 1063 1088 1108 GA
1130 1062 1380 1108 directuras

75 1125 305 1182 planetam
341 1127 507 1185 angulo
546 1133 644 1173 toto
685 1134 731 1174 et
769 1128 999 1186 planetam
1030 1131 1082 1177 in
1111 1129 1249 1189 plano
1279 1140 1405 1185 per*

75 1192 196 1237 fecto
225 1197 464 1238 venturum
495 1205 641 1250 usque
670 1193 717 1239 in
750 1191 1125 1252 &ascendendo
1150 1212 1298 1255 nsque
1332 1199 1380 1243 in
1403 1208 1408 1217 ·

75 1257 263 1315 planum
294 1270 376 1314 per
404 1258 536 1315 polos
568 1258 766 1305 ductum.
828 1262 890 1306 Et
919 1264 1026 1320 quia
1051 1264 1148 1320 ,iam
1178 1264 1293 1311 fibra
1323 1278 1380 1309 ex

77 1323 177 1368 Gin
206 1323 357 1380 ipsum
373 1323 524 1369 Solem
551 1325 594 1369 A
625 1325 844 1385 dirigitur,
876 1342 967 1374 non
984 1330 1382 1389 *iuxtransversum

77 1388 330 1446 eclipticae,
371 1390 474 1435 ideo
517 1404 667 1449 neque
701 1392 777 1438 hic
814 1395 1009 1452 amplius
1046 1399 1258 1443 excurret
1286 1398 1382 1455 pla·
1506 1449 1521 1457 ,

77 1460 199 1508 neta,
229 1455 310 1500 sed
340 1456 426 1502 erit
451 1457 487 1501 G
519 1457 669 1516 limes;
700 1459 806 1505 inde
837 1462 1053 1517 paulatim
1085 1462 1286 1508 elevatus
1308 1477 1382 1508 su·
1467 1477 1469 1479 ·

77 1533 161 1577 pra
187 1520 379 1578 planum
403 1522 573 1581 ZXW,
613 1524 778 1582 diriget
806 1525 983 1572 fibram‘
1004 1528 1052 1572 in
1081 1520 1246 1574 lineam
1277 1527 1384 1575 duc·
1546 1572 1551 1581 ,
1581 1560 1588 1569 -

77 1592 171 1630 tam
201 1599 258 1630 ex
287 1588 328 1631 A
359 1589 560 1635 sectione
591 1604 674 1649 per
703 1593 745 1636 A
776 1592 948 1652 Solem,
981 1593 1126 1641 donec
1156 1595 1307 1641 veniat
1335 1595 1383 1640 in
1463 1622 1482 1651 ‚·

79 1653 133 1708 A,
164 1653 410 1698 sectionem
434 1655 532 1710 jam
554 1658 832 1713 superiorem
853 1671 1083 1705 convexae
1114 1655 1383 1719 superficiei.

79 1718 467 1775 Quemadmodum
506 1721 644 1778 igitur
679 1723 726 1768 in
756 1724 797 1767 A
826 1725 1048 1772 maximus
1090 1733 1160 1773 est
1190 1727 1383 1786 angulus

78 1783 378 1831 inclinationis
408 1787 550 1832 fibrae
581 1788 639 1833 ad
661 1790 914 1848 eclipticam
934 1793 1029 1850 TX,
1061 1793 1138 1851 qui
1159 1793 1383 1839 decrescit

80 1849 304 1910 celeriter,
344 1860 392 1898 at
419 1854 466 1898 in
498 1854 556 1910 G,
596 1857 637 1900 E
669 1857 822 1903 nullus
863 1863 933 1903 est
971 1858 1165 1917 angulus
1195 1859 1382 1906 inclina-

79 1979 199 2028 sistit
236 1982 350 2030 haec
380 1986 683 2034 inclinationis
712 1991 935 2047 parvitas:
980 1991 1046 2037 sic
1089 1992 1224 2036 etiam
1256 1992 1296 2037 si
1326 2004 1382 2038 ex

78 2051 269 2098 circuitu
297 2052 424 2097 EAG
453 2052 534 2098 fiat
560 2055 789 2112 integrum
818 2058 1017 2115 planum,
1050 2063 1204 2115 partes
1237 2058 1337 2114 ejus
1366 2056 1487 2115 apud
1506 2058 1546 2102 A
1576 2058 1946 2105 inclinatissimae
1978 2063 2085 2105 sunt
2115 2059 2174 2106 ad
2205 2055 2342 2123 eclip—

78 2118 212 2164 ticam
233 2118 316 2164 ΤΧ
335 2119 519 2176 citoque
548 2121 771 2168 decrescit
797 2121 1046 2169 inclinatio.
1091 2122 1152 2168 At
1180 2123 1300 2169 circa
1317 2122 1370 2182 G,
1399 2122 1441 2166 E
1459 2122 1582 2180 plani
1611 2138 1767 2183 margo
1801 2125 2013 2171 deorsum
2043 2126 2090 2171 in
2121 2127 2343 2184 sphaerae

82 2184 355 2240 profundum
390 2187 464 2232 vel
491 2201 672 2235 sursum
701 2189 872 2248 porrigi
900 2189 1187 2247 intellectus,
1227 2188 1426 2234 decurrit
1460 2189 1541 2234 diu
1571 2191 1897 2249 propemodum
1927 2191 2174 2250 parallelus
2205 2193 2342 2250 eclip-

48 2317 55 2320 Π
82 2249 202 2296 tiene
228 2251 378 2309 plano.
437 2254 562 2312 Ergo
593 2257 633 2302 si
661 2270 745 2314 pro
774 2255 917 2300 fibrae
948 2255 1211 2312 operatione
1241 2267 1515 2312 usurpemus
1545 2268 1660 2315 opus
1690 2259 1863 2316 ipsum,
1905 2256 2080 2304 scilicet
2110 2256 2260 2316 EAG,
2293 2264 2343 2303 ut

84 2314 265 2374 planum
294 2318 558 2379 perfectum,
592 2321 795 2368 calculus
829 2322 914 2367 erit
942 2320 1178 2378 principiis
1209 2321 1391 2366 omnino
1409 2323 1725 2370 consentiens.

565 2433 916 2487 Conclusio
955 2435 1204 2500 primae
1242 2436 1441 2499 partis
1481 2434 1552 2487 de
1591 2435 1759 2489 libro
1799 2439 1860 2489 V.

231 2535 368 2586 Haec
419 2539 565 2602 igitur
601 2538 840 2590 hactenus
879 2540 1062 2610 scripta
1094 2545 1241 2589 sunto
1279 2513 1541 2601 geometris
1578 2542 1676 2589 acri
1715 2542 1909 2604 ingenio
1949 2540 2210 2604 praeditis,
2258 2543 2341 2604 qui

0 2665 4 2672 ,
86 2611 205 2661 nihil
244 2614 293 2660 ln
330 2610 572 2661 calculum
610 2614 823 2677 recipere
850 2612 1125 2676 dignantur,
1165 2611 1298 2675 quod
1323 2610 1422 2661 n'on
1448 2614 1512 2661 sit
1537 2611 1948 2663 demonstratione
1976 2615 2341 2663 accuratissima

0 2676 6 2762 i

86 2686 324 2734 munitum
361 2698 519 2747 exque
556 2686 677 2749 ipsis
713 2687 964 2751 principiis
999 2692 1219 2735 motuum
1258 2685 1565 2736 naturalibus
1604 2685 1911 2737 deductum·

5 2927 11 2987 ἱ
92 2983 97 2988 .
