2554 4140
848 1058 1143 1154 LIBRI
1218 1057 1577 1153 TERTII

952 1240 1123 1290 PARS
1164 1239 1457 1303 QUARTA.

250 1385 341 1453 DE
385 1383 826 1454 TEMPORIBUS
872 1384 1032 1453 ANNI
1076 1385 1167 1454 ΕΤ
1212 1352 1772 1464 QUANTITATIBUS
1818 1384 2165 1454 zoNARUM.

226 1667 358 1730 Quot
406 1671 527 1714 sunt
576 1666 705 1712 anni
758 1666 990 1713 vertentia
1038 1670 1232 1728 partes,
1288 1671 1516 1727 tempora
1557 1665 1829 1713 naturalia
1867 1679 1956 1713 seu
1992 1667 2338 1728 tempestates?

78 1741 321 1803 Quatuor:
377 1753 488 1798 ver,
542 1743 727 1797 aestas,
778 1743 1064 1798 autumnus,
1120 1737 1308 1787 hiems.-
1369 1738 1470 1786 Etsi
1526 1744 1743 1787 veterum
1793 1737 2135 1788 historicorum
2185 1738 2346 1802 aliqui'

77 1813 197 1863 duas
235 1819 421 1861 tantum
462 1816 722 1874 usurpent,
763 1815 999 1859 aestatem
1038 1816 1087 1860 ct
1125 1810 1350 1859 hiemem.

231 1885 371 1935 Unde
407 1886 568 1934 dietae
603 1881 757 1932 sunt?
815 1882 1063 1944 AestaS,
1103 1882 1303 1932 Graecis
1342 1887 1503 1947 θερος,
1543 1887 1749 1946 utraque
1789 1898 1910 1933 voce
1938 1884 2002 1932 ab
2029 1889 2169 1934 aestu
2208 1883 2339 1935 dicta

79 1965 175 2023 est,
227 1958 361 2022 quod
410 1957 497 2006 illa
533 1970 645 2020 pars
689 1956 802 2004 anni
841 1956 1054 2018 ferveat,
1107 1955 1362 2006 Germanis
1414 1956 1490 2004 ber
1529 1955 1743 2005 &emmer
1792 1972 1823 2005 a
1862 1956 1991 2006 Solis
2041 1960 2336 2021 praesentia.

81 2033 289 2083 Hiems
328 2048 358 2081 a
396 2032 579 2096 pluvia,
622 2031 737 2092 quia
775 2024 877 2078 ὕειν
917 2027 1117 2078 Graecis
1157 2037 1228 2078 est
1267 2027 1458 2097 pluere,
1513 2028 1643 2091 quod
1683 2029 1873 2078 coelum
1911 2030 2195 2094 plerumque
2235 2037 2338 2080 tur-

0 2139 1 2153 2
81 2105 248 2156 bidnm
283 2105 419 2154 illam
457 2105 572 2153 anni
610 2107 799 2166 partem
835 2104 1116 2166 praesertim
1154 2104 1204 2150 in
1241 2101 1387 2150 Italia
1426 2108 1610 2163 teneat,
1653 2101 1854 2153 Graecis
1892 2123 2066 2168 χειμων
2109 2109 2183 2153 est
2219 2119 2337 2168 pro·-

83 2178 265 2229 cellosa
314 2179 439 2227 aeris
490 2176 800 2236 constitutio,
851 2177 1033 2238 quippe
1084 2188 1254 2223 vocem
1293 2190 1323 2223 a
1360 2174 1627 2223 fundendo
1656 2175 1854 2238 pluvias
1902 2176 2110 2226 derivari
2148 2177 2337 2227 volunt.
2420 2231 2425 2241 Χ

80 2251 334 2301 Germanis
365 2253 437 2299 ber
464 2246 662 2309 water,
702 2264 731 2296 a
766 2250 977 2312 copiosis
1018 2249 1187 2296 ventis.
1266 2248 1388 2296 Ver
1425 2262 1597 2310 graece
1635 2247 1722 2313 ἐαρ
1762 2255 1811 2298 et
1848 2247 1926 2314 η’ρ,
1966 2250 2094 2299 unde
2132 2250 2338 2300 latinum

31 2309 43 2339 ³
80 2339 180 2385 ver,
219 2325 281 2373 ab
318 2323 533 2373 hebraea
570 2321 648 2371 vel
685 2323 877 2386 syriaca
918 2334 1037 2369 voce
1077 2321 1209 2383 EiJar
1249 2320 1470 2370 derivata
1512 2321 1716 2382 videtur,
1757 2323 1841 2385 qui
1880 2324 1929 2371 in
1969 2337 2097 2373 anno
2132 2323 2335 2387 judaico

81 2396 323 2447 secundus
373 2402 449 2445 est
485 2410 545 2444 ex
583 2395 830 2444 mensibus
869 2393 1172 2455 vernalibus,
1220 2393 1350 2443 unde
1391 2401 1439 2443 et
1477 2393 1708 2443 Germani
1754 2410 1896 2444 suum
1935 2395 2057 2459 Satyr
2081 2395 2337 2447 derivant.

85 2471 439 2533 Cognationem
481 2468 616 2531 Eijar
661 2467 810 2516 habet
855 2481 963 2515 eum
1014 2466 1226 2516 hebraeo
1266 2471 1370 2527 a'e‘r,
1426 2467 1556 2530 quod
1606 2482 1838 2531 vaporem
1892 2469 2159 2532 significat,
2211 2471 2339 2521 unde

84 2557 314 2607 graecum
356 2540 471 2607 ἀηρ,
519 2540 721 2589 latinum
760 2544 856 2588 aer.
934 2538 1190 2589 Germanis
1237 2546 1311 2588 est
1346 2542 1420 2589 ber
1460 2539 1702 2604 ffrfiuling,
1739 2543 1825 2591 bae
1865 2541 2032 2605 {Jriitw
2073 2534 2174 2593 obet
2212 2541 2338 2593 §Bora

84 2616 201 2680 inlyr,
241 2617 381 2678 quasi
418 2615 657 2662 matutina
691 2627 804 2676 pars
841 2614 970 2661 anni.
1047 2611 1404 2662 Autumnus
1444 2613 1721 2663 hetruscam
1747 2617 2136 2665 terminationem
2162 2616 2336 2678 habet3

0 2739 2 2742 ,
83 2695 294 2753 cognata
330 2694 496 2736 tamen
533 2700 629 2735 vox
668 2685 858 2734 videtur
894 2698 1098 2747 graecae
1138 2683 1314 2750 αὐτμη,
1375 2701 1502 2749 quae
1541 2703 1571 2735 a
1609 2688 1776 2737 crebra
1815 2690 2141 2751 exspiratione
2179 2690 2339 2738 nebu.-

0 2780 3 2837 i

0 2871 5 2979 'l

0 2982 3 3025 ξ
30 2999 33 3002 ,

84 2762 240 2812 larum
268 2760 399 2810 dicta
424 2759 627 2809 videtur.
676 2757 876 2824 ,Graece
914 2756 1099 2822 ὀπωρη,
1141 2756 1238 2809 ἀπο
1276 2778 1367 2809 του
1405 2758 1540 2818 onos,
1579 2775 1610 2809 a
1638 2760 1933 2810 succulentis
1960 2762 2081 2810 forte
2107 2763 2336 2811 arborum

84 2835 344 2884 fructibus:
384 2832 514 2882 unde
553 2839 601 2881 et
639 2829 987 2880 Germanorum
1026 2829 1167 2892 Dis,
1219 2831 1349 2894 quod
1387 2830 1570 2882 fructus
1609 2835 1838 2882 arboreos
1877 2833 2133 2896 significat.
2212 2834 2339 2885 Ger-

84 2909 275 2957 manica
326 2904 690 2955 nomenclatura
726 2902 885 2965 ‹betbft
934 2921 961 2952 a
1009 2903 1291 2968 populando
1343 2903 1633 2954 descendere
1682 2906 1899 2970 videtur3
1953 2906 2081 2958 unde
2119 2909 2338 2972 betheren,

90 2987 297 3040 vastare,
337 2979 525 3042 berung,
565 2990 781 3025 racemus
820 2983 1066 3040 superstes
1102 2977 1232 3027 foliis
1271 2977 1501 3041 delapsis.

233 3053 426 3117 Quibus
465 3049 794 3114 qualitatibus
830 3052 962 3098 inter
987 3065 1036 3098 se
1072 3050 1462 3113 distinyuuntur
1485 3051 1578 3099 hae
1614 3056 1922 3112 tempestates
1947 3052 2114 3122 anni?
2163 3053 2339 3103 Aestas

1 3118 5 3162 ’ἱ
87 3124 245 3175 calida
281 3132 369 3186 est,
410 3125 562 3173 hiems
600 3123 787 3185 frigida,
827 3122 1042 3185 reliquae
1080 3130 1398 3187 tempestates
1437 3129 1603 3172 tenent
1639 3123 1865 3172 medium.

233 3196 473 3248 Forsitan
509 3199 668 3259 iyitur
705 3195 964 3256 lonyitudo
1002 3196 1114 3255 diei,
1156 3211 1287 3259 quae
1323 3203 1392 3244 est
1428 3202 1628 3257 aestate,
1670 3211 1828 3246 causa
1866 3200 1961 3246 erit
1997 3199 2193 3262 caloris,
2232 3200 2338 3248 bre-

4 3291 5 3324 1
90 3254 219 3321 uitae
252 3271 494 3336 lriyoris?
530 3269 634 3317 Etsi
672 3267 794 3316 haec
833 3274 907 3316 est
945 3269 1068 3317 inter
1107 3282 1295 3329 causas,
1336 3283 1433 3317 non
1473 3275 1547 3317 est
1583 3274 1744 3318 tamen
1783 3269 2002 3339 plenaria
2040 3277 2089 3321 et
2125 3273 2340 3335 genuina

4 3351 10 3422 1

93 3358 253 3394 causas
327 3344 452 3393 Nam
490 3342 734 3405 longiores
772 3346 885 3388 sunt
923 3340 1027 3389 dies
1065 3342 1113 3388 in
1151 3343 1285 3389 zonis
1323 3340 1524 3405 frigidis,
1565 3356 1712 3404 quam
1740 3342 1818 3391 vel
1856 3345 1903 3391 in
1940 3347 2220 3409 temperatis
2261 3346 2340 3396 vel

94 3418 141 3464 in
178 3416 369 3478 torrida,
409 3422 573 3465 aestus
612 3421 771 3463 tamen
812 3413 968 3475 major
1006 3420 1079 3462 est
1118 3415 1164 3461 in
1205 3412 1400 3462 torrida.

240 3490 381 3553 Quae
427 3495 496 3537 est
540 3503 656 3551 erqo
706 3501 766 3536 ex
813 3486 1095 3536 coelestibus
1141 3489 1368 3549 yenuina
1415 3502 1571 3536 eausa
1616 3489 1796 3539 caloris
1843 3496 1889 3538 et
1932 3491 2141 3555 friyoris
2192 3498 2237 3540 et
2272 3494 2340 3540 sic

7 3541 10 3610 ἶ
95 3564 290 3610 aestatis
339 3569 383 3610 et
430 3561 642 3610 hiemis?
695 3561 1115 3623 Appropinquatio
1162 3558 1290 3607 Solis
1341 3559 1403 3608 ad
1452 3550 1680 3612 verticem
1721 3565 2019 3627 temporibus
2058 3564 2338 3614 meridianis

8 3675 10 3679 ,
97 3639 170 3683 est
206 3649 351 3684 causa
389 3637 605 3694 aestatiS,
645 3639 694 3682 et
731 3648 947 3682 recessus
985 3631 1090 3694 ejus
1128 3647 1158 3680 a
1196 3633 1376 3682 vertice
1414 3634 1462 3681 in
1503 3633 1635 3684 horis
1661 3636 1955 3698 meridianis,
1995 3637 2190 3699 quando
2231 3651 2338 3685 om-

9 3718 12 3743 l

96 3707 228 3754 nium
263 3709 509 3769 proximus
548 3721 653 3756 esse
691 3711 855 3771 potest
892 3706 1073 3764 vertici,
1114 3710 1188 3753 cst
1225 3718 1372 3754 causa
1411 3705 1598 3756 hiemis.

248 3777 383 3828 Unde
407 3786 475 3828 est
497 3780 575 3828 hic
613 3794 831 3828 accessus
855 3785 901 3827 et
936 3792 1153 3827 recessus
1181 3777 1347 3826 Solis?
1388 3779 1455 3827 Ex
1495 3780 1785 3843 obliquitate
1812 3781 2081 3845 eclipticac,
2121 3778 2211 3830 sub
2240 3795 2338 3844 qua

11 3858 14 3870 '
101 3847 184 3902 Sol
223 3850 408 3905 videtur
444 3852 677 3905 incedere.
759 3853 883 3902 Nam
923 3852 1027 3918 ejus
1068 3850 1396 3902 semicirculus
1430 3852 1491 3902 ab
1531 3859 1795 3918 aequatore
1823 3856 1979 3919 vergit
2016 3868 2183 3904 versus
2221 3869 2337 3921 sep-
