2554 4140
246 162 350 210 340
1063 151 1300 209 Epitomes
1328 148 1644 194 Astronomiae

246 316 420 365 corpus
458 299 665 349 Telluris
707 298 886 347 dictum
926 305 999 348 est
1035 300 1183 347 rotari
1221 311 1366 360 super
1403 312 1494 345 axe
1533 302 1581 345 et
1617 296 1746 359 polis
1784 299 1910 360 suis3
1952 311 2108 360 eoque
2134 305 2268 358 motu
2296 298 2500 361 quilibet

245 377 374 423 orbis
422 372 564 439 (qnos
614 371 813 434 quidam
863 372 1006 434 plane
1051 371 1389 420 adamantinos
1427 370 1634 429 faciunt,
1668 372 1758 426 ‚sic
1795 378 1850 418 ut
1886 372 2073 434 corpori
2112 370 2261 419 alicui
2308 386 2498 434 nequa-

246 461 391 510 quam
429 441 622 510 cedant)
667 459 809 493 suum
859 445 953 494 sibi
990 445 1236 507 planetam
1274 447 1404 492 certo
1442 441 1552 491 loeo
1591 441 1847 505 alligatum
1891 443 2309 504 circumvehebat,
2360 443 2498 492 alteri

244 520 423 568 alteros
461 519 778 579 sustinenteS,
831 526 884 566 ut
921 532 1069 580 supra
1107 515 1314 577 dictum,
1354 529 1442 565 nec
1482 522 1585 567 erat
1622 521 1806 577 metus,
1857 521 1911 564 ut
1950 516 2030 566 vel
2066 516 2202 580 globi
2242 516 2321 566 vel
2358 518 2500 566 orbes

247 591 488 652 caderent,
527 592 599 639 sic
637 591 845 639 invicem
882 590 1090 651 religati.

202 718 207 721 ,
393 662 531 727 Quid
567 669 624 711 tu
661 663 720 711 de
757 664 852 711 hac
881 662 1198 724 philosophia
1235 661 1423 708 sentis?
1473 659 1681 709 Rursum
1721 660 1792 709 illi
1832 661 2012 724 objicio
2050 676 2145 711 non
2185 667 2285 710 tam
2323 668 2501 710 aucto-

243 737 433 786 ritatem
472 736 776 785 Christianae
817 735 1114 797 disciplinae,
1155 748 1303 795 quam
1339 735 1497 796 ipsam
1536 733 1887 783 absurditatem
1927 733 2193 796 dogmatis,
2233 735 2368 783 Deos
2406 734 2500 782 fin—

242 812 416 872 gentis,
455 823 659 872 quorum
696 810 862 857 munia
899 809 996 855 sint
1033 823 1091 856 ex
1129 813 1330 855 naturae
1369 809 1611 869 operibus,
1653 808 1822 869 eisque
1859 808 2050 855 interim
2080 807 2399 856 adscribentis
2436 808 2499 856 ab
2552 863 2553 866 Ἴ

243 888 441 932 aeterno
480 881 614 944 talia,
653 896 782 944 quae
820 895 1018 929 necesse
1058 886 1132 928 est
1169 880 1231 927 ab
1271 893 1367 927 uno
1407 881 1560 943 primo
1588 880 1825 942 principio
1863 894 2023 928 rerum
2049 883 2263 929 omnium
2301 881 2349 927 in
2375 885 2503 930 tem—

240 958 374 1019 poris
412 954 611 1005 exordio
648 969 754 1003 esse
791 953 1022 1016 profecta.
1102 950 1212 1014 Qua
1250 951 1501 1015 theologia
1526 967 1634 1001 cum
1670 966 1768 1001 non
1794 954 2009 1015 potuerit
2046 953 2168 1003 haec
2193 953 2500 1002 ratiocinatio

244 1042 434 1089 carere,
486 1028 594 1077 Diis
641 1029 789 1089 igitur
838 1028 1027 1088 negatis
1066 1031 1171 1073 tota
1208 1025 1434 1073 concidit.
1510 1024 1700 1075 Deinde
1738 1039 1897 1087 neque
1936 1025 2081 1074 solidi
2120 1027 2263 1076 orbes
2302 1025 2502 1075 concedi
2528 1064 2533 1069 .‚

242 1106 483 1164 poterunt,
524 1106 577 1148 ut
613 1115 760 1164 supra
797 1100 1068 1163 probatum.
1142 1096 1353 1146 Rursum
1392 1105 1556 1147 autem
1593 1098 1906 1163 philosophia
1931 1098 2053 1148 haec
2090 1100 2310 1148 innititur
2333 1097 2503 1148 solidis

242 1169 458 1234 orbibus,
499 1176 655 1235 iisque
680 1172 894 1221 subrutis
934 1169 1158 1221 concidit.
1233 1170 1400 1220 Facile
1439 1173 1565 1220 enim
1599 1172 1692 1221 hoe
1732 1174 2024 1220 concesserit
2049 1171 2354 1234 Aristotelea,
2394 1186 2504 1220 cor-

243 1262 335 1310 pus
374 1245 575 1308 aliquod
614 1246 677 1294 ab
715 1246 880 1294 anima
916 1261 1008 1293 sua
1045 1245 1362 1306 transportari
1399 1258 1496 1292 non
1534 1258 1680 1308 posse
1719 1244 1779 1294 de
1817 1244 1928 1294 loco
1967 1246 2016 1292 in
2055 1244 2232 1307 locum,
2269 1247 2312 1294 si
2350 1244 2502 1294 desti-

244 1326 351 1368 tuta
387 1320 531 1368 suerit
569 1319 698 1367 orbis
737 1321 1069 1378 instrumento,
1109 1318 1192 1379 qui
1229 1331 1316 1381 per
1353 1322 1508 1366 totum
1548 1318 1799 1367 circuitum
1831 1317 2186 1368 absolvendum
2223 1320 2288 1367 sit
2326 1332 2503 1381 expor-

245 1398 431 1452 rectuS,
489 1393 532 1440 si
569 1392 685 1439 item
720 1392 849 1440 absit
887 1405 1061 1457 corpus
1111 1389 1385 1451 immobile,
1436 1392 1513 1438 cui
1553 1389 1681 1439 orbis
1720 1391 1965 1440 innitatur.
2042 1391 2168 1440 Tum
2219 1396 2406 1452 autem,
2459 1392 2502 1439 si

246 1465 623 1513 concesserimus
662 1464 802 1513 orbes
841 1463 1054 1529 solidos,
1103 1462 1362 1512 intervalla
1412 1469 1575 1512 tamen
1622 1465 1858 1513 intersunt
1908 1466 2138 1514 immania
2184 1466 2308 1513 inter
2345 1465 2501 1513 orbes.

245 1536 342 1586 Illa
379 1542 466 1585 aut
486 1535 648 1600 »plena
686 1543 826 1585 erunt
863 1537 978 1586 orbe
1016 1535 1176 1584 inutili
1212 1534 1431 1598 nihilque
1469 1535 1533 1584 ad
1571 1542 1732 1586 motus
1771 1538 2180 1587 circumstantiam
2216 1537 2502 1600 pertinente,

248 1608 381 1672 quod
419 1615 494 1658 est
531 1609 961 1671 absurdissimum,
1002 1616 1089 1659 aut
1125 1610 1167 1656 si
1203 1623 1300 1672 per*
1326 1610 1422 1658 ista
1457 1609 1717 1667 intervalla
1752 1625 1850 1659 non
1889 1617 2002 1659 sunt
2027 1611 2168 1660 orbes
2206 1609 2366 1671 solidi,
2405 1624 2502 1659 non

244 1683 392 1744 igitur
428 1697 481 1731 se
519 1689 689 1731 mutuo
729 1684 1016 1746 contingunt
1053 1687 1140 1731 aut
1176 1687 1371 1745 gestant
1406 1681 1657 1744 sphaerae.
1734 1683 1959 1746 Denique
1996 1698 2050 1733 se
2089 1686 2248 1747 ipsum
2286 1683 2504 1732 destituit
2546 1694 2549 1696 ·

246 1755 368 1804 haec
405 1757 558 1815 rati0,
610 1757 910 1819 prospiciens
950 1755 1176 1814 orbibus,
1230 1753 1476 1818 quomodo
1515 1756 1722 1819 quilibet
1758 1758 1808 1804 iu
1846 1755 2000 1806 altero
2038 1759 2294 1818 niteretur,
2349 1756 2504 1809 oblita

247 1843 363 1878 vero
417 1828 584 1877 infimi.
658 1828 783 1878 Nam
832 1820 887 1878 ut
938 1828 1289 1889 concedamus,
1341 1828 1588 1891 orbes,ab
1639 1829 1839 1878 orbibus
1886 1831 2113 1879 sustineri
2152 1831 2504 1893 contiguosque

247 1916 353 1951 esse
410 1903 642 1963 invicem,
702 1900 820 1964 quid
879 1903 1027 1964 igitur
1078 1902 1286 1951 sustinet
1333 1900 1556 1950 ultimum
1594 1902 1765 1952 Lunae
1816 1902 2011 1963 orbem,
2066 1908 2152 1952 aut
2204 1903 2385 1966 quibus
2421 1901 2504 1951 ille

247 1974 486 2023 columnis
530 1976 725 2023 innixus
773 1980 846 2024 est
885 1974 1094 2035 Telluri,
1148 1979 1203 2022 ut
1238 1979 1436 2038 putant,
1489 1975 1781 2037 quiescenti,
1835 1990 1945 2025 cum
1994 1976 2042 2023 in
2094 1980 2199 2024 tota
2248 1974 2504 2038 superficie

246 2046 455 2098 Telluris
495 2049 801 2097 circumcirca
838 2047 974 2096 nulla
1012 2054 1232 2096 occurrat
1268 2046 1531 2096 soliditas?
1581 2050 1742 2109 venti,
1795 2048 1973 2110 nubes,
2022 2063 2141 2098 aves
2178 2048 2419 2098 liberrime
2456 2054 2505 2097 et
2549 2063 2551 2066 ⁴

245 2119 477 2170 facillime
517 2127 787 2170 commeent
826 2134 1026 2184 quaqua
1064 2119 1293 2168 versum?
1350 2119 1447 2168 Cur
1485 2134 1582 2170 non
1620 2121 1813 2186 pondus
1860 2123 2032 2184 ingens
2072 2121 2315 2173 coelorum
2354 2123 2513 2170 inter·

248 2192 360 2241 dum
398 2208 549 2256 penes
587 2208 677 2242 nos
715 2192 938 2254 subsidit,
976 2195 1260 2257 praesertim
1298 2193 1616 2256 spissioribus
1656 2195 1846 2243 orbium
1883 2195 2105 2257 partibus
2141 2199 2309 2244 nostro
2334 2195 2506 2244 vertici
2536 2244 2540 2251 ,

248 2266 793 2329 appropinquantibus?
830 2265 933 2314 Ant
968 2267 1010 2315 si
1047 2264 1239 2329 pondus
1276 2266 1325 2313 in
1364 2265 1500 2315 coelo
1538 2266 1741 2330 nullum,
1782 2267 1898 2330 quid
1924 2269 2084 2331 igitur·
2111 2272 2184 2317 est
2209 2267 2351 2317 nobis
2383 2281 2505 2330 opus

249 2339 450 2388 orbibus
487 2339 550 2388 ad
590 2338 840 2388 vehendos
879 2337 1055 2401 globos
1090 2337 1430 2401 planetarum?
1503 2393 1511 2398 ,
2243 2329 2254 2341 ⁸

392 2411 450 2480 Si
485 2413 627 2462 orbes
663 2412 809 2462 solidi
845 2413 979 2460 nulli
1013 2418 1154 2468 sunt,
1207 2417 1350 2461 tanto
1386 2413 1551 2474 mayis
1586 2412 1924 2475 intelliyentiis
1961 2427 2089 2475 opus
2126 2427 2224 2463 esse
2262 2413 2508 2463 videbitur

246 2484 316 2534 ad
348 2491 515 2534 motus
553 2486 805 2535 coelorum
843 2484 1300 2542 administrandos‚
1347 2485 1458 2533 licet
1494 2485 1613 2534 illae
1649 2483 1743 2533 Dii
1778 2500 1884 2536 non
1919 2488 2044 2548 sint3
2093 2492 2192 2536 esto
2239 2489 2396 2546 enim,
2449 2492 2506 2536 ut

243 2560 344 2605 sint
382 2559 550 2621 anyeli
587 2565 680 2608 aut
717 2559 823 2607 alia
861 2558 1039 2620 aliqua
1090 2563 1329 2606 creatura
1365 2558 1651 2607 rationalis.
1725 2557 1828 2608 Nec
1867 2572 1989 2621 opus
2028 2565 2102 2608 est
2152 2558 2252 2620 his,
2305 2565 2357 2608 ut
2374 2572 2506 2623 >pro-

245 2630 454 2692 habitur,
501 2645 592 2681 nec
629 2631 732 2679 fieri
770 2636 954 2694 potest,
1008 2637 1062 2679 ut
1099 2629 1276 2694 globus
1315 2629 1615 2694 planetarius
1653 2632 2009 2695 circumagatur
2047 2646 2133 2696 per
2167 2632 2322 2683 solam
2360 2631 2509 2682 intel·-

244 2702 512 2766 ligentiam.
589 2703 714 2753 Nam
751 2704 908 2767 primo
946 2718 1100 2762 mens,
1142 2703 1376 2753 destituta
1411 2705 1633 2767 potentia
1671 2704 1884 2766 animali,
1923 2705 2180 2754 sufficienti
2219 2705 2282 2754 ad
2320 2707 2505 2755 motum

245 2775 560 2837 inferendum,
604 2790 694 2825 nec
732 2776 952 2840 possidet
988 2776 1137 2826 ullam
1179 2777 1278 2824 vim
1314 2778 1565 2826 motricem
1601 2777 1649 2824 in
1689 2775 1796 2826 solo
1822 2785 1960 2839 nutu,
1999 2792 2089 2828 nec
2114 2777 2271 2827 audiri
2310 2785 2359 2827 et
2392 2793 2510 2842 per-

244 2850 348 2911 cipi
378 2865 408 2897 a
449 2850 594 2898 bruto
632 2848 779 2913 globo
818 2856 1008 2914 potest,
1060 2864 1165 2910 nec,
1204 2851 1246 2898 si
1284 2852 1636 2912 perciperetur,
1675 2850 1854 2912 globus
1890 2852 2173 2901 materiatus
2223 2851 2504 2901 facultatem

246 2921 450 2971 haberet
495 2922 797 2985 obsequendi
835 2937 987 2986 seque
1039 2924 1200 2986 ipsum
1237 2922 1479 2972 movendi.
1554 2922 1673 2972 Jam
1712 2931 1870 2976 antea.
1896 2938 2012 2974 vero
2060 2922 2265 2986 dictum,
2321 2923 2504 2974 nullam

246 2994 465 3044 sufficere
511 2996 611 3044 vim
651 2996 911 3046 animalem
949 2994 1268 3045 transferendi
1317 3010 1460 3044 suum
1500 3010 1673 3061 corpus
1713 2997 1772 3046 de
1809 2997 1919 3047 loco
1956 2998 2006 3045 in
2043 2995 2231 3059 locum,
2281 2998 2375 3046 nisi
2411 2995 2506 3046 ad-

247 3067 343 3114 sint
379 3069 706 3118 instrumenta
743 3076 793 3119 et
830 3071 1085 3132 quiescens
1126 3068 1329 3131 aliquod
1369 3083 1558 3132 corpuS,
1598 3084 1744 3134 super
1781 3084 1879 3133 quo
1918 3069 2002 3119 fiat
2025 3075 2210 3133 motus;
2248 3085 2324 3120 res
2358 3072 2506 3134 igitur-

250 3138 314 3186 ad
355 3142 605 3202 superiora
640 3142 827 3192 recidit.
904 3141 944 3191 E
969 3143 1222 3190 ‘contrario
1262 3150 1378 3190 vero
1415 3144 1667 3205 potentiae
1705 3142 1968 3203 naturales,
1996 3143 2181 3203 sinsitae
2220 3143 2501 3208 corporibus

247 3210 366 3273 ipsis
392 3213 712 3274 planetarum,
752 3220 998 3278 praestare
1021 3215 1116 3264 hoc
1143 3221 1360 3279 possunt,
1394 3222 1448 3263 ut
1477 3214 1672 3279 planeta
1697 3215 1756 3265 de
1781 3215 1890 3265 loco
1914 3217 1964 3262 in
1986 3215 2147 3263 locum
2174 3216 2520 3274 transferatur-2,

392 3284 559 3334 Posito
600 3301 729 3347 ver0,
770 3288 990 3336 sufficere
1030 3287 1094 3337 ad
1119 3293 1318 3348 motum,
1358 3294 1414 3335 ut
1450 3287 1774 3351 intelligentia
1806 3288 1927 3338 velit
1962 3301 2159 3338 movere
2185 3291 2234 3337 in
2272 3289 2398 3338 hanc
2420 3286 2503 3337 vel

207 3404 210 3412 ,
246 3355 380 3404 illam
418 3357 646 3419 plagam,
685 3360 786 3422 J‘am
825 3360 1038 3409 absurda
1073 3360 1157 3409 fiet
1191 3361 1410 3410 inventio
1449 3360 1648 3423 figurae,
1689 3362 1738 3409 in
1775 3375 1873 3423 qua
1908 3359 2040 3409 linea
2076 3367 2238 3411 motus
2278 3361 2498 3411 ordinata

247 3434 335 3477 est.
413 3428 755 3480 Convincimur
808 3435 938 3482 enim
977 3433 1249 3482 observatis
1288 3435 1627 3482 astronomicis
1663 3432 1877 3496 legitime
1924 3435 2170 3497 tractatis,
2221 3436 2353 3484 viam
2389 3433 2515 3498 pla-‘

246 3507 389 3549 netae
429 3516 536 3551 esse
575 3517 722 3564 quam
759 3508 977 3568 proxime
1017 3506 1298 3556 circularem
1349 3512 1398 3555 et
1434 3506 1631 3568 quidem
1679 3507 2018 3568 eccentricam,
2065 3506 2160 3556 hoc
2212 3514 2309 3569 est,
2360 3506 2495 3569 cuju·

249 3580 465 3622 centrum
514 3588 610 3622 non
648 3577 711 3623 sit
749 3578 797 3623 in
836 3584 998 3627 centro
1037 3565 1202 3627 mundi
1241 3579 1319 3628 vel
1361 3580 1575 3641 corporis
1613 3578 1845 3639 alicujus,
1898 3585 1946 3627 et
1983 3579 2116 3642 qnod
2153 3581 2496 3644 insupersuc-
2552 3603 2554 3608 ·

249 3660 387 3694 cessu
425 3646 698 3695 seculorum
738 3647 798 3697 de
847 3649 956 3697 loco
1008 3653 1058 3698 in
1106 3652 1268 3701 locum
1320 3657 1548 3700 transeat.
1622 3649 1846 3699 Totidem
1886 3657 2049 3700 autem
2087 3659 2372 3716 argumenta
2408 3650 2493 3699 de-

193 3727 203 3736 *
245 3719 402 3781 promi
449 3726 656 3782 possunt
693 3725 862 3768 contra
897 3722 1230 3772 inventionem
1267 3724 1382 3772 talis
1421 3724 1634 3785 orbitae,
1691 3728 1811 3785 quot
1848 3731 1964 3772 sunt
1999 3725 2105 3787 ejus
2136 3725 2240 3788 Jam
2280 3723 2493 3787 descrip-
2552 3759 2554 3761 .

249 3798 329 3840 tae
365 3796 543 3854 partes

2549 3565 2554 3598 l

2549 3640 2554 3675 Ι

2547 3708 2554 3739 l

2546 3767 2554 3796 i

2543 3839 2550 3882 ,ν’

390 3864 513 3915 Nam
552 3866 732 3931 primo,
770 3863 996 3929 planetae
1035 3867 1196 3916 orbita
1234 3883 1331 3918 non
1370 3874 1445 3918 est
1481 3867 1722 3931 perfectus
1761 3867 1994 3930 circulus,
2035 3874 2083 3918 et
2119 3871 2163 3917 si
2195 3883 2330 3919 mens
2367 3868 2521 3918 hane‘
