<?xml version="1.0" encoding="UTF-8"?>
<!DOCTYPE html PUBLIC "-//W3C//DTD XHTML 1.0 Transitional//EN"
    "http://www.w3.org/TR/xhtml1/DTD/xhtml1-transitional.dtd">
<html xmlns="http://www.w3.org/1999/xhtml" xml:lang="en" lang="en">
 <head>
  <title>
</title>
<meta http-equiv="Content-Type" content="text/html;charset=utf-8" />
  <meta name='ocr-system' content='tesseract 3.04.00' />
  <meta name='ocr-capabilities' content='ocr_page ocr_carea ocr_par ocr_line ocrx_word'/>
</head>
<body>
  <div class='ocr_page' id='page_1' title='image "./operaomniaedidit06kepluoft_0731.png"; bbox 0 0 2554 4140; ppageno 0'>
   <div class='ocr_carea' id='block_1_1' title="bbox 0 1179 6 1679">
    <p class='ocr_par' dir='ltr' id='par_1_1' title="bbox 0 1179 6 1679">
     <span class='ocr_line' id='line_1_1' title="bbox 0 1179 6 1679; baseline 0 0"><span class='ocrx_word' id='word_1_1' title='bbox 0 1179 6 1679; x_wconf 95' lang='lat' dir='ltr'> </span> 
     </span>
    </p>
   </div>
   <div class='ocr_carea' id='block_1_2' title="bbox 0 1670 55 4140">
    <p class='ocr_par' dir='ltr' id='par_1_2' title="bbox 0 1670 55 4140">
     <span class='ocr_line' id='line_1_2' title="bbox 0 1670 55 4140; baseline 0 0"><span class='ocrx_word' id='word_1_2' title='bbox 0 1670 55 4140; x_wconf 95' lang='lat' dir='ltr'> </span> 
     </span>
    </p>
   </div>
   <div class='ocr_carea' id='block_1_3' title="bbox 1079 126 2428 183">
    <p class='ocr_par' dir='ltr' id='par_1_3' title="bbox 1079 126 2428 183">
     <span class='ocr_line' id='line_1_3' title="bbox 1079 126 2428 183; baseline 0.003 -12"><span class='ocrx_word' id='word_1_3' title='bbox 1079 126 1343 183; x_wconf 85' lang='lat' dir='ltr'>Praecepta.</span> <span class='ocrx_word' id='word_1_4' title='bbox 2056 156 2067 161; x_wconf 77' lang='grc'><strong>-</strong></span> <span class='ocrx_word' id='word_1_5' title='bbox 2328 131 2356 176; x_wconf 89' lang='grc'><strong>7</strong></span> <span class='ocrx_word' id='word_1_6' title='bbox 2367 130 2391 177; x_wconf 95' lang='grc'><strong>1</strong></span> <span class='ocrx_word' id='word_1_7' title='bbox 2401 130 2428 175; x_wconf 99' lang='grc'><strong>7</strong></span> 
     </span>
    </p>
   </div>
   <div class='ocr_carea' id='block_1_4' title="bbox 176 271 2438 992">
    <p class='ocr_par' dir='ltr' id='par_1_4' title="bbox 176 271 2438 992">
     <span class='ocr_line' id='line_1_4' title="bbox 321 271 2434 343; baseline -0.001 -19"><span class='ocrx_word' id='word_1_8' title='bbox 321 278 481 326; x_wconf 85' lang='lat' dir='ltr'><strong>Prae</strong></span> <span class='ocrx_word' id='word_1_9' title='bbox 500 291 539 326; x_wconf 90' lang='lat' dir='ltr'>c.</span> <span class='ocrx_word' id='word_1_10' title='bbox 584 275 699 325; x_wconf 85' lang='lat'>195.</span> <span class='ocrx_word' id='word_1_11' title='bbox 777 275 960 325; x_wconf 83' lang='lat' dir='ltr'><em>Stellae</em></span> <span class='ocrx_word' id='word_1_12' title='bbox 1007 276 1160 339; x_wconf 64' lang='lat' dir='ltr'>siccae,</span> <span class='ocrx_word' id='word_1_13' title='bbox 1211 276 1359 334; x_wconf 79' lang='lat' dir='ltr'>cujus</span> <span class='ocrx_word' id='word_1_14' title='bbox 1404 280 1473 322; x_wconf 84' lang='lat' dir='ltr'>est</span> <span class='ocrx_word' id='word_1_15' title='bbox 1520 274 1644 322; x_wconf 84' lang='lat' dir='ltr'>data</span> <span class='ocrx_word' id='word_1_16' title='bbox 1697 273 1960 336; x_wconf 75' lang='lat' dir='ltr'>lonyitudo</span> <span class='ocrx_word' id='word_1_17' title='bbox 2009 279 2056 322; x_wconf 82' lang='lat' dir='ltr'>et</span> <span class='ocrx_word' id='word_1_18' title='bbox 2100 273 2318 343; x_wconf 63' lang='lat' dir='ltr'>latitudo</span> <span class='ocrx_word' id='word_1_19' title='bbox 2365 271 2434 319; x_wconf 91' lang='lat' dir='ltr'>ad</span> 
     </span>
     <span class='ocr_line' id='line_1_5' title="bbox 177 345 2433 412; baseline -0.001 -16"><span class='ocrx_word' id='word_1_20' title='bbox 177 365 226 396; x_wconf 93' lang='lat' dir='ltr'>a.</span> <span class='ocrx_word' id='word_1_21' title='bbox 256 352 404 412; x_wconf 85' lang='lat'>1600,</span> <span class='ocrx_word' id='word_1_22' title='bbox 443 352 701 412; x_wconf 71' lang='lat' dir='ltr'><strong><em>inquirere</em></strong></span> <span class='ocrx_word' id='word_1_23' title='bbox 738 349 1124 398; x_wconf 73' lang='lat' dir='ltr'><em>declinationem</em></span> <span class='ocrx_word' id='word_1_24' title='bbox 1149 353 1195 396; x_wconf 85' lang='lat' dir='ltr'>et</span> <span class='ocrx_word' id='word_1_25' title='bbox 1219 362 1318 398; x_wconf 85' lang='lat' dir='ltr'>asc.</span> <span class='ocrx_word' id='word_1_26' title='bbox 1356 353 1544 394; x_wconf 72' lang='lat' dir='ltr'>rectam</span> <span class='ocrx_word' id='word_1_27' title='bbox 1572 347 1642 408; x_wconf 83' lang='lat' dir='ltr'>ad</span> <span class='ocrx_word' id='word_1_28' title='bbox 1666 347 2002 409; x_wconf 77' lang='lat' dir='ltr'>quodcunque</span> <span class='ocrx_word' id='word_1_29' title='bbox 2025 353 2236 408; x_wconf 82' lang='lat' dir='ltr'>tempus.</span> <span class='ocrx_word' id='word_1_30' title='bbox 2301 345 2433 394; x_wconf 80' lang='lat' dir='ltr'>Con-</span> 
     </span>
     <span class='ocr_line' id='line_1_6' title="bbox 176 417 2433 484; baseline -0.002 -15"><span class='ocrx_word' id='word_1_31' title='bbox 176 424 406 471; x_wconf 87' lang='lat' dir='ltr'>stituatur</span> <span class='ocrx_word' id='word_1_32' title='bbox 420 423 590 471; x_wconf 83' lang='lat' dir='ltr'>stellae</span> <span class='ocrx_word' id='word_1_33' title='bbox 615 421 871 484; x_wconf 87' lang='lat' dir='ltr'>longitudo</span> <span class='ocrx_word' id='word_1_34' title='bbox 893 422 956 470; x_wconf 88' lang='lat' dir='ltr'>ad</span> <span class='ocrx_word' id='word_1_35' title='bbox 983 429 1173 484; x_wconf 87' lang='lat' dir='ltr'>tempus</span> <span class='ocrx_word' id='word_1_36' title='bbox 1190 420 1493 484; x_wconf 90' lang='lat' dir='ltr'>propositum</span> <span class='ocrx_word' id='word_1_37' title='bbox 1514 420 1774 468; x_wconf 88' lang='lat' dir='ltr'>secundam</span> <span class='ocrx_word' id='word_1_38' title='bbox 1800 434 1947 468; x_wconf 91' lang='lat' dir='ltr'>unam</span> <span class='ocrx_word' id='word_1_39' title='bbox 1975 435 2034 467; x_wconf 86' lang='lat' dir='ltr'>ex</span> <span class='ocrx_word' id='word_1_40' title='bbox 2060 421 2224 468; x_wconf 85' lang='lat' dir='ltr'>formis</span> <span class='ocrx_word' id='word_1_41' title='bbox 2254 420 2283 469; x_wconf 83' lang='lat'>5</span> <span class='ocrx_word' id='word_1_42' title='bbox 2305 417 2433 467; x_wconf 92' lang='lat' dir='ltr'>obli-</span> 
     </span>
     <span class='ocr_line' id='line_1_7' title="bbox 177 484 2433 558; baseline -0.002 -15"><span class='ocrx_word' id='word_1_43' title='bbox 177 496 392 557; x_wconf 78' lang='lat' dir='ltr'>quitatiS,</span> <span class='ocrx_word' id='word_1_44' title='bbox 422 510 547 557; x_wconf 89' lang='lat' dir='ltr'>quae</span> <span class='ocrx_word' id='word_1_45' title='bbox 573 496 718 542; x_wconf 89' lang='lat' dir='ltr'>etiam</span> <span class='ocrx_word' id='word_1_46' title='bbox 746 495 966 543; x_wconf 88' lang='lat' dir='ltr'>adhibita</span> <span class='ocrx_word' id='word_1_47' title='bbox 991 495 1082 542; x_wconf 84' lang='lat' dir='ltr'>fuit</span> <span class='ocrx_word' id='word_1_48' title='bbox 1106 495 1154 540; x_wconf 90' lang='lat' dir='ltr'>in</span> <span class='ocrx_word' id='word_1_49' title='bbox 1174 493 1282 541; x_wconf 92' lang='lat' dir='ltr'>loco</span> <span class='ocrx_word' id='word_1_50' title='bbox 1302 489 1373 558; x_wconf 73' lang='grc' dir='ltr'>Θ</span> <span class='ocrx_word' id='word_1_51' title='bbox 1400 492 1701 540; x_wconf 87' lang='lat' dir='ltr'>absolvendo</span> <span class='ocrx_word' id='word_1_52' title='bbox 1749 495 1904 553; x_wconf 77' lang='lat' dir='ltr'>(praec.</span> <span class='ocrx_word' id='word_1_53' title='bbox 1945 496 2080 553; x_wconf 87' lang='lat'>190),</span> <span class='ocrx_word' id='word_1_54' title='bbox 2122 484 2297 542; x_wconf 83' lang='lat' dir='ltr'>deinde</span> <span class='ocrx_word' id='word_1_55' title='bbox 2325 506 2433 540; x_wconf 90' lang='lat' dir='ltr'>cum</span> 
     </span>
     <span class='ocr_line' id='line_1_8' title="bbox 177 565 2435 630; baseline -0.001 -14"><span class='ocrx_word' id='word_1_56' title='bbox 177 568 271 616; x_wconf 88' lang='lat' dir='ltr'>hac</span> <span class='ocrx_word' id='word_1_57' title='bbox 309 567 611 630; x_wconf 89' lang='lat' dir='ltr'>longitudine</span> <span class='ocrx_word' id='word_1_58' title='bbox 651 574 699 615; x_wconf 92' lang='lat' dir='ltr'>et</span> <span class='ocrx_word' id='word_1_59' title='bbox 738 582 847 616; x_wconf 91' lang='lat' dir='ltr'>cum</span> <span class='ocrx_word' id='word_1_60' title='bbox 883 566 1141 616; x_wconf 89' lang='lat' dir='ltr'>latitudine</span> <span class='ocrx_word' id='word_1_61' title='bbox 1179 567 1293 614; x_wconf 89' lang='lat' dir='ltr'>anni</span> <span class='ocrx_word' id='word_1_62' title='bbox 1325 565 1716 627; x_wconf 15' lang='lat' dir='ltr'>1600,kperinde</span> <span class='ocrx_word' id='word_1_63' title='bbox 1756 579 1813 613; x_wconf 90' lang='lat' dir='ltr'>ac</span> <span class='ocrx_word' id='word_1_64' title='bbox 1842 567 1883 613; x_wconf 92' lang='lat' dir='ltr'>si</span> <span class='ocrx_word' id='word_1_65' title='bbox 1910 571 2040 615; x_wconf 90' lang='lat' dir='ltr'>esset</span> <span class='ocrx_word' id='word_1_66' title='bbox 2077 565 2162 614; x_wconf 91' lang='lat' dir='ltr'>illa</span> <span class='ocrx_word' id='word_1_67' title='bbox 2200 571 2435 630; x_wconf 89' lang='lat' dir='ltr'>perpetuo</span> 
     </span>
     <span class='ocr_line' id='line_1_9' title="bbox 180 638 2433 702; baseline -0 -14"><span class='ocrx_word' id='word_1_68' title='bbox 180 640 505 700; x_wconf 82' lang='lat' dir='ltr'>invariabilis,</span> <span class='ocrx_word' id='word_1_69' title='bbox 555 654 734 702; x_wconf 89' lang='lat' dir='ltr'>quaere</span> <span class='ocrx_word' id='word_1_70' title='bbox 789 641 908 689; x_wconf 91' lang='lat' dir='ltr'>decl.</span> <span class='ocrx_word' id='word_1_71' title='bbox 964 646 1013 689; x_wconf 86' lang='lat' dir='ltr'>et</span> <span class='ocrx_word' id='word_1_72' title='bbox 1051 653 1153 689; x_wconf 89' lang='lat' dir='ltr'>asc.</span> <span class='ocrx_word' id='word_1_73' title='bbox 1191 644 1401 700; x_wconf 77' lang='lat' dir='ltr'>rectam3</span> <span class='ocrx_word' id='word_1_74' title='bbox 1453 640 1522 685; x_wconf 90' lang='lat' dir='ltr'>ita</span> <span class='ocrx_word' id='word_1_75' title='bbox 1576 638 1857 686; x_wconf 90' lang='lat' dir='ltr'>conficietur</span> <span class='ocrx_word' id='word_1_76' title='bbox 1903 638 2024 687; x_wconf 90' lang='lat' dir='ltr'>decl.</span> <span class='ocrx_word' id='word_1_77' title='bbox 2065 644 2113 687; x_wconf 91' lang='lat' dir='ltr'>et</span> <span class='ocrx_word' id='word_1_78' title='bbox 2151 653 2247 688; x_wconf 86' lang='lat' dir='ltr'>asc.</span> <span class='ocrx_word' id='word_1_79' title='bbox 2287 644 2433 699; x_wconf 90' lang='lat' dir='ltr'>recta,</span> 
     </span>
     <span class='ocr_line' id='line_1_10' title="bbox 185 711 2438 777; baseline -0.001 -15"><span class='ocrx_word' id='word_1_80' title='bbox 185 720 464 776; x_wconf 90' lang='lat' dir='ltr'>competens</span> <span class='ocrx_word' id='word_1_81' title='bbox 506 715 711 777; x_wconf 88' lang='lat' dir='ltr'>tempori</span> <span class='ocrx_word' id='word_1_82' title='bbox 750 714 1016 777; x_wconf 88' lang='lat' dir='ltr'>proposito.</span> <span class='ocrx_word' id='word_1_83' title='bbox 1092 712 1198 759; x_wconf 86' lang='lat' dir='ltr'>Etsi</span> <span class='ocrx_word' id='word_1_84' title='bbox 1236 713 1362 760; x_wconf 91' lang='lat' dir='ltr'>enim</span> <span class='ocrx_word' id='word_1_85' title='bbox 1401 716 1649 758; x_wconf 89' lang='lat' dir='ltr'>mutantur</span> <span class='ocrx_word' id='word_1_86' title='bbox 1685 711 1890 759; x_wconf 85' lang='lat' dir='ltr'>sortasse</span> <span class='ocrx_word' id='word_1_87' title='bbox 1928 711 2208 760; x_wconf 90' lang='lat' dir='ltr'>latitudines</span> <span class='ocrx_word' id='word_1_88' title='bbox 2234 711 2438 760; x_wconf 87' lang='lat' dir='ltr'>fixarum</span> 
     </span>
     <span class='ocr_line' id='line_1_11' title="bbox 181 783 2438 849; baseline 0 -16"><span class='ocrx_word' id='word_1_89' title='bbox 181 787 245 834; x_wconf 90' lang='lat' dir='ltr'>ab</span> <span class='ocrx_word' id='word_1_90' title='bbox 285 786 535 849; x_wconf 89' lang='lat' dir='ltr'>ecliptica,</span> <span class='ocrx_word' id='word_1_91' title='bbox 593 786 643 833; x_wconf 90' lang='lat' dir='ltr'>id</span> <span class='ocrx_word' id='word_1_92' title='bbox 683 793 843 835; x_wconf 90' lang='lat' dir='ltr'>tamen</span> <span class='ocrx_word' id='word_1_93' title='bbox 883 787 937 834; x_wconf 86' lang='lat' dir='ltr'>fit</span> <span class='ocrx_word' id='word_1_94' title='bbox 973 799 1070 834; x_wconf 91' lang='lat' dir='ltr'>non</span> <span class='ocrx_word' id='word_1_95' title='bbox 1108 789 1244 832; x_wconf 90' lang='lat' dir='ltr'>motu</span> <span class='ocrx_word' id='word_1_96' title='bbox 1279 783 1398 834; x_wconf 88' lang='lat' dir='ltr'>reali</span> <span class='ocrx_word' id='word_1_97' title='bbox 1436 783 1666 843; x_wconf 87' lang='lat' dir='ltr'>fixarum,</span> <span class='ocrx_word' id='word_1_98' title='bbox 1717 783 1804 832; x_wconf 89' lang='lat' dir='ltr'>sed</span> <span class='ocrx_word' id='word_1_99' title='bbox 1848 783 2100 847; x_wconf 88' lang='lat' dir='ltr'>eclipticae</span> <span class='ocrx_word' id='word_1_100' title='bbox 2141 783 2295 849; x_wconf 86' lang='lat' dir='ltr'>ipsius</span> <span class='ocrx_word' id='word_1_101' title='bbox 2334 785 2438 833; x_wconf 89' lang='lat' dir='ltr'>dis-</span> 
     </span>
     <span class='ocr_line' id='line_1_12' title="bbox 180 857 2434 922; baseline -0.001 -15"><span class='ocrx_word' id='word_1_102' title='bbox 180 861 397 907; x_wconf 84' lang='lat' dir='ltr'>cessione</span> <span class='ocrx_word' id='word_1_103' title='bbox 437 874 467 907; x_wconf 87' lang='lat' dir='ltr'>a</span> <span class='ocrx_word' id='word_1_104' title='bbox 506 859 615 907; x_wconf 87' lang='lat' dir='ltr'>fixis</span> <span class='ocrx_word' id='word_1_105' title='bbox 654 860 702 907; x_wconf 82' lang='lat' dir='ltr'>e&#39;t</span> <span class='ocrx_word' id='word_1_106' title='bbox 739 866 1026 922; x_wconf 70' lang='lat' dir='ltr'>aequa-tore,</span> <span class='ocrx_word' id='word_1_107' title='bbox 1081 858 1164 906; x_wconf 89' lang='lat' dir='ltr'>ubi</span> <span class='ocrx_word' id='word_1_108' title='bbox 1201 857 1327 907; x_wconf 87' lang='lat' dir='ltr'>fixae</span> <span class='ocrx_word' id='word_1_109' title='bbox 1379 862 1427 906; x_wconf 91' lang='lat' dir='ltr'>et</span> <span class='ocrx_word' id='word_1_110' title='bbox 1465 861 1723 919; x_wconf 89' lang='lat' dir='ltr'>aequator,</span> <span class='ocrx_word' id='word_1_111' title='bbox 1776 865 1997 919; x_wconf 90' lang='lat' dir='ltr'>respectu</span> <span class='ocrx_word' id='word_1_112' title='bbox 2045 858 2238 921; x_wconf 88' lang='lat' dir='ltr'>quidem</span> <span class='ocrx_word' id='word_1_113' title='bbox 2289 858 2434 920; x_wconf 87' lang='lat' dir='ltr'>hujus</span> 
     </span>
     <span class='ocr_line' id='line_1_13' title="bbox 178 933 1247 992; baseline -0.002 -12"><span class='ocrx_word' id='word_1_114' title='bbox 178 934 487 992; x_wconf 84' lang='lat' dir='ltr'>mutationis,</span> <span class='ocrx_word' id='word_1_115' title='bbox 528 934 653 981; x_wconf 90' lang='lat' dir='ltr'>inter</span> <span class='ocrx_word' id='word_1_116' title='bbox 689 947 796 982; x_wconf 88' lang='lat' dir='ltr'>sese</span> <span class='ocrx_word' id='word_1_117' title='bbox 834 946 931 981; x_wconf 91' lang='lat' dir='ltr'>non</span> <span class='ocrx_word' id='word_1_118' title='bbox 971 933 1247 988; x_wconf 84' lang='lat' dir='ltr'>connivent.</span> 
     </span>
    </p>
   </div>
   <div class='ocr_carea' id='block_1_5' title="bbox 179 1010 2443 1958">
    <p class='ocr_par' dir='ltr' id='par_1_5' title="bbox 179 1010 2443 1958">
     <span class='ocr_line' id='line_1_14' title="bbox 322 1010 2438 1080; baseline 0.001 -15"><span class='ocrx_word' id='word_1_119' title='bbox 322 1018 479 1067; x_wconf 91' lang='lat' dir='ltr'>Prae</span> <span class='ocrx_word' id='word_1_120' title='bbox 497 1032 537 1067; x_wconf 86' lang='lat' dir='ltr'>c.</span> <span class='ocrx_word' id='word_1_121' title='bbox 585 1020 701 1067; x_wconf 88' lang='grc'><strong>196.</strong></span> <span class='ocrx_word' id='word_1_122' title='bbox 777 1018 857 1066; x_wconf 92' lang='lat' dir='ltr'>De</span> <span class='ocrx_word' id='word_1_123' title='bbox 895 1019 1012 1066; x_wconf 84' lang='lat' dir='ltr'>locis</span> <span class='ocrx_word' id='word_1_124' title='bbox 1046 1017 1377 1080; x_wconf 78' lang='lat' dir='ltr'>planetarum</span> <span class='ocrx_word' id='word_1_125' title='bbox 1416 1010 1771 1077; x_wconf 84' lang='lat' dir='ltr'>emendandis,</span> <span class='ocrx_word' id='word_1_126' title='bbox 1820 1031 1952 1079; x_wconf 81' lang='lat' dir='ltr'>quae</span> <span class='ocrx_word' id='word_1_127' title='bbox 1991 1017 2309 1067; x_wconf 80' lang='lat' dir='ltr'>Ptolemaeus</span> <span class='ocrx_word' id='word_1_128' title='bbox 2349 1019 2438 1068; x_wconf 82' lang='lat' dir='ltr'>ob-</span> 
     </span>
     <span class='ocr_line' id='line_1_15' title="bbox 181 1090 2441 1153; baseline 0.001 -14"><span class='ocrx_word' id='word_1_129' title='bbox 181 1094 431 1153; x_wconf 78' lang='lat' dir='ltr'>servavit,</span> <span class='ocrx_word' id='word_1_130' title='bbox 485 1098 546 1139; x_wconf 82' lang='lat' dir='ltr'>ut</span> <span class='ocrx_word' id='word_1_131' title='bbox 582 1106 699 1139; x_wconf 82' lang='lat' dir='ltr'>cum</span> <span class='ocrx_word' id='word_1_132' title='bbox 737 1092 931 1140; x_wconf 83' lang='lat' dir='ltr'>calculo</span> <span class='ocrx_word' id='word_1_133' title='bbox 969 1091 1156 1139; x_wconf 81' lang='lat' dir='ltr'>harum</span> <span class='ocrx_word' id='word_1_134' title='bbox 1203 1090 1519 1138; x_wconf 77' lang='lat' dir='ltr'><em>Tabularum</em></span> <span class='ocrx_word' id='word_1_135' title='bbox 1578 1090 1801 1153; x_wconf 74' lang='lat' dir='ltr'>conferri</span> <span class='ocrx_word' id='word_1_136' title='bbox 1836 1090 2006 1139; x_wconf 77' lang='lat' dir='ltr'>dextre</span> <span class='ocrx_word' id='word_1_137' title='bbox 2039 1095 2230 1152; x_wconf 80' lang='lat' dir='ltr'>possint</span> <span class='ocrx_word' id='word_1_138' title='bbox 2279 1100 2324 1142; x_wconf 86' lang='lat' dir='ltr'>et</span> <span class='ocrx_word' id='word_1_139' title='bbox 2359 1096 2441 1142; x_wconf 86' lang='lat' dir='ltr'>vi-</span> 
     </span>
     <span class='ocr_line' id='line_1_16' title="bbox 181 1162 2440 1228; baseline 0.002 -17"><span class='ocrx_word' id='word_1_140' title='bbox 181 1167 358 1212; x_wconf 84' lang='lat' dir='ltr'>cissim.</span> <span class='ocrx_word' id='word_1_141' title='bbox 437 1164 558 1211; x_wconf 90' lang='lat' dir='ltr'>Cum</span> <span class='ocrx_word' id='word_1_142' title='bbox 595 1163 911 1213; x_wconf 85' lang='lat' dir='ltr'>Ptolemaeus</span> <span class='ocrx_word' id='word_1_143' title='bbox 950 1163 999 1211; x_wconf 90' lang='lat' dir='ltr'>id</span> <span class='ocrx_word' id='word_1_144' title='bbox 1036 1169 1267 1226; x_wconf 89' lang='lat' dir='ltr'>punctum</span> <span class='ocrx_word' id='word_1_145' title='bbox 1306 1162 1508 1211; x_wconf 88' lang='lat' dir='ltr'>fixarum</span> <span class='ocrx_word' id='word_1_146' title='bbox 1549 1162 1730 1211; x_wconf 89' lang='lat' dir='ltr'>habeat</span> <span class='ocrx_word' id='word_1_147' title='bbox 1768 1164 2131 1227; x_wconf 82' lang='lat' dir='ltr'>proprincipio</span> <span class='ocrx_word' id='word_1_148' title='bbox 2175 1165 2256 1227; x_wconf 70' lang='grc' dir='ltr'>Υ,</span> <span class='ocrx_word' id='word_1_149' title='bbox 2309 1166 2440 1228; x_wconf 83' lang='lat' dir='ltr'>quod</span> 
     </span>
     <span class='ocr_line' id='line_1_17' title="bbox 182 1234 2441 1302; baseline 0.002 -19"><span class='ocrx_word' id='word_1_150' title='bbox 182 1234 252 1302; x_wconf 74' lang='grc' dir='ltr'>Θ</span> <span class='ocrx_word' id='word_1_151' title='bbox 290 1235 531 1286; x_wconf 87' lang='lat' dir='ltr'>inscendit</span> <span class='ocrx_word' id='word_1_152' title='bbox 587 1237 819 1301; x_wconf 85' lang='lat' dir='ltr'>postridie</span> <span class='ocrx_word' id='word_1_153' title='bbox 869 1237 975 1299; x_wconf 90' lang='lat' dir='ltr'>ejus</span> <span class='ocrx_word' id='word_1_154' title='bbox 1025 1235 1147 1297; x_wconf 90' lang='lat' dir='ltr'>diei,</span> <span class='ocrx_word' id='word_1_155' title='bbox 1202 1250 1298 1298; x_wconf 92' lang='lat' dir='ltr'>quo</span> <span class='ocrx_word' id='word_1_156' title='bbox 1336 1251 1426 1284; x_wconf 91' lang='lat' dir='ltr'>nos</span> <span class='ocrx_word' id='word_1_157' title='bbox 1478 1251 1536 1285; x_wconf 87' lang='lat' dir='ltr'>ex</span> <span class='ocrx_word' id='word_1_158' title='bbox 1574 1236 1652 1284; x_wconf 89' lang='lat' dir='ltr'>his</span> <span class='ocrx_word' id='word_1_159' title='bbox 1691 1235 1894 1284; x_wconf 84' lang='lat' dir='ltr'>Tabulis</span> <span class='ocrx_word' id='word_1_160' title='bbox 1949 1236 2011 1285; x_wconf 87' lang='lat' dir='ltr'>ad</span> <span class='ocrx_word' id='word_1_161' title='bbox 2050 1237 2182 1286; x_wconf 89' lang='lat' dir='ltr'>illius</span> <span class='ocrx_word' id='word_1_162' title='bbox 2222 1243 2441 1302; x_wconf 86' lang='lat' dir='ltr'>tempora</span> 
     </span>
     <span class='ocr_line' id='line_1_18' title="bbox 184 1309 2438 1375; baseline 0 -16"><span class='ocrx_word' id='word_1_163' title='bbox 184 1316 524 1373; x_wconf 88' lang='lat' dir='ltr'>computamus</span> <span class='ocrx_word' id='word_1_164' title='bbox 564 1324 732 1358; x_wconf 85' lang='lat' dir='ltr'>verum</span> <span class='ocrx_word' id='word_1_165' title='bbox 770 1311 1150 1372; x_wconf 74' lang='lat' dir='ltr'>aequinoctium,</span> <span class='ocrx_word' id='word_1_166' title='bbox 1188 1311 1351 1358; x_wconf 88' lang='lat' dir='ltr'>omnia</span> <span class='ocrx_word' id='word_1_167' title='bbox 1388 1323 1503 1372; x_wconf 88' lang='lat' dir='ltr'>ergo</span> <span class='ocrx_word' id='word_1_168' title='bbox 1544 1309 1847 1372; x_wconf 89' lang='lat' dir='ltr'>planetarum</span> <span class='ocrx_word' id='word_1_169' title='bbox 1873 1309 1983 1359; x_wconf 90' lang='lat' dir='ltr'>loca</span> <span class='ocrx_word' id='word_1_170' title='bbox 2023 1310 2259 1360; x_wconf 72' lang='lat' dir='ltr'>diminuit</span> <span class='ocrx_word' id='word_1_171' title='bbox 2284 1312 2438 1375; x_wconf 88' lang='lat' dir='ltr'>gradu</span> 
     </span>
     <span class='ocr_line' id='line_1_19' title="bbox 184 1381 2439 1447; baseline 0 -16"><span class='ocrx_word' id='word_1_172' title='bbox 184 1397 225 1431; x_wconf 93' lang='lat' dir='ltr'>c.</span> <span class='ocrx_word' id='word_1_173' title='bbox 263 1397 362 1431; x_wconf 91' lang='lat' dir='ltr'>uno</span> <span class='ocrx_word' id='word_1_174' title='bbox 404 1391 452 1432; x_wconf 91' lang='lat' dir='ltr'>et</span> <span class='ocrx_word' id='word_1_175' title='bbox 491 1381 563 1445; x_wconf 86' lang='lat'>3¹</span> <span class='ocrx_word' id='word_1_176' title='bbox 551 1399 562 1410; x_wconf 93' lang='lat'><strong>·</strong></span> <span class='ocrx_word' id='word_1_177' title='bbox 603 1390 791 1431; x_wconf 90' lang='lat' dir='ltr'>tantum</span> <span class='ocrx_word' id='word_1_178' title='bbox 830 1385 981 1445; x_wconf 88' lang='lat' dir='ltr'>igitur</span> <span class='ocrx_word' id='word_1_179' title='bbox 1019 1382 1101 1430; x_wconf 87' lang='lat' dir='ltr'>vel</span> <span class='ocrx_word' id='word_1_180' title='bbox 1141 1381 1339 1432; x_wconf 91' lang='lat' dir='ltr'>detrahe</span> <span class='ocrx_word' id='word_1_181' title='bbox 1378 1384 1729 1447; x_wconf 87' lang='lat' dir='ltr'>computationi</span> <span class='ocrx_word' id='word_1_182' title='bbox 1767 1381 1939 1431; x_wconf 90' lang='lat' dir='ltr'>harum</span> <span class='ocrx_word' id='word_1_183' title='bbox 1977 1383 2301 1446; x_wconf 84' lang='lat' dir='ltr'>Tabularum,</span> <span class='ocrx_word' id='word_1_184' title='bbox 2358 1384 2439 1434; x_wconf 89' lang='lat' dir='ltr'>vel</span> 
     </span>
     <span class='ocr_line' id='line_1_20' title="bbox 184 1450 2442 1520; baseline 0.001 -16"><span class='ocrx_word' id='word_1_185' title='bbox 184 1455 308 1504; x_wconf 88' lang='lat' dir='ltr'>adde</span> <span class='ocrx_word' id='word_1_186' title='bbox 346 1455 498 1516; x_wconf 82' lang='lat' dir='ltr'>locis,</span> <span class='ocrx_word' id='word_1_187' title='bbox 554 1456 615 1504; x_wconf 89' lang='lat' dir='ltr'>ab</span> <span class='ocrx_word' id='word_1_188' title='bbox 654 1456 739 1504; x_wconf 90' lang='lat' dir='ltr'>illo</span> <span class='ocrx_word' id='word_1_189' title='bbox 794 1471 877 1520; x_wconf 90' lang='lat' dir='ltr'>per</span> <span class='ocrx_word' id='word_1_190' title='bbox 914 1456 1036 1504; x_wconf 80' lang='lat' dir='ltr'>fixas</span> <span class='ocrx_word' id='word_1_191' title='bbox 1077 1450 1376 1516; x_wconf 84' lang='lat' dir='ltr'>observatis,</span> <span class='ocrx_word' id='word_1_192' title='bbox 1427 1462 1481 1503; x_wconf 93' lang='lat' dir='ltr'>ut</span> <span class='ocrx_word' id='word_1_193' title='bbox 1525 1455 1785 1504; x_wconf 90' lang='lat' dir='ltr'>hodiernas</span> <span class='ocrx_word' id='word_1_194' title='bbox 1826 1456 1930 1505; x_wconf 88' lang='lat' dir='ltr'>obs.</span> <span class='ocrx_word' id='word_1_195' title='bbox 1981 1471 2089 1506; x_wconf 92' lang='lat' dir='ltr'>cum</span> <span class='ocrx_word' id='word_1_196' title='bbox 2127 1457 2442 1507; x_wconf 90' lang='lat' dir='ltr'>Ptolemaicis</span> 
     </span>
     <span class='ocr_line' id='line_1_21' title="bbox 179 1527 2442 1592; baseline 0.002 -17"><span class='ocrx_word' id='word_1_197' title='bbox 179 1531 228 1575; x_wconf 90' lang='lat' dir='ltr'>in</span> <span class='ocrx_word' id='word_1_198' title='bbox 267 1528 471 1578; x_wconf 89' lang='lat' dir='ltr'>eandem</span> <span class='ocrx_word' id='word_1_199' title='bbox 511 1527 970 1577; x_wconf 86' lang='lat' dir='ltr'>demonstrationem</span> <span class='ocrx_word' id='word_1_200' title='bbox 1010 1542 1299 1591; x_wconf 91' lang='lat' dir='ltr'>componere</span> <span class='ocrx_word' id='word_1_201' title='bbox 1337 1530 1428 1578; x_wconf 89' lang='lat' dir='ltr'>rite</span> <span class='ocrx_word' id='word_1_202' title='bbox 1466 1529 1640 1592; x_wconf 84' lang='lat' dir='ltr'>possis.</span> <span class='ocrx_word' id='word_1_203' title='bbox 1703 1528 1814 1578; x_wconf 87' lang='lat' dir='ltr'>Non</span> <span class='ocrx_word' id='word_1_204' title='bbox 1853 1534 1926 1577; x_wconf 89' lang='lat' dir='ltr'>est</span> <span class='ocrx_word' id='word_1_205' title='bbox 1961 1537 2125 1579; x_wconf 89' lang='lat' dir='ltr'>autem</span> <span class='ocrx_word' id='word_1_206' title='bbox 2163 1537 2218 1580; x_wconf 91' lang='lat' dir='ltr'>ut</span> <span class='ocrx_word' id='word_1_207' title='bbox 2253 1537 2442 1581; x_wconf 90' lang='lat' dir='ltr'>metuat</span> 
     </span>
     <span class='ocr_line' id='line_1_22' title="bbox 180 1589 2439 1668; baseline 0.002 -18"><span class='ocrx_word' id='word_1_208' title='bbox 180 1601 459 1662; x_wconf 86' lang='lat' dir='ltr'>calculator,</span> <span class='ocrx_word' id='word_1_209' title='bbox 499 1603 672 1650; x_wconf 87' lang='lat' dir='ltr'>vitium</span> <span class='ocrx_word' id='word_1_210' title='bbox 709 1603 804 1651; x_wconf 92' lang='lat' dir='ltr'>hoc</span> <span class='ocrx_word' id='word_1_211' title='bbox 841 1604 985 1650; x_wconf 88' lang='lat' dir='ltr'>unius</span> <span class='ocrx_word' id='word_1_212' title='bbox 1022 1601 1202 1664; x_wconf 88' lang='lat' dir='ltr'>gradus</span> <span class='ocrx_word' id='word_1_213' title='bbox 1239 1601 1619 1651; x_wconf 87' lang='lat' dir='ltr'>redundaturum</span> <span class='ocrx_word' id='word_1_214' title='bbox 1657 1603 1704 1649; x_wconf 91' lang='lat' dir='ltr'>in</span> <span class='ocrx_word' id='word_1_215' title='bbox 1735 1601 1940 1666; x_wconf 86' lang='lat' dir='ltr'>eclipses</span> <span class='ocrx_word' id='word_1_216' title='bbox 1978 1609 2064 1652; x_wconf 90' lang='lat' dir='ltr'>aut</span> <span class='ocrx_word' id='word_1_217' title='bbox 2102 1589 2226 1653; x_wconf 78' lang='lat' dir='ltr'>alios</span> <span class='ocrx_word' id='word_1_218' title='bbox 2264 1605 2439 1668; x_wconf 87' lang='lat' dir='ltr'>plane-</span> 
     </span>
     <span class='ocr_line' id='line_1_23' title="bbox 180 1675 2441 1742; baseline 0.002 -19"><span class='ocrx_word' id='word_1_219' title='bbox 180 1682 337 1723; x_wconf 87' lang='lat' dir='ltr'>tarum</span> <span class='ocrx_word' id='word_1_220' title='bbox 375 1681 562 1736; x_wconf 87' lang='lat' dir='ltr'>motus;</span> <span class='ocrx_word' id='word_1_221' title='bbox 604 1682 678 1723; x_wconf 88' lang='lat' dir='ltr'>est</span> <span class='ocrx_word' id='word_1_222' title='bbox 715 1678 842 1723; x_wconf 90' lang='lat' dir='ltr'>enim</span> <span class='ocrx_word' id='word_1_223' title='bbox 866 1681 1119 1738; x_wconf 88' lang='lat' dir='ltr'>peccatum</span> <span class='ocrx_word' id='word_1_224' title='bbox 1146 1676 1482 1724; x_wconf 87' lang='lat' dir='ltr'>tautummodo</span> <span class='ocrx_word' id='word_1_225' title='bbox 1507 1675 1872 1737; x_wconf 86' lang='lat' dir='ltr'>numerationis,</span> <span class='ocrx_word' id='word_1_226' title='bbox 1913 1691 1942 1724; x_wconf 92' lang='lat' dir='ltr'>a</span> <span class='ocrx_word' id='word_1_227' title='bbox 1977 1678 2232 1740; x_wconf 86' lang='lat' dir='ltr'>posteriori</span> <span class='ocrx_word' id='word_1_228' title='bbox 2260 1684 2441 1742; x_wconf 90' lang='lat' dir='ltr'>puncto</span> 
     </span>
     <span class='ocr_line' id='line_1_24' title="bbox 181 1747 2435 1814; baseline 0.002 -18"><span class='ocrx_word' id='word_1_229' title='bbox 181 1747 371 1796; x_wconf 81' lang='lat' dir='ltr'>zodiaci</span> <span class='ocrx_word' id='word_1_230' title='bbox 409 1750 647 1811; x_wconf 90' lang='lat' dir='ltr'>inceptae,</span> <span class='ocrx_word' id='word_1_231' title='bbox 686 1754 906 1796; x_wconf 89' lang='lat' dir='ltr'>motuum</span> <span class='ocrx_word' id='word_1_232' title='bbox 947 1755 1087 1809; x_wconf 90' lang='lat' dir='ltr'>tenor</span> <span class='ocrx_word' id='word_1_233' title='bbox 1124 1755 1302 1808; x_wconf 89' lang='lat' dir='ltr'>manet,</span> <span class='ocrx_word' id='word_1_234' title='bbox 1342 1763 1427 1811; x_wconf 91' lang='lat' dir='ltr'>per</span> <span class='ocrx_word' id='word_1_235' title='bbox 1461 1748 1555 1798; x_wconf 90' lang='lat' dir='ltr'>hoc</span> <span class='ocrx_word' id='word_1_236' title='bbox 1581 1747 1775 1811; x_wconf 90' lang='lat' dir='ltr'>quidem</span> <span class='ocrx_word' id='word_1_237' title='bbox 1807 1755 2077 1812; x_wconf 87' lang='lat' dir='ltr'>peccatum,</span> <span class='ocrx_word' id='word_1_238' title='bbox 2116 1750 2262 1814; x_wconf 89' lang='lat' dir='ltr'>plane</span> <span class='ocrx_word' id='word_1_239' title='bbox 2290 1752 2435 1813; x_wconf 90' lang='lat' dir='ltr'>idem,</span> 
     </span>
     <span class='ocr_line' id='line_1_25' title="bbox 184 1820 2443 1913; baseline 0.002 -43"><span class='ocrx_word' id='word_1_240' title='bbox 184 1827 233 1870; x_wconf 89' lang='lat' dir='ltr'>et</span> <span class='ocrx_word' id='word_1_241' title='bbox 271 1820 452 1870; x_wconf 89' lang='lat' dir='ltr'>dictum</span> <span class='ocrx_word' id='word_1_242' title='bbox 493 1827 567 1870; x_wconf 90' lang='lat' dir='ltr'>est</span> <span class='ocrx_word' id='word_1_243' title='bbox 603 1822 738 1883; x_wconf 87' lang='lat' dir='ltr'>alibi,</span> <span class='ocrx_word' id='word_1_244' title='bbox 777 1823 998 1885; x_wconf 89' lang='lat' dir='ltr'>potuisse</span> <span class='ocrx_word' id='word_1_245' title='bbox 1037 1823 1247 1869; x_wconf 87' lang='lat' dir='ltr'>exerceri</span> <span class='ocrx_word' id='word_1_246' title='bbox 1285 1823 1634 1870; x_wconf 87' lang='lat' dir='ltr'>astronomiam</span> <span class='ocrx_word' id='word_1_247' title='bbox 1671 1822 1994 1871; x_wconf 88' lang='lat' dir='ltr'>secundorum</span> <span class='ocrx_word' id='word_1_248' title='bbox 2030 1824 2309 1888; x_wconf 89' lang='lat' dir='ltr'>mobilium,</span> <span class='ocrx_word' id='word_1_249' title='bbox 2353 1827 2443 1913; x_wconf 87' lang='lat' dir='ltr'>etsi</span> 
     </span>
     <span class='ocr_line' id='line_1_26' title="bbox 180 1894 1794 1958; baseline 0.001 -17"><span class='ocrx_word' id='word_1_250' title='bbox 180 1894 325 1958; x_wconf 91' lang='lat' dir='ltr'>plane</span> <span class='ocrx_word' id='word_1_251' title='bbox 363 1897 724 1957; x_wconf 84' lang='lat' dir='ltr'>ignorassemus</span> <span class='ocrx_word' id='word_1_252' title='bbox 762 1901 995 1958; x_wconf 90' lang='lat' dir='ltr'>puuctum</span> <span class='ocrx_word' id='word_1_253' title='bbox 1034 1896 1348 1957; x_wconf 88' lang='lat' dir='ltr'>aequinoctii.</span> <span class='ocrx_word' id='word_1_254' title='bbox 1390 1898 1465 1952; x_wconf 82' lang='lat' dir='ltr'>(V</span> <span class='ocrx_word' id='word_1_255' title='bbox 1499 1913 1532 1943; x_wconf 90' lang='lat' dir='ltr'>s</span> <span class='ocrx_word' id='word_1_256' title='bbox 1564 1899 1794 1956; x_wconf 81' lang='lat' dir='ltr'>f01.525.)</span> 
     </span>
    </p>
   </div>
   <div class='ocr_carea' id='block_1_6' title="bbox 168 1980 2444 2093">
    <p class='ocr_par' dir='ltr' id='par_1_6' title="bbox 168 1980 2444 2093">
     <span class='ocr_line' id='line_1_27' title="bbox 330 1980 2444 2034; baseline 0.002 -13"><span class='ocrx_word' id='word_1_257' title='bbox 330 1982 471 2023; x_wconf 81' lang='lat' dir='ltr'>Praec.</span> <span class='ocrx_word' id='word_1_258' title='bbox 506 1983 605 2022; x_wconf 84' lang='lat'><strong>197.</strong></span> <span class='ocrx_word' id='word_1_259' title='bbox 652 1986 692 2022; x_wconf 89' lang='lat' dir='ltr'>et</span> <span class='ocrx_word' id='word_1_260' title='bbox 724 1983 921 2021; x_wconf 87' lang='lat' dir='ltr'>ultimum</span> <span class='ocrx_word' id='word_1_261' title='bbox 952 1982 1324 2021; x_wconf 88' lang='lat' dir='ltr'>astronomicorum</span> <span class='ocrx_word' id='word_1_262' title='bbox 1364 1985 1499 2020; x_wconf 87' lang='lat' dir='ltr'>exstat</span> <span class='ocrx_word' id='word_1_263' title='bbox 1536 1994 1662 2033; x_wconf 87' lang='lat' dir='ltr'>supra</span> <span class='ocrx_word' id='word_1_264' title='bbox 1692 1980 1763 2022; x_wconf 86' lang='lat' dir='ltr'>fol.</span> <span class='ocrx_word' id='word_1_265' title='bbox 1799 1983 1899 2024; x_wconf 85' lang='lat'>540.</span> <span class='ocrx_word' id='word_1_266' title='bbox 1956 1982 2182 2034; x_wconf 85' lang='lat' dir='ltr'>Praecepta</span> <span class='ocrx_word' id='word_1_267' title='bbox 2216 1985 2298 2024; x_wconf 87' lang='lat'>198</span> <span class='ocrx_word' id='word_1_268' title='bbox 2314 2008 2345 2014; x_wconf 45' lang='grc' dir='ltr'>»ο</span> <span class='ocrx_word' id='word_1_269' title='bbox 2360 1984 2444 2025; x_wconf 81' lang='lat'>209</span> 
     </span>
     <span class='ocr_line' id='line_1_28' title="bbox 168 2038 2439 2093; baseline 0.002 -14"><span class='ocrx_word' id='word_1_270' title='bbox 168 2039 435 2090; x_wconf 11' lang='lat' dir='ltr'>,astrologiae</span> <span class='ocrx_word' id='word_1_271' title='bbox 481 2040 620 2080; x_wconf 81' lang='lat' dir='ltr'>dicata</span> <span class='ocrx_word' id='word_1_272' title='bbox 651 2045 748 2080; x_wconf 88' lang='lat' dir='ltr'>sunt</span> <span class='ocrx_word' id='word_1_273' title='bbox 778 2052 934 2093; x_wconf 88' lang='lat' dir='ltr'>eaque,</span> <span class='ocrx_word' id='word_1_274' title='bbox 972 2043 1061 2090; x_wconf 80' lang='lat' dir='ltr'>J&#39;am</span> <span class='ocrx_word' id='word_1_275' title='bbox 1102 2041 1144 2078; x_wconf 88' lang='lat' dir='ltr'>in</span> <span class='ocrx_word' id='word_1_276' title='bbox 1183 2038 1400 2091; x_wconf 87' lang='lat' dir='ltr'>publicum</span> <span class='ocrx_word' id='word_1_277' title='bbox 1443 2041 1604 2080; x_wconf 88' lang='lat' dir='ltr'>emissis</span> <span class='ocrx_word' id='word_1_278' title='bbox 1635 2039 1809 2080; x_wconf 85' lang='lat' dir='ltr'>Tabulis</span> <span class='ocrx_word' id='word_1_279' title='bbox 1839 2040 2138 2092; x_wconf 87' lang='lat' dir='ltr'>Rudolphinis‚</span> <span class='ocrx_word' id='word_1_280' title='bbox 2182 2054 2292 2082; x_wconf 85' lang='lat' dir='ltr'>anno</span> <span class='ocrx_word' id='word_1_281' title='bbox 2327 2044 2439 2084; x_wconf 80' lang='lat'>1629</span> 
     </span>
    </p>
   </div>
   <div class='ocr_carea' id='block_1_7' title="bbox 182 2097 2443 2208">
    <p class='ocr_par' dir='ltr' id='par_1_7' title="bbox 182 2097 2443 2208">
     <span class='ocr_line' id='line_1_29' title="bbox 182 2097 2443 2197; baseline 0.001 -59"><span class='ocrx_word' id='word_1_282' title='bbox 182 2100 335 2197; x_wconf 64' lang='lat' dir='ltr'>Sagapi</span> <span class='ocrx_word' id='word_1_283' title='bbox 363 2100 486 2151; x_wconf 87' lang='lat' dir='ltr'>quasi</span> <span class='ocrx_word' id='word_1_284' title='bbox 515 2099 851 2151; x_wconf 84' lang='lat' dir='ltr'>supplementum</span> <span class='ocrx_word' id='word_1_285' title='bbox 881 2099 1242 2150; x_wconf 83' lang='lat' dir='ltr'>Rudolphinarum</span> <span class='ocrx_word' id='word_1_286' title='bbox 1281 2111 1305 2137; x_wconf 85' lang='lat' dir='ltr'>a</span> <span class='ocrx_word' id='word_1_287' title='bbox 1334 2097 1514 2149; x_wconf 85' lang='lat' dir='ltr'>Keplero</span> <span class='ocrx_word' id='word_1_288' title='bbox 1556 2101 1667 2150; x_wconf 86' lang='lat' dir='ltr'>typis</span> <span class='ocrx_word' id='word_1_289' title='bbox 1697 2100 1909 2140; x_wconf 82' lang='lat' dir='ltr'>mandata.</span> <span class='ocrx_word' id='word_1_290' title='bbox 1973 2102 2222 2152; x_wconf 75' lang='lat' dir='ltr'>Inscriptum</span> <span class='ocrx_word' id='word_1_291' title='bbox 2261 2106 2325 2142; x_wconf 88' lang='lat' dir='ltr'>est</span> <span class='ocrx_word' id='word_1_292' title='bbox 2363 2103 2443 2142; x_wconf 90' lang='lat' dir='ltr'>hoc</span> 
     </span>
     <span class='ocr_line' id='line_1_30' title="bbox 182 2162 542 2208; baseline 0.006 -12"><span class='ocrx_word' id='word_1_293' title='bbox 182 2169 287 2208; x_wconf 86' lang='lat' dir='ltr'>supp</span> <span class='ocrx_word' id='word_1_294' title='bbox 309 2162 542 2199; x_wconf 86' lang='lat' dir='ltr'>ementum:</span> 
     </span>
    </p>
   </div>
   <div class='ocr_carea' id='block_1_8' title="bbox 183 2230 2518 3464">
    <p class='ocr_par' dir='ltr' id='par_1_8' title="bbox 183 2230 2448 2427">
     <span class='ocr_line' id='line_1_31' title="bbox 329 2230 2444 2298; baseline 0.002 -18"><span class='ocrx_word' id='word_1_295' title='bbox 329 2230 667 2296; x_wconf 85' lang='lat' dir='ltr'>Sportula,</span> <span class='ocrx_word' id='word_1_296' title='bbox 707 2231 1139 2295; x_wconf 87' lang='lat' dir='ltr'>genethliacis</span> <span class='ocrx_word' id='word_1_297' title='bbox 1175 2233 1391 2294; x_wconf 90' lang='lat' dir='ltr'>missa,</span> <span class='ocrx_word' id='word_1_298' title='bbox 1433 2230 1501 2281; x_wconf 92' lang='lat' dir='ltr'>de</span> <span class='ocrx_word' id='word_1_299' title='bbox 1540 2231 1927 2281; x_wconf 84' lang='lat' dir='ltr'>Tabularum</span> <span class='ocrx_word' id='word_1_300' title='bbox 1965 2232 2297 2298; x_wconf 85' lang='lat' dir='ltr'>Rudolphi</span> <span class='ocrx_word' id='word_1_301' title='bbox 2335 2249 2444 2284; x_wconf 91' lang='lat' dir='ltr'>usu</span> 
     </span>
     <span class='ocr_line' id='line_1_32' title="bbox 183 2304 2448 2369; baseline 0.002 -17"><span class='ocrx_word' id='word_1_302' title='bbox 183 2307 243 2352; x_wconf 90' lang='lat' dir='ltr'>in</span> <span class='ocrx_word' id='word_1_303' title='bbox 284 2305 885 2368; x_wconf 87' lang='lat' dir='ltr'>computationibus</span> <span class='ocrx_word' id='word_1_304' title='bbox 923 2305 1365 2368; x_wconf 89' lang='lat' dir='ltr'>astrologicis,</span> <span class='ocrx_word' id='word_1_305' title='bbox 1421 2319 1552 2362; x_wconf 90' lang='lat' dir='ltr'>cum</span> <span class='ocrx_word' id='word_1_306' title='bbox 1589 2305 1771 2354; x_wconf 88' lang='lat' dir='ltr'>modo</span> <span class='ocrx_word' id='word_1_307' title='bbox 1822 2304 2151 2369; x_wconf 89' lang='lat' dir='ltr'>dirigendi</span> <span class='ocrx_word' id='word_1_308' title='bbox 2189 2322 2351 2357; x_wconf 86' lang='lat' dir='ltr'>novo</span> <span class='ocrx_word' id='word_1_309' title='bbox 2392 2314 2448 2358; x_wconf 83' lang='lat' dir='ltr'>et</span> 
     </span>
     <span class='ocr_line' id='line_1_33' title="bbox 183 2378 491 2427; baseline 0.003 -2"><span class='ocrx_word' id='word_1_310' title='bbox 183 2378 491 2427; x_wconf 88' lang='lat' dir='ltr'>naturali.</span> 
     </span>
    </p>

    <p class='ocr_par' dir='ltr' id='par_1_9' title="bbox 188 2449 2450 2810">
     <span class='ocr_line' id='line_1_34' title="bbox 331 2449 2448 2517; baseline 0.002 -19"><span class='ocrx_word' id='word_1_311' title='bbox 331 2449 460 2512; x_wconf 88' lang='lat' dir='ltr'>Quia</span> <span class='ocrx_word' id='word_1_312' title='bbox 506 2450 726 2513; x_wconf 86' lang='lat' dir='ltr'>plerique</span> <span class='ocrx_word' id='word_1_313' title='bbox 781 2465 905 2514; x_wconf 89' lang='lat' dir='ltr'>opus</span> <span class='ocrx_word' id='word_1_314' title='bbox 942 2450 1037 2499; x_wconf 91' lang='lat' dir='ltr'>hoc</span> <span class='ocrx_word' id='word_1_315' title='bbox 1074 2449 1375 2499; x_wconf 85' lang='lat' dir='ltr'>Tabularum</span> <span class='ocrx_word' id='word_1_316' title='bbox 1428 2455 1659 2515; x_wconf 87' lang='lat' dir='ltr'>expetunt</span> <span class='ocrx_word' id='word_1_317' title='bbox 1704 2456 1903 2514; x_wconf 90' lang='lat' dir='ltr'>propter</span> <span class='ocrx_word' id='word_1_318' title='bbox 1940 2453 2254 2515; x_wconf 87' lang='lat' dir='ltr'>astrologiam</span> <span class='ocrx_word' id='word_1_319' title='bbox 2293 2469 2448 2517; x_wconf 85' lang='lat' dir='ltr'>quae—</span> 
     </span>
     <span class='ocr_line' id='line_1_35' title="bbox 188 2520 2450 2590; baseline 0.002 -19"><span class='ocrx_word' id='word_1_320' title='bbox 188 2530 413 2587; x_wconf 88' lang='lat' dir='ltr'>runtque,</span> <span class='ocrx_word' id='word_1_321' title='bbox 453 2538 568 2572; x_wconf 91' lang='lat' dir='ltr'>num</span> <span class='ocrx_word' id='word_1_322' title='bbox 607 2526 754 2572; x_wconf 92' lang='lat' dir='ltr'>etiam</span> <span class='ocrx_word' id='word_1_323' title='bbox 794 2523 1102 2586; x_wconf 88' lang='lat' dir='ltr'>genethliaca</span> <span class='ocrx_word' id='word_1_324' title='bbox 1152 2523 1369 2572; x_wconf 89' lang='lat' dir='ltr'>themata</span> <span class='ocrx_word' id='word_1_325' title='bbox 1405 2525 1596 2586; x_wconf 89' lang='lat' dir='ltr'>integra</span> <span class='ocrx_word' id='word_1_326' title='bbox 1634 2538 1721 2587; x_wconf 89' lang='lat' dir='ltr'>per</span> <span class='ocrx_word' id='word_1_327' title='bbox 1757 2520 1923 2573; x_wconf 81' lang='lat' dir='ltr'>nostra</span> <span class='ocrx_word' id='word_1_328' title='bbox 1962 2532 2218 2590; x_wconf 89' lang='lat' dir='ltr'>praecepta</span> <span class='ocrx_word' id='word_1_329' title='bbox 2260 2530 2450 2590; x_wconf 87' lang='lat' dir='ltr'>possint</span> 
     </span>
     <span class='ocr_line' id='line_1_36' title="bbox 188 2595 2448 2661; baseline 0.001 -15"><span class='ocrx_word' id='word_1_330' title='bbox 188 2598 305 2660; x_wconf 89' lang='lat' dir='ltr'>erigi</span> <span class='ocrx_word' id='word_1_331' title='bbox 346 2596 733 2658; x_wconf 87' lang='lat' dir='ltr'>directionesque</span> <span class='ocrx_word' id='word_1_332' title='bbox 773 2595 1003 2659; x_wconf 85' lang='lat' dir='ltr'>expediri,</span> <span class='ocrx_word' id='word_1_333' title='bbox 1051 2597 1209 2645; x_wconf 87' lang='lat' dir='ltr'>visum</span> <span class='ocrx_word' id='word_1_334' title='bbox 1250 2603 1338 2657; x_wconf 88' lang='lat' dir='ltr'>est,</span> <span class='ocrx_word' id='word_1_335' title='bbox 1393 2597 1659 2645; x_wconf 86' lang='lat' dir='ltr'>doctrinam</span> <span class='ocrx_word' id='word_1_336' title='bbox 1698 2596 1824 2645; x_wconf 89' lang='lat' dir='ltr'>hanc</span> <span class='ocrx_word' id='word_1_337' title='bbox 1863 2601 2134 2661; x_wconf 88' lang='lat' dir='ltr'>praeceptis</span> <span class='ocrx_word' id='word_1_338' title='bbox 2173 2596 2448 2649; x_wconf 85' lang='lat' dir='ltr'>tabularum</span> 
     </span>
     <span class='ocr_line' id='line_1_37' title="bbox 191 2669 2448 2734; baseline 0.001 -15"><span class='ocrx_word' id='word_1_339' title='bbox 191 2669 475 2734; x_wconf 88' lang='lat' dir='ltr'>appendicis</span> <span class='ocrx_word' id='word_1_340' title='bbox 514 2670 623 2719; x_wconf 91' lang='lat' dir='ltr'>loco</span> <span class='ocrx_word' id='word_1_341' title='bbox 648 2671 961 2729; x_wconf 85' lang='lat' dir='ltr'>summittere,</span> <span class='ocrx_word' id='word_1_342' title='bbox 1004 2674 1056 2718; x_wconf 90' lang='lat' dir='ltr'>ut</span> <span class='ocrx_word' id='word_1_343' title='bbox 1093 2671 1143 2717; x_wconf 91' lang='lat' dir='ltr'>in</span> <span class='ocrx_word' id='word_1_344' title='bbox 1172 2683 1270 2732; x_wconf 91' lang='lat' dir='ltr'>qua</span> <span class='ocrx_word' id='word_1_345' title='bbox 1308 2675 1356 2718; x_wconf 91' lang='lat' dir='ltr'>et</span> <span class='ocrx_word' id='word_1_346' title='bbox 1381 2675 1746 2734; x_wconf 89' lang='lat' dir='ltr'>praeceptorum</span> <span class='ocrx_word' id='word_1_347' title='bbox 1774 2670 2113 2720; x_wconf 89' lang='lat' dir='ltr'>nonnullorum</span> <span class='ocrx_word' id='word_1_348' title='bbox 2140 2687 2255 2721; x_wconf 88' lang='lat' dir='ltr'>usus</span> <span class='ocrx_word' id='word_1_349' title='bbox 2281 2680 2448 2722; x_wconf 89' lang='lat' dir='ltr'>osten-</span> 
     </span>
     <span class='ocr_line' id='line_1_38' title="bbox 200 2742 2447 2810; baseline 0.002 -19"><span class='ocrx_word' id='word_1_350' title='bbox 200 2744 328 2792; x_wconf 86' lang='lat' dir='ltr'>ditur</span> <span class='ocrx_word' id='word_1_351' title='bbox 362 2749 411 2791; x_wconf 92' lang='lat' dir='ltr'>et</span> <span class='ocrx_word' id='word_1_352' title='bbox 429 2746 572 2791; x_wconf 87' lang='lat' dir='ltr'>novis</span> <span class='ocrx_word' id='word_1_353' title='bbox 600 2743 1025 2806; x_wconf 85' lang='lat' dir='ltr'>praeceptionibus</span> <span class='ocrx_word' id='word_1_354' title='bbox 1049 2742 1212 2805; x_wconf 88' lang='lat' dir='ltr'>plures</span> <span class='ocrx_word' id='word_1_355' title='bbox 1239 2742 1515 2791; x_wconf 87' lang='lat' dir='ltr'>tabularum</span> <span class='ocrx_word' id='word_1_356' title='bbox 1544 2743 1845 2804; x_wconf 87' lang='lat' dir='ltr'>quarundam</span> <span class='ocrx_word' id='word_1_357' title='bbox 1867 2744 2104 2793; x_wconf 83' lang='lat' dir='ltr'>utilitates</span> <span class='ocrx_word' id='word_1_358' title='bbox 2132 2746 2447 2810; x_wconf 85' lang='lat' dir='ltr'>explicantur.</span> 
     </span>
    </p>

    <p class='ocr_par' dir='ltr' id='par_1_10' title="bbox 187 2815 2518 3464">
     <span class='ocr_line' id='line_1_39' title="bbox 336 2815 2518 2880; baseline 0.002 -17"><span class='ocrx_word' id='word_1_359' title='bbox 336 2816 745 2880; x_wconf 88' lang='lat' dir='ltr'>Praeceptum</span> <span class='ocrx_word' id='word_1_360' title='bbox 800 2818 917 2864; x_wconf 88' lang='lat'><strong>198.</strong></span> <span class='ocrx_word' id='word_1_361' title='bbox 1002 2816 1091 2864; x_wconf 90' lang='lat' dir='ltr'>De</span> <span class='ocrx_word' id='word_1_362' title='bbox 1155 2818 1479 2865; x_wconf 75' lang='lat' dir='ltr'>erectione</span> <span class='ocrx_word' id='word_1_363' title='bbox 1543 2815 1846 2865; x_wconf 87' lang='lat' dir='ltr'>thematis</span> <span class='ocrx_word' id='word_1_364' title='bbox 1895 2817 2220 2867; x_wconf 89' lang='lat' dir='ltr'>coelestis.</span> <span class='ocrx_word' id='word_1_365' title='bbox 2306 2819 2450 2868; x_wconf 88' lang='lat' dir='ltr'>Data</span> <span class='ocrx_word' id='word_1_366' title='bbox 2514 2877 2518 2880; x_wconf 75' lang='lat'><strong>.</strong></span> 
     </span>
     <span class='ocr_line' id='line_1_40' title="bbox 187 2889 2449 2952; baseline 0.002 -14"><span class='ocrx_word' id='word_1_367' title='bbox 187 2890 361 2938; x_wconf 82' lang='lat' dir='ltr'>sideris</span> <span class='ocrx_word' id='word_1_368' title='bbox 412 2890 728 2952; x_wconf 76' lang='lat' dir='ltr'>lonyitudine</span> <span class='ocrx_word' id='word_1_369' title='bbox 780 2896 827 2938; x_wconf 85' lang='lat' dir='ltr'>et</span> <span class='ocrx_word' id='word_1_370' title='bbox 863 2889 1157 2950; x_wconf 84' lang='lat' dir='ltr'>latitudine,</span> <span class='ocrx_word' id='word_1_371' title='bbox 1206 2891 1542 2938; x_wconf 79' lang='lat' dir='ltr'>ascensionem</span> <span class='ocrx_word' id='word_1_372' title='bbox 1590 2891 1697 2943; x_wconf 77' lang='lat' dir='ltr'>eius</span> <span class='ocrx_word' id='word_1_373' title='bbox 1743 2895 1931 2938; x_wconf 74' lang='lat' dir='ltr'>rectam</span> <span class='ocrx_word' id='word_1_374' title='bbox 1982 2898 2028 2938; x_wconf 87' lang='lat' dir='ltr'>et</span> <span class='ocrx_word' id='word_1_375' title='bbox 2063 2891 2449 2942; x_wconf 80' lang='lat' dir='ltr'>declinationem</span> 
     </span>
     <span class='ocr_line' id='line_1_41' title="bbox 187 2962 2450 3025; baseline 0.001 -13"><span class='ocrx_word' id='word_1_376' title='bbox 187 2968 495 3024; x_wconf 79' lang='lat' dir='ltr'>computare.</span> <span class='ocrx_word' id='word_1_377' title='bbox 591 2962 769 3012; x_wconf 84' lang='lat' dir='ltr'>Arcum</span> <span class='ocrx_word' id='word_1_378' title='bbox 841 2962 1096 3025; x_wconf 90' lang='lat' dir='ltr'>eclipticae</span> <span class='ocrx_word' id='word_1_379' title='bbox 1157 2963 1460 3025; x_wconf 88' lang='lat' dir='ltr'>propositum</span> <span class='ocrx_word' id='word_1_380' title='bbox 1517 2962 1709 3011; x_wconf 89' lang='lat' dir='ltr'>resolve</span> <span class='ocrx_word' id='word_1_381' title='bbox 1767 2965 1813 3010; x_wconf 91' lang='lat' dir='ltr'>in</span> <span class='ocrx_word' id='word_1_382' title='bbox 1869 2962 2048 3024; x_wconf 87' lang='lat' dir='ltr'>gradus</span> <span class='ocrx_word' id='word_1_383' title='bbox 2101 2968 2450 3015; x_wconf 87' lang='lat' dir='ltr'>numerationis</span> 
     </span>
     <span class='ocr_line' id='line_1_42' title="bbox 190 3035 2447 3097; baseline 0.001 -12"><span class='ocrx_word' id='word_1_384' title='bbox 190 3038 447 3085; x_wconf 90' lang='lat' dir='ltr'>continuae</span> <span class='ocrx_word' id='word_1_385' title='bbox 504 3035 566 3084; x_wconf 91' lang='lat' dir='ltr'>ab</span> <span class='ocrx_word' id='word_1_386' title='bbox 605 3037 917 3097; x_wconf 89' lang='lat' dir='ltr'>aequinoctio</span> <span class='ocrx_word' id='word_1_387' title='bbox 957 3048 1132 3097; x_wconf 82' lang='lat' dir='ltr'>vern03</span> <span class='ocrx_word' id='word_1_388' title='bbox 1187 3036 1256 3083; x_wconf 91' lang='lat' dir='ltr'>sic</span> <span class='ocrx_word' id='word_1_389' title='bbox 1308 3035 1573 3083; x_wconf 88' lang='lat' dir='ltr'>resolutum</span> <span class='ocrx_word' id='word_1_390' title='bbox 1614 3049 1791 3097; x_wconf 86' lang='lat' dir='ltr'>quaere</span> <span class='ocrx_word' id='word_1_391' title='bbox 1830 3035 1912 3085; x_wconf 83' lang='lat' dir='ltr'>sol.</span> <span class='ocrx_word' id='word_1_392' title='bbox 1955 3038 2039 3086; x_wconf 81' lang='lat'>24.</span> <span class='ocrx_word' id='word_1_393' title='bbox 2081 3039 2146 3085; x_wconf 89' lang='grc'>25</span> <span class='ocrx_word' id='word_1_394' title='bbox 2189 3041 2336 3097; x_wconf 79' lang='lat' dir='ltr'>(supra</span> <span class='ocrx_word' id='word_1_395' title='bbox 2375 3042 2447 3088; x_wconf 79' lang='lat' dir='ltr'>fol.</span> 
     </span>
     <span class='ocr_line' id='line_1_43' title="bbox 190 3106 2449 3171; baseline 0 -13"><span class='ocrx_word' id='word_1_396' title='bbox 190 3118 276 3158; x_wconf 79' lang='lat'>242</span> <span class='ocrx_word' id='word_1_397' title='bbox 307 3113 364 3169; x_wconf 83' lang='lat' dir='ltr'>s.)</span> <span class='ocrx_word' id='word_1_398' title='bbox 403 3111 527 3157; x_wconf 92' lang='lat' dir='ltr'>inter</span> <span class='ocrx_word' id='word_1_399' title='bbox 565 3108 734 3157; x_wconf 88' lang='lat' dir='ltr'>titulos</span> <span class='ocrx_word' id='word_1_400' title='bbox 772 3124 871 3158; x_wconf 80' lang='lat' dir='ltr'>asc.</span> <span class='ocrx_word' id='word_1_401' title='bbox 910 3113 1051 3169; x_wconf 67' lang='lat' dir='ltr'>rect„</span> <span class='ocrx_word' id='word_1_402' title='bbox 1103 3106 1267 3171; x_wconf 90' lang='lat' dir='ltr'>anguli</span> <span class='ocrx_word' id='word_1_403' title='bbox 1314 3113 1362 3156; x_wconf 90' lang='lat' dir='ltr'>et</span> <span class='ocrx_word' id='word_1_404' title='bbox 1402 3107 1751 3157; x_wconf 86' lang='lat' dir='ltr'>declinationis.</span> <span class='ocrx_word' id='word_1_405' title='bbox 1829 3108 1977 3157; x_wconf 88' lang='lat' dir='ltr'>Arcui</span> <span class='ocrx_word' id='word_1_406' title='bbox 2032 3109 2330 3160; x_wconf 87' lang='lat' dir='ltr'>decl.·adde</span> <span class='ocrx_word' id='word_1_407' title='bbox 2370 3111 2449 3160; x_wconf 88' lang='lat' dir='ltr'>vel</span> 
     </span>
     <span class='ocr_line' id='line_1_44' title="bbox 191 3180 2441 3245; baseline 0.001 -15"><span class='ocrx_word' id='word_1_408' title='bbox 191 3182 327 3231; x_wconf 85' lang='lat' dir='ltr'>auser</span> <span class='ocrx_word' id='word_1_409' title='bbox 373 3182 435 3230; x_wconf 91' lang='lat' dir='ltr'>ab</span> <span class='ocrx_word' id='word_1_410' title='bbox 484 3196 541 3230; x_wconf 92' lang='lat' dir='ltr'>eo</span> <span class='ocrx_word' id='word_1_411' title='bbox 594 3181 759 3230; x_wconf 89' lang='lat' dir='ltr'>datam</span> <span class='ocrx_word' id='word_1_412' title='bbox 798 3181 1118 3230; x_wconf 89' lang='lat' dir='ltr'>latitudinem.</span> <span class='ocrx_word' id='word_1_413' title='bbox 1194 3180 1275 3230; x_wconf 89' lang='lat' dir='ltr'>Sic</span> <span class='ocrx_word' id='word_1_414' title='bbox 1323 3181 1558 3229; x_wconf 85' lang='lat' dir='ltr'>formatus</span> <span class='ocrx_word' id='word_1_415' title='bbox 1611 3183 1700 3229; x_wconf 92' lang='lat' dir='ltr'>erit</span> <span class='ocrx_word' id='word_1_416' title='bbox 1738 3195 1877 3230; x_wconf 89' lang='lat' dir='ltr'>arcus</span> <span class='ocrx_word' id='word_1_417' title='bbox 1932 3182 2112 3245; x_wconf 86' lang='lat' dir='ltr'>angulo</span> <span class='ocrx_word' id='word_1_418' title='bbox 2161 3184 2441 3233; x_wconf 86' lang='lat' dir='ltr'>subtensns.</span> 
     </span>
     <span class='ocr_line' id='line_1_45' title="bbox 192 3254 2443 3319; baseline 0 -15"><span class='ocrx_word' id='word_1_419' title='bbox 192 3256 488 3319; x_wconf 84' lang='lat' dir='ltr'>Aggrcgatis</span> <span class='ocrx_word' id='word_1_420' title='bbox 526 3256 672 3316; x_wconf 90' lang='lat' dir='ltr'>igitur</span> <span class='ocrx_word' id='word_1_421' title='bbox 711 3254 1013 3317; x_wconf 88' lang='lat' dir='ltr'>logarithmis</span> <span class='ocrx_word' id='word_1_422' title='bbox 1068 3254 1235 3317; x_wconf 89' lang='lat' dir='ltr'>anguli</span> <span class='ocrx_word' id='word_1_423' title='bbox 1284 3259 1332 3301; x_wconf 90' lang='lat' dir='ltr'>et</span> <span class='ocrx_word' id='word_1_424' title='bbox 1386 3269 1527 3303; x_wconf 89' lang='lat' dir='ltr'>arcus</span> <span class='ocrx_word' id='word_1_425' title='bbox 1583 3254 1802 3302; x_wconf 88' lang='lat' dir='ltr'>subtcnsi</span> <span class='ocrx_word' id='word_1_426' title='bbox 1852 3255 2088 3304; x_wconf 89' lang='lat' dir='ltr'>conflatur</span> <span class='ocrx_word' id='word_1_427' title='bbox 2132 3255 2232 3319; x_wconf 82' lang='lat' dir='ltr'>log.</span> <span class='ocrx_word' id='word_1_428' title='bbox 2290 3256 2443 3306; x_wconf 89' lang='lat' dir='ltr'>decli-</span> 
     </span>
     <span class='ocr_line' id='line_1_46' title="bbox 193 3326 2448 3391; baseline 0 -15"><span class='ocrx_word' id='word_1_429' title='bbox 193 3331 407 3376; x_wconf 88' lang='lat' dir='ltr'>nationis</span> <span class='ocrx_word' id='word_1_430' title='bbox 460 3342 606 3376; x_wconf 86' lang='lat' dir='ltr'>verae</span> <span class='ocrx_word' id='word_1_431' title='bbox 658 3328 926 3389; x_wconf 87' lang='lat' dir='ltr'>quaesitae.</span> <span class='ocrx_word' id='word_1_432' title='bbox 1002 3328 1195 3377; x_wconf 88' lang='lat' dir='ltr'>Deinde</span> <span class='ocrx_word' id='word_1_433' title='bbox 1249 3326 1372 3375; x_wconf 87' lang='lat' dir='ltr'>decl.</span> <span class='ocrx_word' id='word_1_434' title='bbox 1411 3330 1481 3376; x_wconf 90' lang='lat' dir='ltr'>sic</span> <span class='ocrx_word' id='word_1_435' title='bbox 1519 3329 1746 3375; x_wconf 87' lang='lat' dir='ltr'>inventae</span> <span class='ocrx_word' id='word_1_436' title='bbox 1798 3328 2000 3391; x_wconf 89' lang='lat' dir='ltr'>antilog.</span> <span class='ocrx_word' id='word_1_437' title='bbox 2043 3329 2178 3380; x_wconf 88' lang='lat' dir='ltr'>aufer</span> <span class='ocrx_word' id='word_1_438' title='bbox 2215 3330 2277 3378; x_wconf 89' lang='lat' dir='ltr'>ab</span> <span class='ocrx_word' id='word_1_439' title='bbox 2317 3332 2448 3378; x_wconf 90' lang='lat' dir='ltr'>anti-</span> 
     </span>
     <span class='ocr_line' id='line_1_47' title="bbox 192 3399 2448 3464; baseline 0 -15"><span class='ocrx_word' id='word_1_440' title='bbox 192 3401 486 3463; x_wconf 88' lang='lat' dir='ltr'>logarithmo</span> <span class='ocrx_word' id='word_1_441' title='bbox 526 3415 666 3449; x_wconf 89' lang='lat' dir='ltr'>arcus</span> <span class='ocrx_word' id='word_1_442' title='bbox 705 3400 950 3464; x_wconf 85' lang='lat' dir='ltr'>subtensi,</span> <span class='ocrx_word' id='word_1_443' title='bbox 1002 3400 1205 3449; x_wconf 88' lang='lat' dir='ltr'>restabit</span> <span class='ocrx_word' id='word_1_444' title='bbox 1252 3399 1453 3462; x_wconf 89' lang='lat' dir='ltr'>antilog.</span> <span class='ocrx_word' id='word_1_445' title='bbox 1494 3400 1759 3463; x_wconf 89' lang='lat' dir='ltr'>portionis,</span> <span class='ocrx_word' id='word_1_446' title='bbox 1817 3414 1942 3463; x_wconf 90' lang='lat' dir='ltr'>quae</span> <span class='ocrx_word' id='word_1_447' title='bbox 1989 3403 2165 3451; x_wconf 86' lang='lat' dir='ltr'>auferri</span> <span class='ocrx_word' id='word_1_448' title='bbox 2205 3403 2350 3452; x_wconf 90' lang='lat' dir='ltr'>debet</span> <span class='ocrx_word' id='word_1_449' title='bbox 2386 3404 2448 3451; x_wconf 84' lang='lat' dir='ltr'>ab</span> 
     </span>
    </p>
   </div>
   <div class='ocr_carea' id='block_1_9' title="bbox 194 3472 2450 3610">
    <p class='ocr_par' dir='ltr' id='par_1_11' title="bbox 194 3472 2450 3610">
     <span class='ocr_line' id='line_1_48' title="bbox 194 3472 2450 3535; baseline 0 -12"><span class='ocrx_word' id='word_1_450' title='bbox 194 3488 309 3523; x_wconf 87' lang='lat' dir='ltr'>arcu</span> <span class='ocrx_word' id='word_1_451' title='bbox 356 3489 416 3523; x_wconf 88' lang='lat' dir='ltr'>ex</span> <span class='ocrx_word' id='word_1_452' title='bbox 469 3475 688 3535; x_wconf 87' lang='lat' dir='ltr'>margine</span> <span class='ocrx_word' id='word_1_453' title='bbox 738 3474 978 3535; x_wconf 87' lang='lat' dir='ltr'>exscripto</span> <span class='ocrx_word' id='word_1_454' title='bbox 1027 3487 1116 3522; x_wconf 89' lang='lat' dir='ltr'>seu</span> <span class='ocrx_word' id='word_1_455' title='bbox 1168 3472 1229 3522; x_wconf 88' lang='lat' dir='ltr'>ad</span> <span class='ocrx_word' id='word_1_456' title='bbox 1285 3487 1395 3521; x_wconf 87' lang='lat' dir='ltr'>eum</span> <span class='ocrx_word' id='word_1_457' title='bbox 1443 3472 1581 3534; x_wconf 83' lang='lat' dir='ltr'>addi3</span> <span class='ocrx_word' id='word_1_458' title='bbox 1630 3473 1701 3521; x_wconf 89' lang='lat' dir='ltr'>sic</span> <span class='ocrx_word' id='word_1_459' title='bbox 1738 3475 2004 3524; x_wconf 86' lang='lat' dir='ltr'>constituta</span> <span class='ocrx_word' id='word_1_460' title='bbox 2041 3476 2131 3524; x_wconf 90' lang='lat' dir='ltr'>erit</span> <span class='ocrx_word' id='word_1_461' title='bbox 2181 3491 2280 3525; x_wconf 88' lang='lat' dir='ltr'>asc.</span> <span class='ocrx_word' id='word_1_462' title='bbox 2317 3480 2450 3525; x_wconf 90' lang='lat' dir='ltr'>recta</span> 
     </span>
     <span class='ocr_line' id='line_1_49' title="bbox 194 3548 1478 3610; baseline -0.002 -15"><span class='ocrx_word' id='word_1_463' title='bbox 194 3550 432 3610; x_wconf 81' lang='lat' dir='ltr'>quaesita.</span> <span class='ocrx_word' id='word_1_464' title='bbox 474 3551 570 3606; x_wconf 79' lang='lat' dir='ltr'>(cfr.</span> <span class='ocrx_word' id='word_1_465' title='bbox 603 3564 695 3603; x_wconf 84' lang='lat' dir='ltr'>cap.</span> <span class='ocrx_word' id='word_1_466' title='bbox 727 3551 844 3593; x_wconf 87' lang='lat' dir='ltr'>XIII.</span> <span class='ocrx_word' id='word_1_467' title='bbox 876 3550 949 3592; x_wconf 84' lang='lat' dir='ltr'>sol.</span> <span class='ocrx_word' id='word_1_468' title='bbox 982 3553 1080 3592; x_wconf 86' lang='lat'><strong>546.</strong></span> <span class='ocrx_word' id='word_1_469' title='bbox 1114 3556 1155 3591; x_wconf 82' lang='lat' dir='ltr'>et</span> <span class='ocrx_word' id='word_1_470' title='bbox 1185 3563 1322 3602; x_wconf 87' lang='lat' dir='ltr'>praec.</span> <span class='ocrx_word' id='word_1_471' title='bbox 1356 3548 1478 3604; x_wconf 90' lang='grc'><strong>190.)</strong></span> 
     </span>
    </p>
   </div>
   <div class='ocr_carea' id='block_1_10' title="bbox 194 3632 2452 3916">
    <p class='ocr_par' dir='ltr' id='par_1_12' title="bbox 194 3632 2452 3916">
     <span class='ocr_line' id='line_1_50' title="bbox 339 3632 2446 3698; baseline 0.001 -17"><span class='ocrx_word' id='word_1_472' title='bbox 339 3634 494 3683; x_wconf 89' lang='lat' dir='ltr'>Prae</span> <span class='ocrx_word' id='word_1_473' title='bbox 511 3649 551 3682; x_wconf 91' lang='lat' dir='ltr'>c.</span> <span class='ocrx_word' id='word_1_474' title='bbox 598 3635 714 3683; x_wconf 88' lang='lat'><strong>199.</strong></span> <span class='ocrx_word' id='word_1_475' title='bbox 771 3634 914 3681; x_wconf 84' lang='lat' dir='ltr'>Data</span> <span class='ocrx_word' id='word_1_476' title='bbox 941 3632 1210 3681; x_wconf 83' lang='lat' dir='ltr'>altitudine</span> <span class='ocrx_word' id='word_1_477' title='bbox 1234 3633 1423 3693; x_wconf 79' lang='lat' dir='ltr'>sideris,</span> <span class='ocrx_word' id='word_1_478' title='bbox 1451 3633 1596 3693; x_wconf 82' lang='lat' dir='ltr'>cujus</span> <span class='ocrx_word' id='word_1_479' title='bbox 1623 3638 1692 3681; x_wconf 81' lang='lat' dir='ltr'>est</span> <span class='ocrx_word' id='word_1_480' title='bbox 1714 3638 1838 3682; x_wconf 86' lang='lat' dir='ltr'>nota</span> <span class='ocrx_word' id='word_1_481' title='bbox 1860 3634 2121 3698; x_wconf 74' lang='lat' dir='ltr'>lonyitudo</span> <span class='ocrx_word' id='word_1_482' title='bbox 2146 3641 2191 3683; x_wconf 86' lang='lat' dir='ltr'>et</span> <span class='ocrx_word' id='word_1_483' title='bbox 2214 3634 2446 3696; x_wconf 77' lang='lat' dir='ltr'>latitudO,</span> 
     </span>
     <span class='ocr_line' id='line_1_51' title="bbox 194 3705 2447 3770; baseline 0 -15"><span class='ocrx_word' id='word_1_484' title='bbox 194 3707 445 3770; x_wconf 72' lang='lat' dir='ltr'>indayare</span> <span class='ocrx_word' id='word_1_485' title='bbox 482 3708 778 3755; x_wconf 78' lang='lat' dir='ltr'>distantiam</span> <span class='ocrx_word' id='word_1_486' title='bbox 806 3720 912 3765; x_wconf 69' lang='lat' dir='ltr'>equs</span> <span class='ocrx_word' id='word_1_487' title='bbox 938 3721 969 3753; x_wconf 91' lang='lat' dir='ltr'>a</span> <span class='ocrx_word' id='word_1_488' title='bbox 995 3705 1294 3761; x_wconf 76' lang='lat' dir='ltr'>meridiano,</span> <span class='ocrx_word' id='word_1_489' title='bbox 1335 3712 1381 3753; x_wconf 87' lang='lat' dir='ltr'>et</span> <span class='ocrx_word' id='word_1_490' title='bbox 1404 3706 1570 3766; x_wconf 79' lang='lat' dir='ltr'>hujus,</span> <span class='ocrx_word' id='word_1_491' title='bbox 1611 3709 1990 3767; x_wconf 82' lang='lat' dir='ltr'>comparatione</span> <span class='ocrx_word' id='word_1_492' title='bbox 2026 3723 2140 3756; x_wconf 82' lang='lat' dir='ltr'>cum</span> <span class='ocrx_word' id='word_1_493' title='bbox 2170 3709 2275 3756; x_wconf 87' lang='lat' dir='ltr'>loco</span> <span class='ocrx_word' id='word_1_494' title='bbox 2304 3707 2447 3768; x_wconf 83' lang='lat' dir='ltr'>Solis,</span> 
     </span>
     <span class='ocr_line' id='line_1_52' title="bbox 200 3778 2452 3843; baseline 0.001 -16"><span class='ocrx_word' id='word_1_495' title='bbox 200 3781 395 3828; x_wconf 79' lang='lat' dir='ltr'>horam.</span> <span class='ocrx_word' id='word_1_496' title='bbox 472 3778 601 3829; x_wconf 89' lang='lat' dir='ltr'>Usus</span> <span class='ocrx_word' id='word_1_497' title='bbox 637 3781 889 3843; x_wconf 89' lang='lat' dir='ltr'>praecepti</span> <span class='ocrx_word' id='word_1_498' title='bbox 930 3779 1094 3827; x_wconf 88' lang='lat' dir='ltr'>creber</span> <span class='ocrx_word' id='word_1_499' title='bbox 1133 3784 1205 3826; x_wconf 89' lang='lat' dir='ltr'>est</span> <span class='ocrx_word' id='word_1_500' title='bbox 1245 3780 1291 3826; x_wconf 90' lang='lat' dir='ltr'>in</span> <span class='ocrx_word' id='word_1_501' title='bbox 1333 3779 1554 3827; x_wconf 87' lang='lat' dir='ltr'>omnibus</span> <span class='ocrx_word' id='word_1_502' title='bbox 1594 3780 1832 3829; x_wconf 87' lang='lat' dir='ltr'>exercitiis</span> <span class='ocrx_word' id='word_1_503' title='bbox 1866 3781 2236 3830; x_wconf 86' lang='lat' dir='ltr'>mathematicis.</span> <span class='ocrx_word' id='word_1_504' title='bbox 2299 3779 2452 3829; x_wconf 87' lang='lat' dir='ltr'>Prae-</span> 
     </span>
     <span class='ocr_line' id='line_1_53' title="bbox 201 3842 2449 3916; baseline 0 -15"><span class='ocrx_word' id='word_1_505' title='bbox 201 3854 341 3916; x_wconf 88' lang='lat' dir='ltr'>cipue</span> <span class='ocrx_word' id='word_1_506' title='bbox 391 3853 579 3902; x_wconf 82' lang='lat' dir='ltr'>Arabes</span> <span class='ocrx_word' id='word_1_507' title='bbox 632 3852 926 3915; x_wconf 88' lang='lat' dir='ltr'>genethliaci</span> <span class='ocrx_word' id='word_1_508' title='bbox 982 3851 1361 3915; x_wconf 83' lang='lat' dir='ltr'>parturientibus</span> <span class='ocrx_word' id='word_1_509' title='bbox 1417 3851 1666 3903; x_wconf 84' lang='lat' dir='ltr'>adstantes</span> <span class='ocrx_word' id='word_1_510' title='bbox 1728 3851 1820 3902; x_wconf 89' lang='lat' dir='ltr'>hac</span> <span class='ocrx_word' id='word_1_511' title='bbox 1875 3852 2165 3903; x_wconf 87' lang='lat' dir='ltr'>observandi</span> <span class='ocrx_word' id='word_1_512' title='bbox 2222 3842 2449 3916; x_wconf 85' lang='lat' dir='ltr'>temporis</span> 
     </span>
    </p>
   </div>
  </div>
 </body>
</html>
