2554 4140
824 118 958 164 Liber
990 117 1180 162 Tertius.
1242 118 1351 161 Pars
1384 117 1567 173 Quarta.
2147 173 2150 175 ,
2210 121 2308 168 271

71 272 176 336 ejus
213 274 448 320 remotum
488 267 672 315 obtinet
710 267 914 329 gradum
951 268 1013 315 ab
1052 266 1347 329 aequalitate
1388 271 1435 314 et
1473 265 1800 314 accidentaria
1848 263 2205 328 quodammodo
2246 272 2319 312 est

72 339 458 408 quindecangulo
506 346 560 387 ut
606 338 692 386 tali
745 343 1036 403 propriaque
1085 341 1247 402 potins
1285 337 1529 400 triangulo
1568 345 1615 387 et
1664 337 2056 401 quinquangulo,
2112 350 2316 399 quarum

70 417 328 480 figurarum
355 415 403 461 vi
431 419 479 460 et
514 413 891 475 proprietatibus
931 412 1181 477 expeditur
1219 412 1339 460 haec
1367 411 1726 470 demonstratiO,
1770 410 1880 460 vide
1907 425 2054 475 supra
2079 409 2162 466 fol.
2192 411 2312 457 202.

72 490 289 551 figuram.
350 484 586 548 Equidem
615 484 734 533 haee
761 492 990 534 extranea
1029 483 1383 548 quodammodo
1411 483 1756 532 demonstratio
1785 484 1902 530 nihil
1931 481 2319 546 quindecangulo

71 560 267 624 prodest
303 557 367 606 ad
406 558 804 622 compositionem
841 561 1056 622 corporis
1094 557 1350 620 regulariS,
1405 570 1513 604 cum
1565 562 1754 605 ceterae
1793 556 1973 617 figurae
2013 555 2318 605 demonstra-

72 634 194 684 biles
241 632 366 680 bane
414 631 813 695 compositionem
866 638 912 679 et
960 648 1336 694 σωματοποιησιν
1381 630 1555 692 juvent
1592 629 1739 677 varie.
1815 628 2134 677 Pulchritudo
2174 630 2320 690 igitur

71 707 327 769 figurarum
354 701 502 751 alium
542 703 690 752 habet
727 703 901 765 locum,
943 711 990 767 et
1012 705 1295 752 nominatim
1324 705 1369 749 in
1398 702 1778 751 conformatione
1806 702 1993 749 orbium
2022 701 2318 762 coelestium,

74 782 119 827 in
159 778 493 825 distributione
533 790 763 824 zonarum
803 791 919 824 usus
959 779 1275 840 animantum,
1314 790 1439 838 quae
1477 775 1610 824 illam
1651 774 1935 822 incoliturae
1975 781 2134 834 erant,
2175 788 2319 837 prae-

71 850 239 903 cedere
287 849 468 898 debuit.
546 850 620 897 De
670 848 754 896 illo
808 863 921 916 vero
978 864 1066 898 usu
1110 850 1213 912 jam
1265 856 1338 897 est
1385 848 1591 908 dictum,
1649 838 1919 911 oportuisse
1961 861 2067 895 esse
2106 845 2320 909 aliquam

74 926 356 973 varietatem
394 928 442 970 et
483 921 879 970 vicissitudinem.
957 922 1079 970 Cum
1117 924 1244 970 enim
1269 921 1353 970 Sol
1393 920 1600 970 calorem
1637 920 1829 980 lrabeat,
1870 919 2020 968 Terra
2058 920 2222 981 friguS,
2264 934 2321 967 ex

5 993 12 999 ’
71 1003 243 1046 natura
281 996 534 1055 materiae,
576 997 639 1042 sit
676 1009 790 1043 vero
831 1008 1003 1059 corpus
1043 1009 1247 1058 opacum
1284 994 1668 1057 rotundumque,
1721 992 1805 1042 Sol
1846 998 2001 1053 certe,
2056 994 2149 1039 nisi
2188 998 2322 1040 motu

71 1067 422 1128 intercedente,
477 1067 710 1116 calfacere
748 1075 899 1116 totam
939 1081 997 1115 ex
1038 1069 1165 1116 omni
1202 1067 1352 1116 latere
1390 1068 1651 1130 nequibat,
1691 1072 2044 1131 proptereaque
2082 1064 2330 1114 revolutio.

74 1141 284 1192 Telluris
323 1142 449 1190 cirea
487 1154 627 1188 axem
667 1139 837 1188 diurna
863 1136 1053 1189 decreta
1092 1155 1197 1188 esse
1226 1134 1525 1201 videtur,‘ut
1563 1155 1709 1203 supra
1745 1139 1866 1187 libro
1908 1141 2060 1202 primo
2102 1138 2325 1202 disputa-

72 1224 188 1264 tum.
243 1214 469 1273 Rursum,
510 1214 626 1275 quia
651 1212 801 1261 Terra
837 1213 998 1262 futura
1027 1219 1130 1262 erat
1169 1212 1463 1262 domicilium
1499 1203 1886 1277 generandorum
1927 1218 1974 1261 et
2013 1225 2324 1275 corrumpen-

73 1288 268 1349 dorum,
323 1301 419 1334 uon
467 1286 679 1350 oportuit
728 1287 871 1347 igitur
909 1292 1071 1348 partes
1112 1286 1287 1336 Terrae
1326 1286 1542 1349 singulas
1582 1285 1904 1349 aequabiliter
1942 1287 2073 1334 omni
2111 1291 2325 1349 tempore

74 1377 105 1411 a
140 1359 254 1410 Sole
293 1359 444 1420 affici,
483 1373 569 1423 pro
607 1371 696 1406 suo
735 1373 979 1427 quamque
1017 1359 1230 1408 modulo.
1306 1357 1412 1419 Sic,
1468 1361 1582 1423 quia
1619 1374 1704 1424 per
1740 1359 2095 1408 revolutionem
2134 1357 2327 1422 simpli-

11 1427 22 1434 ’
75 1448 193 1494 cem,
234 1447 326 1482 axe
364 1431 426 1480 ad
466 1431 719 1494 eclipticae
747 1431 954 1494 'planum
993 1438 1137 1493 rect0,
1179 1432 1277 1497 poli
1317 1438 1365 1481 et
1401 1432 1509 1481 loca
1547 1433 1672 1497 polis
1713 1427 1874 1482 vicina
1914 1432 2069 1481 deseri
2109 1446 2138 1479 a
2166 1431 2326 1480 calore

77 1505 325 1567 videntur,
372 1505 593 1569 'oportuit
631 1503 849 1553 inclinari
886 1512 1051 1566 axem,
1095 1511 1155 1554 nt
1202 1505 1314 1554 illae
1365 1512 1524 1569 partes
1563 1506 1759 1571 alternis
1799 1505 1902 1555 Soli
1945 1506 2327 1554 obverterentur.

78 1580 300 1642 Denique
337 1577 641 1627 revolutione
680 1577 886 1641 simplici
925 1584 973 1626 et
1009 1593 1101 1627 axe
1138 1585 1284 1639 rect0,
1323 1586 1378 1627 ut
1415 1594 1562 1642 supra
1601 1579 1807 1644 dictum,
1846 1579 1998 1641 frigus
2035 1579 2084 1626 in
2129 1577 2321 1626 duobus

48 1652 247 1701 saltem
285 1652 478 1714 punctis
515 1651 838 1715 spectabatur,
880 1647 1010 1700 calor
1047 1654 1095 1699 in
1134 1654 1279 1700 unica
1304 1652 1462 1700 solum
1499 1651 1642 1714 linea,
1683 1668 1809 1715 quae
1848 1651 2209 1700 nullam-habet
2247 1651 2328 1699 la-

77 1724 357 1774 titudinem:
407 1730 512 1772 tota
548 1723 784 1787 sphaerae
823 1723 1100 1787 superficies
1138 1727 1242 1774 sine
1281 1725 1538 1774 manifesta
1576 1725 1882 1775 distinctione
1922 1725 2147 1774 confusas
2186 1723 2330 1772 habi-

78 1806 185 1847 tura
222 1798 394 1846 fuisset
431 1796 605 1845 caloris
643 1802 691 1844 et
728 1796 916 1859 frigoris
957 1805 1125 1846 metas.
1206 1798 1271 1846 At
1308 1797 1491 1863 placuit
1530 1799 1781 1859 conditori,
1823 1797 2120 1860 distinguere
2160 1802 2212 1844 ut
2249 1795 2331 1844 lu·-

79 1886 179 1920 cem
219 1888 248 1920 a
287 1870 515 1930 tenebris,
555 1870 625 1917 sic
662 1875 816 1919 metas
855 1871 1000 1918 etiam
1027 1877 1074 1920 et
1112 1872 1334 1933 regiones
1360 1877 1638 1936 tractusque
1677 1872 1798 1921 lucis
1825 1877 1873 1921 et
1899 1873 2114 1932 umbrae,
2155 1869 2330 1919 caloris

80 1950 128 1993 et
162 1945 369 2007 frigoris,
442 1942 536 1990 His
575 1942 634 1990 de
674 1943 834 1990 causis
874 1946 1087 2007 oportuit
1126 1958 1267 1993 axem
1305 1945 1538 1994 inclinari.
1964 1949 1968 1954 '

221 2017 391 2066 Tertio
432 2031 540 2064 cum
579 2014 658 2063 vel
697 2014 901 2078 simplex
938 2017 1126 2065 volutio
1154 2017 1382 2083 TelluriS,
1422 2033 1511 2068 axe
1549 2015 1783 2081 rectqad
1819 2017 2018 2082 planum
2059 2011 2327 2079 eclipticae,

79 2092 221 2153 signa
259 2087 500 2153 quaedam
539 2094 688 2152 ponat
724 2088 888 2151 frigori
927 2090 1018 2138 sub
1058 2091 1183 2139 binis
1223 2090 1376 2155 poliS,
1431 2097 1478 2140 et
1516 2090 1662 2140 calori
1703 2091 1793 2140 sub
1832 2096 2112 2155 aequatore,
2152 2094 2334 2138 tractus

3 2161 5 2181 “
82 2166 225 2225 igitur
274 2177 506 2211 zonarum
543 2161 822 2224 frigidarum
861 2163 1015 2226 polis,
1072 2163 1282 2214 torridae
1321 2166 1573 2227 aequatori
1613 2163 1899 2226 circumjici,
1954 2163 2153 2227 frigidas
2195 2162 2331 2223 duaS‚

0 2238 2 2248 '
80 2243 274 2301 propter
311 2235 452 2300 polos
492 2235 629 2296 duos,
669 2234 900 2283 torridam
941 2252 1083 2301 unam
1121 2237 1222 2287 fieri
1264 2240 1491 2302 oportuit.
2268 2267 2270 2270 >

224 2308 437 2370 Quarto,
486 2322 594 2356 cum
646 2308 827 2356 bonum
873 2323 969 2357 non
1009 2316 1164 2373 esset,
1216 2318 1428 2360 extrema
1460 2311 1604 2374 jungi
1642 2312 1744 2360 sine
1782 2309 1967 2371 medio,
2022 2308 2142 2358 duas
2190 2311 2337 2372 igitur

80 2388 371 2446 temperatas
411 2380 703 2430 intercedere
745 2383 973 2443 oportuit.
1015 2444 1017 2447 Ι

224 2453 420 2516 Quinto,
461 2454 535 2502 bis
574 2454 636 2501 ab
676 2467 764 2501 usu
801 2453 1032 2504 desumtis
1067 2455 1172 2519 jam
1209 2455 1582 2520 pulchritudinis
1607 2462 1855 2521 respectus
1895 2455 2215 2520 colophonem
2243 2448 2336 2504 im-

77 2534 242 2594 ponat.
319 2526 451 2574 Nihil
490 2527 616 2576 enim
656 2527 808 2589 magis
849 2529 893 2574 in
933 2531 1198 2591 geometria
1238 2529 1490 2594 pulchrum
1532 2535 1606 2579 est
1643 2530 1966 2594 aequalitate,
2019 2530 2058 2576 si
2108 2529 2227 2577 nihil
2267 2529 2335 2576 illi

79 2601 253 2649 obstet.
329 2599 436 2648 Non
490 2606 563 2649 est
601 2601 765 2662 itaque
804 2598 1038 2651 dissimile
1079 2605 1206 2664 veri,
1262 2603 1538 2653 Creatorem
1579 2603 1640 2652 ab
1680 2605 1818 2653 initio
1858 2601 2138 2652 latitudines
2181 2616 2333 2651 zona-

76 2687 183 2722 rum
248 2674 464 2736 quinque
521 2670 754 2735 aequales
1157 2735 1159 2740 ,
1329 2673 1337 2679 ‘
1466 2703 1546 2745 mg.
1571 2702 1626 2738 44,

84 2745 348 2795 ordinasse.
426 2744 547 2794 Cum
589 2750 751 2794 autem

78 2819 372 2869 meridianus
446 2833 531 2882 per
612 2817 752 2882 polos

78 2890 327 2941 traductus
367 2898 499 2940 secet
524 2889 753 2939 torridam

10 3007 14 3011 .
81 2970 130 3015 et
170 2970 464 3030 temperatas
502 2963 622 3012 locis
662 2977 753 3027 op-

79 3038 277 3103 positis,
327 3038 442 3086 hinc
478 3036 599 3085 fiunt
638 3049 753 3100 por-

20 3090 27 3172 i
81 3111 235 3160 tiones
251 3109 504 3160 meridiani
521 3123 621 3169 sex,
643 3109 753 3171 qui-

81 3181 172 3232 bus
233 3182 470 3233 accedunt
532 3180 754 3245 singulae

27 3295 29 3306 2
84 3254 379 3318 singularum
472 3254 754 3318 frigidarum

28 3326 31 3357 ⁵
83 3329 345 3391 sectiones,
395 3328 613 3391 fiuntque
661 3342 754 3375 nu-

6 3373 35 3448 ll
87 3414 217 3450 mero
244 3408 354 3451 octo
382 3404 642 3466 portiones,
700 3400 753 3447 In

9 3476 36 3523 ἵ,
84 3471 327 3524 schemate
374 3473 479 3535 GE,
530 3474 618 3534 EI,
661 3472 754 3532 IM,

13 3558 38 3584 ¹·
84 3541 196 3607 lm,
234 3546 348 3607 NR,
386 3546 482 3607 RS,
523 3546 617 3607 ST,
657 3545 755 3594 TC.
1271 3575 1274 3577 -

0 3618 40 3656 ..3
85 3613 175 3666 His
213 3619 357 3681 igitur
406 3619 682 3679 elementis,
739 3631 836 3665 non
886 3630 1000 3664 vero
1048 3620 1268 3679 respectu
1322 3613 1486 3678 aliquo
1527 3614 1899 3681 pulchritudinis
1949 3617 1996 3662 in
2040 3618 2148 3680 ipsa
2187 3614 2340 3676 figura

0 3697 4 3729 l
40 3722 44 3760 ς,
87 3690 410 3753 octangulari,
461 3706 555 3741 nou
596 3691 905 3755 inscriptione
945 3689 1050 3750 ejus
1089 3689 1133 3734 in
1178 3687 1516 3750 meridianum,
1572 3695 1690 3753 puto
1731 3689 2009 3738 constitisse
2052 3688 2341 3736 divisionem

41 3761 44 3812 f
87 3761 335 3811 meridiani
371 3766 607 3815 terrestris
646 3765 972 3821 octonariam3
1024 3767 1076 3808 ut
1124 3768 1250 3809 esset
1289 3764 1556 3810 communis
1606 3762 1819 3810 omnium
1859 3776 2090 3811 zonarum
2131 3757 2338 3808 latitudo

43 3823 48 3894 ⁸,
88 3829 195 3894 45⁰,
233 3834 503 3886 milliarium
541 3837 927 3901 germanicorum
970 3835 1088 3896 675,
1129 3832 1391 3883 declinatio
1430 3833 1682 3898 eclipticae
1724 3834 1819 3883 22⁰
1861 3836 1963 3883 301.
2024 3829 2030 3836 ’
