2554 4140
820 129 956 187 Liber
986 140 1198 198 Quartus.
1258 141 1370 187 Pars
1398 139 1562 187 Prima.
1840 143 1846 149 '
2212 146 2315 194 321

67 289 404 338 diminutione
435 293 556 336 sunt
589 291 786 350 yenitae
821 291 1172 352 secundariae,
1225 290 1420 339 nihilne
1454 292 1684 352 yiynitur
1719 289 2146 338 secundariarum
2185 303 2318 351 auq-

69 361 411 412 mentatione?
446 359 700 410 Secundae
740 363 853 411 huic
892 363 1197 412 diminutioni
1232 360 1494 426 respondet
1532 362 1726 424 quidem
1765 364 1911 412 etiam
1939 361 2153 411 secunda
2192 375 2317 423 aug·-

67 437 299 484 mentatio
337 435 480 482 trium
518 433 710 482 illarum
749 438 1098 500 primariarum,
1138 436 1320 499 angulo
1357 436 1406 483 in
1444 434 1606 483 locum
1644 435 1779 498 plani
1816 435 2132 497 succedente,
2170 434 2318 498 plano

66 510 119 555 in
153 508 316 556 locum
353 505 534 569 anguli,
572 506 657 556 sed
696 508 817 557 fiunt
854 509 1037 572 figurae
1078 509 1292 570 eaedem,
1340 522 1467 571 quae
1503 507 1597 556 hac
1637 507 1955 557 diminutione
1992 513 2108 556 sunt
2144 508 2318 556 factae.

67 579 206 630 Sicut
244 576 544 642 enim‘prius
584 581 709 630 cubo
750 589 854 631 erat
889 583 1171 646 inscriptum
1210 581 1498 643 octaedron,
1539 579 1844 628 dodecae'dro
1884 580 2195 641 icosae‘dron,
2247 581 2319 628 sic

66 659 194 701 nunc
232 654 445 702 vicissim
483 653 711 703 octaedro
750 656 1009 718 inscriptus
1047 655 1241 719 fingitur
1279 655 1447 715 cubuS,
1486 653 1739 702 icosae‘dro
1779 652 2133 702 dodecaedron.
2197 651 2320 701 Om-

64 726 208 774 nibus
245 726 391 789 igitur
425 725 746 789 perlustratiS,
786 730 1087 791 reperiuntur
1122 728 1306 791 figurae
1343 729 1527 791 primae
1566 726 1796 788 quinque.

218 799 393 862 Quare
431 800 656 862 appellas
700 801 894 864 fiyuras
936 801 1365 864 simplicissimas?
1420 798 1550 862 Quia
1598 798 1847 861 quaelibet
1886 797 2124 846 clauditur
2161 797 2321 860 planis

66 873 238 920 unicae
275 871 433 920 solum
472 875 677 935 speciei,
721 873 907 923 scilicet
942 873 1215 936 triangulae
1253 873 1335 923 vel
1373 871 1739 936 quadrangulae
1781 871 1856 920 vel
1908 870 2322 933 quinquangulae,

65 952 167 992 tum
205 946 351 994 etiam
389 946 562 994 unicae
599 948 781 1008 speciei
818 945 977 995 solido
1011 946 1207 1009 augule,
1246 946 1480 996 trilineari
1519 944 1714 1008 quidem
1753 954 1848 992 tres
1875 947 2149 1007 primariae,
2197 958 2322 1005 qua-

66 1017 310 1066 drilineari
349 1017 625 1081 octaedron,
666 1019 1052 1083 quinquelineari
1090 1019 1395 1068 icosae‘dron.
1471 1018 1674 1068 Ceterae
1713 1017 1896 1080 figurae
1934 1018 2130 1066 variant
2170 1017 2247 1064 vel
2274 1019 2322 1063 in

66 1105 163 1140 uno
201 1090 282 1139 vel
319 1093 367 1138 in
416 1090 584 1142 altero,
660 1092 785 1141 Sunt
835 1094 963 1141 enim
1002 1105 1127 1154 quae
1182 1107 1334 1140 unum
1381 1091 1578 1154 quidem
1623 1091 1806 1140 habent
1857 1104 2010 1154 genus
2048 1089 2321 1153 planorum,

7 1203 9 1206 .
65 1170 120 1212 ut
154 1163 406 1213 rhombica
440 1166 731 1227 praemissa,
779 1164 868 1215 sed
906 1179 1002 1213 non
1043 1179 1194 1212 unum
1229 1180 1384 1228 genus
1420 1164 1688 1214 solidorum
1726 1163 2040 1226 angulorum,
2089 1162 2322 1211 rhombus

0 2781 11 2871 l

64 1237 193 1286 enim
245 1236 573 1287 dodecaedros
619 1238 770 1287 habet
817 1239 846 1286 6
895 1236 1279 1300 quadrilineares
1330 1238 1536 1301 angulos
1587 1243 1634 1286 et
1674 1239 1704 1286 8
1744 1237 2041 1294 trilineareS‚
2092 1236 2324 1284 rhombus

65 1309 447 1360 triacontae'dros
484 1310 635 1360 habet
685 1313 748 1360 12
791 1310 1217 1374 quinquelineares
1267 1317 1316 1360 et
1354 1312 1422 1359 20
1461 1311 1748 1359 trilineareS.
1826 1309 1952 1358 Sunt
1991 1309 2147 1370 aliae,
2199 1323 2325 1371 quae

65 1384 270 1432 miscent
301 1382 496 1433 diversa
532 1383 698 1446 plana,
739 1384 945 1448 angulos
983 1383 1216 1434 babentia
1254 1384 1516 1433 uniformes
1555 1383 1756 1442 solidos,
1797 1389 1851 1431 ut
1896 1384 1957 1431 13
1998 1382 2187 1446 species
2227 1382 2325 1429 Ar-

66 1455 438 1506 chimedeorum.
505 1463 603 1514 (cfr.
638 1463 732 1504 vol.
765 1464 817 1506 v,
848 1476 892 1515 p.
925 1465 1008 1504 123
1039 1461 1114 1518 ss.)

215 1529 389 1593 Quare
422 1531 794 1593 pulcherrimas
826 1532 956 1595 facis
993 1537 1039 1579 et
1071 1531 1457 1595 perfectissimas
1500 1531 1617 1580 illas
1654 1528 1918 1593 quinque?
1971 1526 2106 1590 Quia·
2140 1526 2322 1591 sphae-

64 1603 231 1664 ricum,
270 1603 369 1652 Dei
405 1605 682 1667 imaginem,
724 1610 961 1666 quantum
1000 1618 1031 1652 a
1065 1609 1198 1653 recta
1234 1602 1390 1666 figura
1426 1602 1530 1652 fieri
1565 1608 1755 1666 potest,
1795 1603 2071 1662 imitantur,
2113 1599 2321 1663 angulos

67 1689 233 1725 omnes
272 1678 322 1723 in
359 1675 531 1726 eodem
569 1677 822 1740 sphaerico
861 1676 1142 1726 ordinantes
1183 1682 1232 1725 et
1268 1676 1521 1741 sphaerico
1560 1675 1879 1740 inscriptiles3
1922 1681 1970 1723 et
2008 1680 2062 1723 ut
2101 1674 2326 1736 sphaeri-

69 1762 178 1798 cum
215 1749 308 1798 sibi
346 1749 440 1812 ipsi
481 1749 794 1814 undiquaque
835 1756 908 1799 est
946 1750 1119 1810 simile,
1159 1751 1230 1799 sic
1266 1749 1416 1812 plana
1453 1749 1532 1798 hic
1568 1750 1953 1812 uniuscujusque
1992 1747 2175 1810 figurae
2216 1761 2325 1795 om-

65 1823 148 1870 nia
184 1823 308 1872 inter
344 1837 397 1872 se
435 1830 548 1871 sunt
585 1823 786 1886 similia,
841 1825 1005 1872 omnia
1057 1823 1206 1872 etiam
1243 1823 1329 1871 uni
1367 1829 1417 1872 et
1455 1821 1613 1872 eidem
1652 1821 1831 1872 circulo
1870 1826 1983 1870 sunt
2021 1819 2325 1884 inscriptilia,

66 1894 259 1957 angulis
298 1896 603 1958 aequalibus.
919 1933 925 1939 ι

212 1967 331 2017 Non
361 1975 568 2030 possent
591 1969 698 2018 alia
723 1969 902 2032 aliqua
938 1967 1168 2018 methodo
1204 1969 1440 2017 constitui
1476 1969 1648 2030 plures
1670 1968 1868 2031 fiyurae
1891 1967 2080 2015 harum
2106 1964 2326 2013 similes?

67 2039 403 2104 Nequaquam.
479 2042 605 2092 Nam
654 2041 841 2091 solidus
889 2041 1098 2104 alicujus
1143 2040 1328 2104 figurae
1374 2041 1582 2103 angulus
1622 2039 1932 2090 constituitur
1971 2055 2001 2088 a
2038 2039 2194 2087 tribus
2234 2038 2328 2085 mi·
2408 2055 2411 2062 ·
2490 2080 2496 2094 „

2 2158 3 2162 ,
67 2115 250 2163 nimum
286 2115 463 2178 planis.
537 2116 693 2179 Igitur
730 2114 976 2178 triangula
1013 2114 1316 2177 aequilatera
1355 2115 1515 2176 triniS,
1557 2116 1820 2177 quaternis,
1862 2115 2040 2176 quinis,
2080 2110 2329 2175 quadran·
2413 2155 2417 2164 Α,
2497 2110 2507 2153 ‘.

67 2187 183 2250 gula
221 2188 374 2246 trinis,
416 2189 788 2252 quinquangula
826 2188 993 2236 itidem
1032 2189 1170 2236 trinis
1210 2186 1403 2250 angulis
1444 2194 1621 2255 coeunt
1659 2186 1721 2236 ad
1760 2185 1989 2237 solidum.
2053 2185 2170 2234 Seni
2196 2193 2326 2233 ‘vero

68 2259 391 2323 triangulares
415 2259 479 2311 'et
514 2264 625 2310 trini
665 2261 1015 2326 sexangulares
1053 2259 1255 2324 implent
1291 2260 1543 2323 planitiem
1581 2275 1672 2310 nec
1710 2265 1972 2323 assurgunt
2011 2259 2060 2305 in
2099 2257 2324 2322 solidum.

69 2332 138 2380 At
174 2347 291 2382 vero
334 2333 507 2383 horum
543 2334 708 2398 plures
755 2341 811 2384 ut
857 2336 1030 2394 etiam,
1069 2335 1183 2382 trini
1222 2334 1592 2396 septangulares
1643 2340 1691 2382 et
1740 2335 1854 2383 trini
1903 2334 2181 2395 quicunque
2225 2330 2326 2391 alii,

68 2412 302 2468 superant
351 2421 590 2456 summam
628 2409 662 2456 4
699 2414 962 2468 rectorum,
1016 2407 1099 2469 qui
1148 2408 1275 2456 circa
1307 2403 1440 2456 'idem
1479 2413 1714 2470 punctum
1753 2409 1801 2454 in
1839 2405 1987 2470 plano
2028 2404 2327 2453 ordinantur.

68 2477 197 2527 Vide
243 2493 382 2543 prop.
429 2479 517 2530 ult.
556 2480 640 2530 lib.
678 2479 829 2529 XIII.
905 2479 1123 2530 Euclidis
1170 2479 1420 2542 scholion,
1476 2485 1526 2545 et
1559 2481 1738 2529 librum
1776 2479 1842 2528 Il.
1918 2479 2327 2528 Harmonicorum

70 2565 302 2602 meorum.
2215 2565 2218 2571 ’

221 2640 488 2704 Quomodo
527 2643 688 2704 iyitur
731 2655 792 2690 ea:
828 2640 903 2688 his
948 2640 1128 2703 fiyuris
1163 2639 1503 2701 sphaerarum
1555 2641 1938 2702 primariarum
1983 2651 2230 2686 numerus
2279 2642 2325 2684 et

69 2713 344 2763 intervalla
378 2714 791 2776 planetariorum
828 2713 1031 2762 orbium
1069 2712 1299 2762 desumta
1335 2712 1490 2761 sunt?
1541 2713 1724 2776 Figura
1763 2711 2011 2774 quaelibet
2043 2708 2330 2772 intelligitur

71 2784 270 2835 babere·
302 2786 424 2836 duas
462 2786 718 2850 sphaeras,
769 2800 916 2835 unam
956 2787 1367 2849 circumscriptam
1405 2786 1501 2834 sibi
1540 2792 1589 2834 et
1625 2783 1883 2847 planorum
1921 2797 2122 2831 suorum
2163 2787 2327 2844 centra

72 2862 381 2921 tangentem,
440 2860 564 2908 adeo
602 2866 658 2908 ut
693 2860 877 2923 primus
917 2857 1101 2922 figurae
1139 2864 1428 2922 conspectus
1467 2857 1622 2908 veluti
1659 2859 1835 2906 invitet
1873 2856 2193 2904 architectum
2230 2854 2326 2903 ali-

74 2944 216 2994 quem
254 2932 316 2982 ad
358 2929 820 2982 circumscribendae
858 2937 907 2980 et
943 2930 1278 2981 inscribendas
1316 2930 1574 2994 sphaeras:
1624 2930 1786 2993 qualis
1825 2931 1973 2992 igitur
2011 2934 2084 2977 est
2120 2942 2328 2991 propor-

72 2996 429 3055 fo‘exterioris
468 3004 704 3069 sphaerae
744 3003 1145 3063 ad'interiorem,
1183 3002 1295 3052 talis
1335 3005 1482 3053 etiam
1521 3010 1595 3053 est
1633 3003 1764 3051 facta
1799 3003 2050 3065 proportio
2089 3001 2327 3065 sphaerae

74 3075 300 3140 planetae
337 3080 601 3142 superioris
640 3077 702 3127 ad
740 3078 959 3141 proxime
997 3077 1296 3138 inferiorem,
1344 3076 1470 3127 inter
1507 3090 1628 3139 quas
1668 3074 1865 3138 quidem
1903 3079 1977 3124 est
2014 3073 2137 3123 illud
2176 3076 2328 3123 inter-

76 3149 274 3200 vallum.
1289 3169 1293 3174 ·

230 3223 374 3287 Quae
410 3229 531 3272 sunt
567 3227 691 3272 istae
726 3224 1076 3286 proportiones
1111 3221 1312 3270 orbium
1351 3224 1407 3269 in
1443 3221 1657 3283 sinyulis
1690 3219 1904 3284 fiyuris?
1947 3219 2330 3272 ‘Semidiameter

15 3291 18 3341 ἰ
82 3293 425 3366 circumscripti
463 3299 526 3345 sit
570 3297 794 3357 100000,
835 3296 925 3344 erit
963 3294 1177 3357 inscripti
1213 3294 1462 3357 proportio
1501 3295 1612 3343 ista.

17 3370 22 3442 ⁴

243 3407 298 3453 In
334 3408 449 3454 cubo
713 3408 855 3454 5773&
1002 3406 1235 3451 Potestate
1265 3405 1401 3450 tertia
1430 3416 1537 3463 pars
1567 3404 1701 3463 radii,
1714 3405 2059 3464 circumscripti.

247 3467 302 3512 In
333 3467 557 3513 tetraedro
719 3467 860 3512 3333ss
1008 3465 1117 3509 Pars
1148 3462 1282 3507 tertia
1312 3463 1428 3508 radii
1459 3463 1797 3523 circumscripti.

255 3525 307 3570 In
337 3524 617 3573 dodecaedro
721 3525 864 3571 79465
918 3545 933 3609 Ι
1009 3523 1120 3567 Pars
1171 3519 1408 3566 ineffabilis
1449 3521 1568 3567 inter
1613 3522 1723 3568 duas
1783 3524 1941 3569 tertias
1987 3530 2033 3568 et
2085 3527 2176 3567 tres

543 3576 554 3591 ⁸
953 3580 1132 3637 quintas
1179 3579 1412 3635 potentiae
1457 3580 1572 3626 radii
1621 3581 1972 3639 circumscripti,
2019 3581 2178 3626 ablata

916 3617 1046 3736 5scil.
1077 3637 1283 3695 potentia
1312 3642 1545 3695 apotomes
1561 3639 1617 3685 ab
1649 3640 1858 3686 undecim
1880 3640 2177 3697 quindecimis

251 3701 303 3745 In
331 3701 562 3748 isocaedro
719 3700 862 3745 79465
951 3697 1181 3755 potentiae
1211 3694 1341 3741 radii.
2123 3752 2127 3753 ⁷

252 3758 305 3804 In
335 3760 543 3807 octaedro
720 3759 861 3804 57735
1008 3757 1242 3801 l'otestate
1273 3754 1410 3800 tertia
1440 3769 1546 3812 pars
1577 3755 1691 3803 radii
1724 3757 2066 3814 circumscripti.
2083 3756 2138 3811 ⁴⁹)

225 3862 389 3915 Habet
437 3872 600 3917 autem
644 3865 906 3918 octaedron
944 3865 1089 3914 etiam
1127 3864 1175 3910 in
1226 3861 1301 3911 sui
1338 3861 1503 3911 medio
1536 3863 1854 3925 quadratum,
1910 3879 1940 3910 a
1980 3866 2188 3924 quatuor
2225 3871 2331 3934 me-

169 3947 322 3989 Kopion
343 3948 477 3992 opera.
501 3950 565 3986 vl.
1740 3972 1743 3977 ·
1913 3951 1978 3997 21
