2560 4100
1003 134 1286 184 Prooemium
1318 133 1533 181 Editoris.
2363 150 2392 196 5

143 304 331 354 semper
366 288 587 352 aequalis
625 293 814 351 manet,
865 288 1068 351 ejusque
1117 282 1478 346 inaequalitatis
1519 298 1666 334 eausa
1703 285 1844 335 facile
1882 287 2096 337 redditur
2134 303 2194 339 ex
2230 296 2393 340 muta-

145 366 277 412 tione
314 362 559 411 intervalli
597 362 774 411 Terrae
813 377 843 410 a
880 361 1019 422 Sole,
1060 372 1209 425 quum
1255 355 1392 404 nulla
1419 357 1628 420 confingi
1680 364 1871 427 posset,
1924 363 1967 409 si
2014 367 2144 411 totus
2185 364 2392 414 mundus

141 436 431 485 volveretur.
507 435 562 499 4)
603 433 784 483 Omnis·
809 435 1012 483 materia
1051 432 1129 481 ad·
1154 432 1364 493 quietem
1403 435 1477 478 est
1512 430 1767 492 inclinata,
1822 447 1970 495 quare
2009 442 2196 498 motuS,
2250 453 2393 500 quem

141 509 472 568 observamuS,
510 507 820 557 deducendus
859 512 933 556 est
971 507 1032 554 ab
1073 505 1241 567 aliqua
1277 502 1506 552 facultate
1546 506 1770 562 metrice:
1809 505 1931 554 haec
1969 507 2175 559 facultas
2215 510 2393 560 Terrae

137 584 301 645 potius
339 581 487 643 globo
525 580 782 629 tribuenda
822 587 909 642 est,
950 594 1095 643 quam
1134 576 1270 626 coelo
1295 575 1698 643 *amplissimo'et
1735 593 1821 641 per
1858 581 2095 643 immensa
2121 585 2280 646 spatia
2306 599 2394 633 ex-

137 664 303 718 tens03
348 651 396 721 5)
434 654 588 715 figura
625 654 805 704 Terrae
844 652 1052 702 rotunda
1091 650 1622 712 volutioniaptissima
1660 656 1758 713 est3
1803 652 1855 713 6)
1881 660 2042 702 motus
2083 654 2280 705 diurnus
2320 659 2392 706 ef-

135 729 263 788 ficit,
315 733 370 775 ut
408 741 574 776 omnes
612 727 790 777 Terrae
828 734 989 791 partes
1028 725 1303 774 successive
1343 722 1502 772 calore
1542 723 1670 772 Solis
1707 727 1980 788 potiantur,
2022 743 2105 788 ne,
2156 732 2197 776 si
2234 736 2392 779 motus

139 802 219 850 hic
256 815 366 849 non.
392 806 554 862 esset,
608 800 812 849 alterum
850 801 1029 849 Terrae
1068 796 1484 864 hemisphaerium*
1515 802 1704 858 uratur,
1754 799 1959 847 alterum
2006 807 2241 863 perpetuo
2280 804 2392 866 gelu

137 874 320 937 rigeat:
387 889 535 936 quare
587 873 938 937 perabsurdum
993 878 1148 932 esset,
1205 871 1491 918 immensam
1539 868 1715 919 mo'lem
1768 872 2125 937 coeli-propter
2165 878 2390 939 exiguam

134 947 318 1010 pilulae
370 947 574 1010 figuram
626 949 912 996 immensum
962 947 1054 994 iter
1104 958 1385 1009 peragrare,
1439 943 1577 1006 cujus
1615 944 1789 993 nullibi
1827 946 1876 991 in
1915 952 2017 994 toto
2055 948 2237 997 mundo
2276 965 2392 998 usus

134 1026 276 1082 esset,
314 1021 408 1068 nisi
435 1022 484 1067 in
510 1021 685 1084 Terra3
729 1021 780 1084 7)
818 1025 979 1068 motus
1019 1032 1257 1081 aquarum
1297 1018 1483 1077 oceani,
1523 1017 1608 1065 ubi
1634 1031 1729 1065 non
1769 1018 2030 1081 impeditur
2067 1023 2205 1070 terris
2235 1038 2392 1086 oppo-

132 1095 268 1155 sitiS,
332 1094 394 1141 ab
446 1099 553 1142 ortu
600 1095 649 1140 in
689 1108 915 1142 occasum
943 1093 1017 1141 'ab
1059 1091 1282 1139 omnibus
1319 1092 1481 1138 nautis
1521 1090 1808 1140 observatus
1848 1097 1947 1155 est3
2005 1107 2153 1143 causa
2192 1096 2388 1158 quidem

132 1167 278 1229 hujus
315 1173 478 1215 motus
517 1165 686 1215 eadem
726 1173 814 1231 est,
857 1177 982 1229 quae
1020 1165 1179 1213 fluxus
1219 1169 1266 1211 et
1304 1163 1515 1211 refluxus
1552 1166 1772 1225 marium,
1815 1164 1968 1227 Luna,
2010 1167 2097 1216 sed
2124 1168 2251 1217 aliae
2277 1170 2419 1219 huic-

134 1239 420 1289 accedentes
459 1242 848 1289 circumstantiae
893 1238 1150 1302 „videntur
1187 1236 1453 1300 adjungere
1480 1236 1649 1287 Lunae
1689 1240 1834 1287 etiam
1868 1241 2093 1288 inertiam
2119 1243 2391 1292 naturalem

137 1327 376 1376 aquarum
430 1313 493 1362 ad
538 1304 749 1373 motum,
801 1312 1128 1362 resistentium
1182 1312 1231 1357 in
1280 1309 1561 1371 occidente,
1626 1326 1734 1359 cum
1773 1312 1922 1361 Terra
1960 1329 2012 1362 se
2052 1314 2295 1364 subducat
2343 1318 2423 1363 in-

134 1386 416 1436 orientem.“
494 1385 588 1435 His
629 1380 926 1450 argumentis
964 1386 1201 1434 immiscet
1239 1383 1482 1445 Keplerus
1532 1383 1939 1447 declarationem,
1995 1387 2153 1450 qualis
2200 1390 2266 1437 sit
2313 1389 2393 1439 hic

133 1460 311 1508 Terrae
348 1465 537 1518 motus,
577 1475 865 1524 comparans
900 1474 1010 1509 eum
1047 1459 1201 1506 motui
1239 1458 1444 1505 turbinis
1482 1472 1770 1521 puerorum3
1823 1469 1964 1508 axem
2003 1466 2164 1510 motus
2203 1463 2252 1509 in
2291 1477 2391 1511 una

136 1533 353 1595 qualibet
389 1533 695 1583 revolutione
735 1533 906 1583 diurna
942 1531 1239 1581 immobilem
1270 1545 1496 1592 manere,
1549 1531 1636 1579 sed
1674 1539 1787 1595 post
1823 1534 2091 1595 permultas
2118 1535 2393 1585 revolutio-

134 1622 219 1656 nes
256 1607 477 1655 nonnihil
515 1607 748 1673 inclinari.
807 1606 1068 1669 Quaerenti
1108 1619 1335 1666 causam,
1377 1618 1460 1652 cur
1498 1603 1647 1654 Terra
1685 1605 1984 1656 volutionem
2023 1622 2162 1656 suam
2202 1624 2392 1673 semper

135 1681 427 1728 invariatam
463 1681 682 1742 retineat,
723 1680 943 1744 exemplo
982 1682 1120 1743 ponit
1160 1677 1329 1727 itidem
1362 1678 1616 1739 turbinem,
1659 1682 1741 1742 qui
1768 1680 1918 1729 semel
1944 1683 2127 1744 impetu
2156 1690 2390 1746 concepto

133 1753 367 1816 plurimas
403 1754 551 1803 faciat
588 1756 868 1818 gyrationes
905 1752 1146 1803 materiali
1201 1753 1375 1802 inertia
1422 1751 1618 1814 adjutus
1677 1758 1726 1801 et
1773 1752 2116 1816 languescente
2154 1757 2391 1818 paulatim

134 1833 284 1886 motu,
322 1827 568 1890 inaequali
605 1828 803 1877 tabulae
829 1826 1042 1891 planitie
1081 1831 1130 1874 et
1169 1840 1370 1874 occursu
1408 1827 1533 1873 ae‘ris
1571 1825 1863 1890 impeditus„
1903 1827 2099 1877 tandem
2139 1830 2389 1879 concidat:

136 1901 313 1949 Terrae
351 1915 468 1949 vero
508 1904 815 1965 gyrationem
853 1915 948 1949 non
989 1899 1212 1964 impediri
1250 1897 1352 1946 ulla
1389 1900 1650 1961 asperitate
1691 1905 1738 1949 et
1781 1900 2017 1965 densitate
2046 1917 2192 1952 aurae
2219 1904 2391 1953 aethe—

133 1988 258 2034 reae,
297 1972 399 2023 ullo
438 1974 650 2037 pondere
687 1975 767 2024 v'el
794 1968 1036 2038 gravitate
1061 1976 1265 2022 interna.
1344 1970 1542 2036 Species
1579 1972 1725 2035 hujus
1764 1979 1950 2036 motUS,
1999 1975 2176 2026 Terrae
2216 1993 2246 2026 a
2282 1978 2389 2027 Deo

136 2052 352 2096 creatore
390 2048 693 2111 implantat‘a,
733 2049 911 2097 arctius
949 2049 999 2095 in
1035 2047 1213 2096 Terrae
1253 2060 1360 2095 sese
1399 2060 1573 2109 corpus
1610 2047 1895 2110 insinuavit,
1933 2063 2032 2097 non
2066 2050 2170 2112 jam
2209 2049 2389 2115 hospes

133 2119 342 2183 amplius
380 2123 428 2168 in
466 2121 643 2183 Terra,
695 2122 783 2170 sed
834 2122 1076 2185 inquilina
1124 2120 1269 2184 plane
1308 2134 1392 2168 seu
1431 2121 1667 2169 materiae
1706 2135 1824 2170 suae
1863 2123 2037 2171 victrix
2076 2130 2124 2172 et
2163 2123 2390 2173 domitrix

132 2195 359 2242 existens.
434 2194 572 2244 Haec
609 2197 796 2258 species
835 2197 883 2243 in
926 2194 1136 2256 „fibras“
1180 2193 1357 2242 Terrae
1395 2193 1695 2255 rectilineaS‚
1751 2197 1829 2242 axi
1875 2196 2140 2258 parallelas
2181 2213 2389 2262 eumque

133 2267 426 2316 circulariter
478 2270 843 2318 circumstantes
891 2269 1090 2329 transit,
1138 2266 1358 2329 illaeque·
1403 2273 1555 2330 agunt
1606 2269 1655 2315 in
1697 2271 1880 2331 'corpus
1927 2285 2069 2318 suum
2119 2283 2274 2334 aeque
2332 2287 2389 2320 ac

130 2340 279 2390 fibrae
317 2343 619 2404 magneticae
657 2345 707 2389 in
744 2343 936 2404 ferrum,
975 2341 1098 2389 illud
1137 2341 1382 2390 trahentes
1422 2340 1502 2389 vel
1525 2340 1831 2405 repellentes,
1909 2342 2004 2392 Hic
2043 2345 2189 2392 etiam
2227 2345 2389 2394 locum

0 2420 53 2490 ἕνα.
130 2415 315 2470 invenit
350 2414 593 2478 Keplerus
631 2417 903 2465 sententiae
940 2429 1057 2464 suae
1097 2413 1154 2464 de
1198 2414 1392 2477 „anima
1430 2413 1696 2476 TelluriS,“
1740 2431 1885 2478 quam
1926 2417 2092 2466 definit
2131 2424 2178 2467 et
2219 2419 2387 2468 defen-

131 2487 201 2536 dit
244 2489 514 2537 rationibus
552 2489 752 2552 iisdem,
793 2503 918 2552 quae
956 2490 1138 2552 passim
1177 2489 1225 2534 in
1265 2487 1506 2552 prioribus
1547 2489 1775 2551 operibus
1816 2490 2084 2557 occurrunt.
2160 2492 2387 2555 Denique

8 2588 51 2614 ι.
127 2560 302 2609 refellit
339 2576 420 2623 ea,
474 2577 600 2625 quae
638 2563 838 2612 Terram
875 2561 1087 2610 volutari
1126 2566 1333 2623 negant,
1384 2566 1464 2609 ut:
1525 2563 1678 2610 visum
1731 2565 1920 2625 testari,
1976 2569 2165 2614 montes
2215 2581 2386 2615 versus

128 2634 297 2683 stellas
337 2636 626 2698 ascendere3
665 2638 851 2699 gravia,
891 2650 1080 2684 sursum
1118 2635 1362 2698 projecta,
1405 2648 1502 2682 non
1539 2635 1751 2684 recidere
1789 2651 1934 2699 posse
1975 2652 2206 2687 concesso
2246 2645 2383 2687 motu

129 2707 307 2756 Terrae
357 2710 405 2755 in
461 2710 718 2772 pristinum
754 2710 944 2771 locum3
997 2714 1334 2771 argumentum
1372 2708 1620 2771 Tychonis
1661 2725 1690 2757 a
1729 2708 1888 2771 globis
1929 2711 2256 2760 bombardicis
2298 2712 2386 2762 de-

47 2779 53 2798 ·
98 2786 341 2829 sumtum
383 2784 484 2845 (cfr.
525 2782 618 2832 111.
660 2780 815 2848 458);
867 2784 1069 2832 nubium
1117 2788 1165 2831 et
1218 2784 1383 2836 avium
1435 2787 1594 2830 motus
1637 2782 1814 2832 Terrae
1854 2785 2009 2833 motui
2046 2799 2142 2832 non
2185 2790 2384 2834 contra-

32 3012 65 3083 2'.
129 3007 319 3065 negent,

128 2856 259 2917 rios;
320 2856 531 2918 quietem
581 2855 912 2905 incredibilem
962 2858 1009 2903 in
1056 2855 1309 2918 superficie
1357 2855 1535 2904 Terrae
1584 2861 1770 2919 motae3
1836 2871 2038 2920 corpora
2076 2860 2248 2920 gravia
2285 2874 2384 2907 non

134 2927 406 2977 desilientia
460 2945 491 2978 a
541 2929 691 2979 Terra
707 2946 741 2996 i‘.
773 2930 1088 2979 auctoritates
1137 2930 1351 2978 omnium
1400 2928 1707 2991 seculorum,
1764 2943 1889 2991 quae
1928 2931 2127 2980 Terram
2168 2932 2384 2981 volutari

276 3074 428 3124 Liber
463 3075 724 3124 secundm.
798 3075 876 3124 De
913 3075 1123 3139 sphaera
1161 3079 1209 3124 et
1249 3073 1438 3123 circulis
1478 3074 1598 3136 ejus.
1679 3073 1846 3124 Omnis
1888 3076 1968 3126 hie
2005 3077 2126 3127 liber
2164 3083 2385 3129 versatur

131 3149 178 3195 in
219 3147 596 3198 definitionibus.
672 3149 886 3196 Primum
938 3150 1039 3211 agit
1086 3148 1144 3197 de
1195 3148 1403 3211 sphaera
1450 3147 1688 3196 materiali
1736 3150 1938 3212 ejusque
1978 3151 2196 3200 circulis:
2249 3152 2384 3201 hori-

131 3228 300 3282 zonte,
339 3221 633 3283 meridiane,
673 3228 962 3287 aequatore,
1000 3220 1227 3282 zodiacO‚
1270 3220 1516 3283 ecliptica,
1556 3223 1768 3285 tropieiS,
1808 3223 2056 3286 polaribus
2097 3230 2145 3275 et
2184 3225 2377 3275 coluris,

65 3294 412 3367 ''Explicatur
451 3295 668 3358 cujusvis
706 3295 871 3345 circuli
910 3309 1028 3343 usus
1066 3295 1116 3341 in
1155 3293 1319 3354 coele,
1361 3299 1408 3342 et
1446 3293 1573 3344 unde
1610 3310 1786 3345 nomen
1825 3312 1967 3346 suum
2005 3300 2270 3362 acceperit,
2312 3302 2382 3348 sic

64 3387 67 3411 ;
131 3360 423 3417 eirc‘ulorum
454 3368 555 3432 poli
595 3374 837 3418 et.rectae
876 3369 924 3415 in
965 3367 1061 3415 illis
1101 3366 1277 3416 ductae
1313 3369 1361 3415 in
1400 3367 1698 3430 peculiarem
1724 3384 1865 3419 usum
1887 3377 1976 3420 ete.
2053 3371 2245 3421 Deinde
2287 3371 2381 3420 dis-

133 3440 364 3491 serentiae
406 3441 579 3490 horum
627 3443 916 3492 circulorum
964 3445 1304 3490 enumerantur
1353 3440 1515 3503 quoad
1553 3443 1854 3505 subjectum,
1905 3447 1935 3496 i.
1977 3459 2016 3493 e.
2058 3460 2172 3493 num
2214 3459 2379 3494 eorum

134 3526 249 3562 usus
299 3516 363 3563 sit
407 3515 456 3562 in
494 3514 646 3564 Terra
691 3531 751 3565 an
790 3517 838 3562 in
878 3515 1045 3574 coele,
1109 3513 1271 3576 quoad
1323 3509 1532 3576 ortum(
1563 3518 1883 3578 quantitatem
1922 3516 2109 3583 (paucis
2147 3518 2226 3566 hic
2265 3518 2381 3567 dicit

130 3585 370 3650 Keplerus
406 3588 652 3650 triangula
688 3588 943 3652 sphaerica
980 3594 1027 3636 et
1064 3587 1220 3636 lineas
1257 3588 1708 3651 trigonometrieas)‚
1747 3593 1891 3638 situm
1931 3591 1993 3639 ad
2031 3593 2238 3654 primum
2270 3605 2377 3639 rno-

133 3663 246 3719 tum,
271 3659 476 3710 tandem¹
507 3660 671 3723 quoad
708 3667 933 3711 motum.⁴
986 3660 1149 3709 Tertio
1188 3661 1335 3709 tradit
1358 3661 1598 3725 Keplerus
1625 3662 1911 3712 divisionem
1943 3664 2230 3713 circulorum
2254 3678 2377 3726 geo-

133 3733 406 3794 metricam,
462 3733 763 3797 eandemque
801 3735 1174 3783 astronomicam
1211 3734 1398 3782 zodiaci
1436 3736 1483 3781 in
1530 3737 1590 3782 12
1631 3738 1785 3799 signa,
1839 3742 1887 3785 et
1939 3737 2279 3800 astrologicam
2328 3737 2377 3782 in

135 3805 373 3867 triangula
411 3813 502 3856 etc.
579 3806 763 3869 Quarto
802 3810 905 3870 agit
942 3806 1182 3870 Keplerus
1220 3808 1269 3854 in
1307 3807 1399 3855 hoc
1437 3807 1559 3855 libro
1601 3808 1659 3857 de
1697 3814 1951 3858 ventorum
1990 3811 2176 3873 plagis,
2233 3823 2377 3857 enar-

135 3889 246 3926 rans
282 3881 476 3929 nomina
515 3886 771 3931 ventorum
809 3894 919 3934 cum
956 3880 1202 3931 veteribus
1239 3882 1422 3931 usitata
1458 3886 1561 3929 tum
1597 3896 1628 3930 a
1664 3883 2012 3933 recentioribus
2038 3886 2286 3947 usurpata,
2327 3883 2392 3930 ins
