2554 4140
952 103 1184 149 Praefatio
1217 107 1264 148 et
1291 101 1544 160 Epistolae.
2270 108 2381 157 ,631

120 255 249 302 tibus
289 253 415 317 aliis,
455 268 514 303 ex
553 252 731 314 quibus
770 251 1002 301 coalescit
1039 254 1165 302 inter
1204 252 1367 316 plures
1406 248 1619 314 aliquod.
1650 258 1849 301 senatus
1895 253 2184 302 consultum.
2259 251 2386 300 Nam

98 328 354 389 ‘professio
394 332 480 375 aut
526 326 800 388 linguarum
850 331 936 373 aut
972 326 1248 375 matheseos
1294 325 1383 373 tibi
1436 326 1690 386 convenit3
1742 325 2070 388 theologicam
2119 340 2218 374 non
2266 332 2385 390 puto

120 407 167 447 te
206 401 405 461 ambire,
447 405 501 447 ut
527 398 644 460 *ejus
682 399 960 448 interventu
999 399 1246 462 adopteris
1286 400 1333 444 in
1373 395 1422 444 id
1462 398 1749 459 collegium:
1789 414 1901 462 narn
1942 401 2057 448 site
2096 400 2221 448 bene
2250 400 2385 460 novi,

121 486 215 520 non
256 473 470 520 arrident
506 472 596 519 tibi
632 473 834 533 negotia
874 473 917 520 ei
956 471 1180 520 facultati
1221 471 1537 519 obvenientia
1576 473 1623 517 in
1653 471 1880 533 collegio.
1958 471 2073 520 Jam
2111 472 2386 535 linguarum

117 545 355 608 professio
393 544 601 593 habetur
638 546 927 606 accessoria,
967 559 1057 593 nec
1096 551 1213 609 puto
1227 581 1243 609 ‚
1282 558 1499 605 unquam
1538 546 1764 605 cuiquam
1805 544 1910 606 ejus
1950 551 2173 608 respectu
2210 545 2385 607 majuS,

120 633 267 680 quarn
307 619 420 678 tibi,
473 617 641 665 datum
679 617 927 681 salarium.
1004 617 1299 679 Plerumque
1340 619 1384 665 ei
1424 615 1713 680 professioni
1754 617 2077 666 incubuerunt
2115 624 2200 665 aut
2236 633 2389 682 pecu-

122 693 247 738 niosi
286 696 372 738 aut
410 689 473 738 ad
511 690 614 738 alia
651 691 937 754 aspiranteS,
979 691 1157 753 quibus
1195 703 1438 738 morarum
1479 689 1603 737 alias
1642 691 2026 738 necessariarum
2062 690 2183 739 haec
2221 692 2387 739 salarii

119 765 335 812 accessio
385 769 488 812 erat
540 764 735 813 solatio,
813 763 1022 813 Senatus
1068 765 1215 825 igitur
1263 756 1446 810 difficili
1497 762 1591 810 hoc
1629 768 1874 825 tempore,
1929 770 2049 810 raris
2099 763 2383 812 academiae

127 837 330 897 civibus,
370 837 543 884 accisis
570 837 904 900 proventibuS,
946 836 1219 900 exemplum
1259 837 1309 883 in
1349 840 1421 896 te,
1464 834 1595 897 quod
1635 836 1684 881 in
1721 835 1881 897 legem
1920 835 2092 895 abeat,
2133 851 2231 884 non
2272 851 2388 885 cen-

116 911 214 958 suit
251 908 578 958 statuendum.
658 909 800 971 Quod
840 924 955 959 vero
994 910 1273 958 matheseos
1312 911 1485 956 attinet
1523 907 1889 972 professionem,
1933 922 2030 955 non
2071 910 2158 956 tibi
2199 910 2300 969 hic,
2341 911 2382 956 si

118 983 180 1031 ab
221 982 327 1044 ejus
364 984 600 1045 petitione
641 982 873 1045 depulsus
902 998 968 1044 es,
1010 982 1321 1041 contumelia,
1362 980 1448 1030 sed
1475 983 1605 1030 senis
1646 982 1931 1041 (Maestlini),
1973 982 2056 1042 qui
2096 983 2267 1030 unicus
2294 982 2387 1031 hoc

118 1062 334 1118 tempore
372 1062 511 1118 pater
548 1048 944 1118 habeturltotins
984 1055 1164 1103 ordinis
1203 1053 1485 1115 academici,
1526 1055 1632 1116 ejus
1671 1057 1872 1116 inquam
1911 1057 2063 1115 votis,
2117 1069 2214 1101 non
2252 1055 2387 1117 longi

117 1135 171 1176 ut
208 1135 373 1177 rentur
411 1129 642 1191 temporis
679 1130 837 1191 gratia
875 1134 949 1176 est
986 1128 1143 1189 facta3
1202 1129 1285 1190 qui
1325 1129 1367 1174 si
1403 1129 1598 1190 penitus
1649 1129 1799 1175 animi
1837 1141 1982 1175 sensa
2021 1133 2238 1190 promat,
2290 1142 2389 1174 non

119 1201 178 1250 de
217 1216 306 1249 suo
346 1201 425 1250 vel
465 1200 719 1250 commodo
759 1201 839 1249 vel
877 1201 1076 1261 honore,
1117 1199 1201 1248 sed
1246 1199 1305 1249 de
1344 1235 1357 1247 .
1388 1237 1399 1249 .
1427 1235 1438 1248 .
1470 1237 1481 1248 .
1521 1201 1831 1248 successione
1855 1202 2052 1260 satagit.
2126 1200 2266 1248 Haec
2301 1201 2389 1248 tibi

119 1275 353 1336 cogitatio
391 1276 571 1337 poterit
609 1288 715 1323 esse
754 1274 947 1322 solatio.
1025 1272 1196 1322 Altera
1235 1287 1398 1334 causa,
1441 1287 1568 1335 quae
1606 1274 1654 1319 in
1695 1279 1741 1322 tc
1782 1287 1973 1321 omnem
2001 1287 2146 1334 super
2184 1279 2386 1336 accepto

69 1351 73 1359 “
116 1346 331 1395 ludibrio
371 1353 527 1395 ortam
551 1349 699 1395 animi
739 1347 1154 1409 perturbationem
1191 1348 1385 1409 penitus
1428 1347 1682 1411 opprimat,
1720 1351 1792 1394 est
1813 1348 1921 1406 ista,
1963 1346 2108 1413 quod,
2149 1347 2389 1409 siquidem

119 1421 328 1468 avaritia
359 1420 548 1485 'publici
569 1419 672 1468 fisci
713 1426 761 1467 et
800 1426 1072 1468 contemtus
1111 1426 1304 1467 tuarum
1342 1421 1532 1479 artium,
1569 1419 1699 1482 apud
1741 1434 1861 1481 quos
1889 1421 2086 1467 minime
2114 1420 2387 1482 oportebat,

117 1494 206 1542 tibi
243 1492 639 1554 incommodavit,
678 1498 732 1541 ut
770 1508 831 1542 ne
871 1495 1162 1557 temporario
1204 1491 1397 1554 quidem
1438 1492 1657 1541 subsidio
1697 1498 1743 1540 te
1780 1492 2138 1541 sublevandum
2178 1493 2239 1541 ob
2279 1507 2419 1543 me-.

117 1568 211 1615 rita
248 1572 524 1631 censerent,
579 1571 664 1614 aut
714 1568 755 1614 si
794 1567 918 1615 bene
957 1567 1143 1614 meritis
1182 1565 1314 1630 apud
1356 1579 1445 1614 vos
1483 1580 1580 1614 non
1620 1565 1719 1613 alia
1756 1566 1958 1614 refertur
2002 1567 2184 1628 gratia,
2241 1581 2387 1629 quam

121 1654 247 1701 quae
286 1642 541 1688 materiam
580 1638 796 1688 excludit
833 1639 969 1701 aliis,
1023 1640 1146 1687 bene
1187 1638 1246 1687 de
1285 1638 1456 1687 iisdem
1495 1637 1669 1686 studiis
1705 1638 1941 1687 merendi:
1988 1639 2091 1701 jam
2142 1638 2236 1688 hoc
2273 1639 2390 1698 mali

122 1714 297 1761 ominis
349 1712 459 1762 loco
513 1719 587 1761 est
624 1711 930 1774 habendum,
988 1712 1118 1775 quod
1156 1711 1486 1761 lamentabilis
1527 1712 1694 1774 aliqua
1732 1715 1885 1769 ruina,
1926 1726 2052 1774 quae
2093 1726 2202 1760 cum
2240 1727 2390 1775 repu-

118 1785 246 1834 blica
282 1788 501 1850 privatos
534 1787 679 1834 etiam
717 1786 872 1844 feriat,
912 1791 1252 1848 consequatur.
1327 1784 1490 1833 Metus
1530 1786 1697 1847 itaque
1737 1783 1919 1833 doloris
1953 1785 2154 1834 maximi
2192 1800 2391 1834 sensum

117 1859 206 1908 tibi
242 1858 426 1908 adimat
451 1860 738 1922 'punctionis
788 1859 1045 1907 leviculae.
1121 1857 1220 1907 Sed
1268 1857 1480 1906 declaret
1518 1857 1590 1916 id,
1645 1858 1777 1920 quod
1824 1860 1996 1918 innu0,
2054 1859 2179 1907 ratio
2230 1860 2386 1920 tertia,

121 1947 267 1994 quam
308 1947 366 1981 eo
404 1934 713 1995 potissimum
753 1931 924 1995 dirig0,
964 1933 1037 1980 uti
1074 1937 1123 1980 te
1163 1930 1387 1980 dehorter
1413 1946 1442 1979 a
1468 1931 1612 1979 rebus
1651 1933 1747 1979 tuis
1774 1930 1867 1979 hoc
1905 1937 2121 1994 tempore
2147 1931 2388 1981 novandis

118 2011 312 2054 temere.
389 2005 626 2054 Nimirum
677 2019 773 2068 quo
813 2007 971 2068 magis
1021 2006 1170 2054 mirae
1215 2009 1327 2052 sunt
1373 2017 1532 2052 rerum
1581 2009 1772 2052 tuarum
1824 2003 2215 2067 vicissitudineS,
2266 2020 2388 2054 con-

123 2093 388 2141 cursusque
438 2084 486 2128 et
522 2077 869 2143 impedimenta
911 2082 1081 2126 mutua
1126 2082 1482 2126 momentorum
1529 2076 1830 2126 diversorum
1883 2079 1932 2124 in
1971 2083 2228 2140 utramque
2267 2093 2384 2141 par-

117 2158 243 2212 tem,
310 2151 405 2200 hoc
454 2157 508 2199 tu
555 2153 789 2200 attentius
850 2153 896 2198 in
955 2166 1103 2215 opera
1163 2151 1357 2199 divinae
1409 2149 1747 2213 providentiae
1813 2149 1960 2198 velim
2015 2153 2273 2215 respiciaS,
2341 2157 2390 2200 et

115 2227 284 2288 siqua
320 2226 426 2288 eJus
465 2226 724 2274 manifesta
761 2226 808 2272 in
844 2225 989 2273 rebus
1015 2226 1112 2272 tuis
1153 2225 1362 2286 vestigia
1390 2222 1784 2287 deprehenderis,
1824 2225 1882 2272 iis
1922 2223 2164 2285 adoratis,
2210 2223 2267 2273 de
2309 2223 2387 2271 di-

118 2299 230 2347 vino
282 2298 450 2347 favore
502 2300 658 2361 magis
698 2299 955 2362 magisque
1008 2297 1316 2346 confirmeris.
1378 2296 1646 2345 Meministi
1687 2295 1826 2359 quid,
1882 2311 1990 2345 cum
2041 2299 2248 2359 primum
2288 2297 2385 2346 huc

117 2371 436 2435 appellerem,
493 2373 661 2435 primis
709 2371 773 2420 ad
819 2376 867 2420 te
918 2371 1071 2420 literis
1113 2372 1315 2419 obscure
1357 2371 1585 2418 inuerim:
1639 2369 1765 2418 Non
1818 2384 1906 2418 me
1957 2369 2192 2431 latere,
2248 2371 2387 2434 quis

116 2445 266 2507 quid
306 2451 533 2506 tentet,
575 2451 637 2493 ut
673 2450 729 2494 te
768 2444 1062 2507 Tubinga
1099 2442 1460 2503 abstrahat,
1500 2444 1726 2490 nimirum
1765 2443 1828 2491 ad
1866 2443 2188 2492 ministerium
2228 2444 2388 2493 eccle-

26 2521 46 2550 ·'
115 2520 383 2577 siasticum,
425 2519 739 2581 conjunctum
778 2531 886 2565 cum
925 2518 1156 2566 exercitio
1196 2515 1549 2578 gloriosissimo
1588 2516 1883 2565 matheseos.
1967 2512 2256 2580 Quicunque
2295 2517 2388 2565 sibi

115 2593 275 2655 potuit
315 2593 586 2653 imaginari,
627 2605 658 2638 a
696 2596 743 2639 te
784 2604 880 2638 non
922 2592 1086 2653 magni
1121 2589 1225 2638 fieri
1265 2588 1426 2637 locum
1465 2589 1737 2651 Tubingae,
1780 2589 1938 2637 dicere
1979 2589 2120 2637 aliter
2158 2603 2252 2637 non
2293 2603 2387 2651 po-

122 2666 228 2724 tuit,
272 2679 420 2726 quam
459 2663 784 2712 conditionem
825 2663 981 2711 offerri
1022 2664 1111 2712 tibi
1153 2663 1678 2711 convenientissimam.
1756 2661 1938 2711 Verum
1987 2667 2072 2709 aut
2122 2668 2224 2710 tute
2264 2664 2384 2724 ipse,

123 2737 253 2800 quod
294 2736 508 2785 hariolor
542 2751 701 2785 rerum
741 2738 967 2799 ignarus,
1008 2751 1094 2799 spe
1132 2737 1450 2799 promotionis
1489 2734 1797 2784 academicae
1839 2734 2037 2794 ductUS,
2080 2736 2385 2783 occasionem

116 2811 513 2875 praetermisisti,
563 2815 649 2858 aut
686 2809 769 2859 alii
821 2809 915 2857 hoc
963 2809 1022 2858 de
1075 2815 1123 2858 te
1175 2810 1396 2872 persuasi
1450 2807 1738 2857 destiterunt
1786 2808 1848 2856 ab
1904 2806 2130 2869 urgendis
2183 2809 2430 2870 coeptis„

119 2884 262 2932 Nunc
300 2890 560 2946 postquam
601 2882 660 2932 de
699 2883 967 2931 ministerio
1009 2882 1338 2944 ecclesiastico
1378 2888 1425 2930 tc
1465 2883 1588 2930 serio
1630 2883 1842 2944 cogitare
1881 2879 2150 2943 significas,
2192 2882 2384 2929 occasio

117 2956 203 3005 illa
240 2963 315 3005 cst
352 2956 535 3019 elapsa,
576 2970 667 3004 nec
696 2958 922 3005 ‘revocari
960 2956 1106 3004 rebus
1145 2957 1216 3002 sic
1254 2955 1496 3018 stantibus
1535 2960 1714 3017 potest,
1755 2953 1891 3002 locus
1932 2953 2058 3001 enim
2091 2953 2195 3016 jam
2237 2967 2384 3002 occu-

117 3036 259 3092 patur
298 3029 359 3079 ab
399 3029 512 3078 alio.
591 3027 719 3090 Quid
759 3028 852 3077 hoc
890 3028 995 3077 rei?
1049 3028 1285 3076 Nimirum
1326 3034 1455 3095 certo
1511 3029 1687 3075 certius
1726 3026 1841 3074 mihi
1881 3040 2167 3088 persuasum
2206 3026 2382 3086 habe0‚

119 3109 204 3151 aut
242 3109 612 3152 consecuturum
654 3101 788 3149 illam
827 3101 1123 3150 functionem
1166 3101 1320 3149 fuisse
1372 3115 1522 3162 grave
1570 3099 1769 3162 aliquod
1819 3097 2199 3158 incommodum,
2252 3099 2382 3161 quod

120 3176 286 3231 divina
323 3175 634 3239 providentia
671 3177 735 3222 sit
772 3190 802 3222 a
840 3179 886 3223 te
928 3174 1146 3234 amolita,
1187 3180 1273 3221 aut
1311 3173 1441 3236 quod
1484 3172 1817 3232 verisimilius,
1871 3171 2076 3219 eandem
2115 3173 2162 3218 in
2203 3173 2384 3221 vicinia

0 3223 2 3284 ζ
43 3303 46 3307 ,
120 3263 228 3298 cum
268 3250 368 3298 alia
407 3249 574 3311 aliqua
614 3246 941 3295 commodiore
979 3252 1304 3310 permutatum
1357 3247 1492 3294 brevi
1532 3247 1603 3294 iri.
1680 3244 1755 3293 Tu
1806 3258 1934 3293 nunc
1981 3245 2177 3308 applica
2216 3260 2383 3295 exem-

119 3322 252 3385 plum
290 3322 353 3370 ad
391 3322 551 3371 locum
592 3320 752 3380 illum,
793 3334 936 3382 quem
977 3321 1195 3381 ambisti,
1237 3319 1583 3367 academicum.
1661 3316 1789 3379 Quid
1827 3317 1867 3365 si
1907 3331 2116 3380 namque
2157 3318 2383 3381 expediat

119 3396 223 3455 tibi,
263 3402 316 3443 ut
355 3397 402 3442 in
441 3394 576 3442 nullo
615 3396 681 3441 sis
721 3392 956 3455 collegi03
1010 3391 1124 3454 quid
1164 3394 1203 3439 si
1245 3391 1359 3453 quid
1400 3390 1680 3453 impendeat
1716 3391 1938 3452 gravius,
1981 3390 2181 3454 collegis
2222 3393 2382 3439 omni-

120 3469 211 3517 bus
250 3474 336 3516 aut
374 3469 460 3517 tibi
501 3467 672 3516 saltem
716 3467 907 3527 tuisque
946 3465 1119 3513 studiis
1160 3466 1291 3513 oneri
1347 3464 1600 3511 futurum?
1656 3463 1761 3510 Imo
1803 3476 1917 3511 vero
1964 3463 2042 3512 vel
2082 3466 2291 3513 maxime
2331 3467 2378 3512 in

123 3543 397 3604 oppositam
435 3546 623 3604 partem
665 3540 910 3602 respicias.
990 3536 1241 3598 Quaenam
1285 3542 1357 3585 est
1394 3537 1601 3596 functio,
1652 3550 1796 3598 quam
1844 3535 1949 3598 jam
1987 3550 2129 3600 porro
2171 3539 2378 3599 quaeriS,

124 3614 353 3676 Tubinga
390 3612 693 3663 abituriens?
756 3611 950 3659 Nihilne
999 3610 1066 3658 ibi
1111 3608 1389 3657 malorum?
1443 3608 1560 3655 nihil
1599 3607 1841 3671 periculi?
1889 3609 2053 3657 nullus
2103 3616 2260 3657 metus
2298 3625 2378 3658 re-

122 3687 307 3749 pulsae,
349 3688 389 3734 si
431 3686 628 3750 opima?
668 3684 864 3733 nullane
904 3688 1093 3745 egestas
1134 3682 1257 3743 ejus,
1299 3683 1336 3728 si
1379 3681 1661 3744 incognita?
1713 3680 1840 3743 Quid
1877 3684 1917 3730 si
1958 3681 2152 3731 divinae
2191 3683 2377 3744 gratiae

125 3759 429 3809 tribuendum
468 3759 561 3807 hoc
599 3764 687 3820 est,
728 3756 857 3820 quod
898 3761 1024 3804 artes
1062 3754 1298 3818 profiteris
1340 3754 1562 3802 omnibus
1603 3756 1821 3817 partibus
1862 3755 2056 3815 charas,
2098 3754 2217 3802 nulli
2258 3769 2377 3802 exo-

126 3833 240 3881 sas?
300 3831 429 3897 Quid
454 3834 496 3880 si
521 3831 614 3883 hoc
639 3831 1053 3884 turbulentissimo
1093 3834 1308 3892 tempore
1348 3827 1510 3876 subita
1534 3829 1682 3876 totius
1710 3829 1896 3893 patriae
1935 3828 2200 3876 ministerio
2241 3826 2376 3890 cala-.-
