2560 4100
939 161 1010 208 De
1047 159 1259 219 Epitome
1295 158 1626 207 Astronomiae.
2336 163 2400 212 61

157 304 409 353 consenserit
438 312 479 350 et
508 307 760 349 satisfecerit
789 310 992 365 calculus,
1025 310 1106 351 eris
1135 311 1240 350 mihi
1268 320 1443 359 magnus
1476 308 1649 362 Apollo,
1686 311 1810 358 prout
1840 311 1880 347 et
1908 308 2080 360 reliquis
2112 307 2272 347 duabus
2304 318 2403 347 cen-

154 370 331 410 tralibus
361 368 575 409 Solaribus
604 369 830 418 eclipsibus
860 367 1083 412 clavianis.
1115 393 1171 400 —
1216 368 1312 409 Hae
1342 372 1506 407 nostrae
1543 368 1653 406 inter
1682 367 1756 406 has
1786 368 1925 406 turbas
1956 367 2040 406 sint
2071 364 2243 406 deliciae
2275 369 2316 405 et
2343 377 2404 405 re-

154 428 366 480 fectiones,
399 427 606 466 carissime
635 425 832 480 Kepler03
864 428 1024 467 utinam
1054 433 1095 467 te
1123 431 1266 478 juvare
1295 438 1474 478 possem,
1505 437 1571 464 me
1602 436 1761 476 semper
1790 426 2114 476 promtissimam
2145 425 2330 465 haberes.

296 484 416 525 Nunc
445 485 498 524 ad
527 486 642 524 tuam
674 485 939 535 Ephemerin.
1001 487 1169 538 Optimo
1201 489 1242 525 et
1269 489 1429 524 maturo
1461 481 1637 524 consilio
1679 484 1925 523 sententiam
1955 484 2148 538 mutasti,
2194 495 2289 522 nam
2320 493 2403 523 non

155 555 296 583 omnes
328 542 482 583 callent
513 543 697 583 cautelas
728 543 958 584 additionis
989 549 1029 584 et
1059 544 1352 585 subtractionis
1383 544 1426 582 in
1458 541 1741 591 logarithmis;
1771 543 1854 581 imo
1877 542 2098 592 meipsum
2132 553 2252 592 saepe
2283 539 2404 580 sorel..

151 601 288 641 lerunt
318 606 360 641 et
389 602 613 653 ancipitem
644 600 924 645 reddiderunt,
979 603 1086 643 Sane
1107 607 1202 643 ante
1224 603 1363 642 omnia
1394 601 1560 651 deberet
1585 601 1741 640 exstrui
1762 611 1892 640 novus
1914 611 2058 654 canon,
2089 603 2138 639 ut
2160 604 2200 640 et
2221 599 2406 640 secunda

152 661 400 699 haberentur
431 672 525 699 cum
556 659 799 699 differentiis
831 666 871 700 et
900 673 940 712 p.
970 674 1009 712 p.
1042 667 1089 701 ut
1118 663 1161 701 in
1191 661 1336 700 Pitisci
1368 661 1542 699 sinibus.
1606 659 1692 708 Ego
1735 671 1827 698 cum
1868 658 2121 698 differentias
2166 659 2404 708 colligerem

153 720 198 757 in
228 719 449 771 principio,
479 719 622 757 inveni
652 716 798 771 aliqua
829 724 960 759 errata
989 720 1307 771 typographica,
1340 731 1395 760 sc.
1426 718 1470 756 in
1502 718 1648 768 primis
1680 718 1863 757 minutis.

296 776 474 827 Tempus
515 781 577 816 est
618 777 670 816 ad
701 778 838 816 aulam
872 782 913 818 et
941 783 1151 830 praeterea
1187 778 1295 817 nihil
1332 777 1520 817 occurrit.
1581 775 1692 815 Bene
1734 776 1848 825 vale,
1889 775 1947 814 mi
1990 774 2199 814 carissime
2229 775 2405 814 Domine

152 835 328 885 Keplere
359 840 399 874 et
428 836 732 888 quamprimum
760 837 866 875 mihi
893 838 1071 876 rescribe
1102 841 1143 875 et
1183 836 1346 886 indica,
1389 847 1463 887 per
1501 845 1605 887 quas
1645 835 1733 874 vias
1772 835 1852 873 tibi
1877 833 2089 872 inservire
2130 845 2295 885 queam,
2340 845 2405 872 me

152 894 324 932 habebis
355 905 515 944 semper
547 898 752 944 promtum
784 898 824 933 et
853 900 1055 945 paratum.
1101 895 1263 943 Dignus
1285 905 1385 933 sane
1416 906 1473 942 es,
1504 897 1552 933 ut
1581 905 1657 944 pro
1688 893 1918 944 coryphaeo
1941 895 1982 931 et
2000 895 2118 942 patre
2148 896 2290 931 nostro
2318 895 2403 942 jam

152 952 207 990 ab
239 952 431 992 omnibus
462 953 766 993 mathematicis
797 953 998 994 habearis.
1062 954 1173 992 Bene
1203 954 1308 991 vale.
1373 953 1559 991 Viennae
1589 953 1739 1003 raptim
1772 953 1839 991 13.
1862 952 1969 1000 Aug.
1997 951 2122 992 1619.

1021 1011 1132 1052 Tuae
1162 1011 1318 1050 Excell.
1351 1010 1584 1050 studiosiss.

1455 1066 1495 1111 J
1493 1079 1531 1110 o.
1564 1065 1747 1120 Remus,
1783 1063 2046 1122 Quietanus,

1125 1125 1171 1170 Si
1204 1126 1408 1179 Leopoldi
1439 1127 1623 1167 medicus
1654 1138 1680 1166 a
1711 1125 1913 1166 cubiculis
1945 1130 1986 1165 et
2016 1127 2346 1170 mathematicus.

296 1211 464 1265 Kepleri
494 1214 802 1264 responsionem
832 1215 1018 1254 maxima
1048 1226 1099 1254 ex
1130 1219 1248 1265 parte
1278 1214 1511 1254 addendam
1542 1215 1776 1254 censuimus
1806 1214 2163 1269 „prolegomenis“
2195 1215 2402 1265 Epheme-

158 1273 306 1320 ridum,
338 1274 411 1311 nbi
441 1273 565 1312 etiam
597 1272 875 1323 deprehendes
908 1272 1110 1314 calculum
1151 1272 1350 1326 eclipseos
1382 1274 1483 1313 anni
1517 1275 1652 1325 1612,
1693 1284 1814 1325 quem
1851 1274 1974 1325 petiit
2005 1273 2170 1316 Remus.
2230 1272 2407 1326 Reliqua

153 1330 351 1382 epistolae
380 1343 477 1383 pars
508 1332 608 1371 haec
638 1332 783 1373 habet:
2331 1332 2334 1336 ’

296 1403 468 1471 Optas,
507 1420 584 1454 me
617 1405 793 1468 juvare
831 1420 1017 1471 posses,
1093 1405 1244 1455 Potes
1284 1411 1330 1456 et
1356 1411 1458 1456 arte
1497 1412 1545 1456 et
1579 1405 2035 1468 intercessionibus3
2074 1404 2162 1455 sed
2201 1406 2263 1454 ab
2303 1410 2406 1455 arte

150 1478 271 1527 nihil
307 1485 437 1542 pet0‚
477 1481 731 1543 pistrinum
769 1479 862 1528 hoc
898 1485 1010 1529 tuos
1048 1478 1255 1529 lacertos
1293 1494 1389 1529 non
1430 1479 1575 1529 debet
1611 1481 1844 1544 fatigare,
1896 1485 2121 1528 extensos
2162 1478 2224 1527 ad
2261 1480 2406 1528 nobi-
2452 1487 2455 1495 ’

155 1552 365 1601 lissimas
404 1566 559 1614 curas,
599 1566 688 1602 nec
725 1554 854 1601 enim
892 1553 1032 1602 aliter
1068 1568 1253 1618 posseS,
1292 1555 1385 1603 nisi
1424 1553 1607 1614 aliena,
1647 1554 1743 1603 hoc
1782 1559 1855 1602 est
1901 1567 2010 1602 mea
2047 1554 2286 1617 principia
2323 1567 2403 1602 se-

154 1640 335 1689 quens,
375 1624 506 1688 quod
546 1631 619 1674 est
656 1625 896 1689 ignobile.
934 1630 1218 1690 praesertim
1259 1642 1476 1678 erronea.
1554 1628 1621 1676 At
1657 1627 2003 1676 intercessione
2042 1631 2210 1690 poteS,
2263 1627 2304 1673 si
2347 1625 2405 1675 de

151 1713 262 1749 meo
299 1697 460 1748 aulico
499 1698 694 1761 salario,
735 1714 820 1748 seu
853 1699 959 1762 jam
998 1699 1177 1764 debito,
1218 1715 1304 1750 seu
1343 1701 1503 1750 adhuc
1529 1707 1748 1750 currente
1787 1698 1947 1767 (nemo
1984 1701 2111 1749 enim
2135 1699 2405 1765 renunciat)

151 1778 341 1821 tantum
378 1771 496 1820 mihi
533 1777 832 1835 numeretur,
887 1772 1014 1823 unde
1055 1773 1411 1838 Gringalletum
1448 1789 1635 1836 meum,
1683 1774 1786 1837 Jam
1825 1771 2006 1822 dudum
2046 1771 2298 1822 dimissum
2341 1775 2403 1821 ob

152 1845 488 1894 difficultatem
525 1851 799 1909 temporum
837 1852 885 1896 et
922 1846 1110 1896 nullum
1149 1847 1404 1910 salarium,
1455 1845 1754 1913 postliminio
1794 1850 2089 1896 revocatum
2115 1852 2406 1912 sustentare,
2450 1890 2456 1899 ,

153 1918 283 1968 unde
321 1918 570 1983 Epitomes
609 1925 793 1983 partem
833 1919 1096 1970 theoricam
1136 1923 1266 1986 typis
1304 1920 1541 1971 excudere
1579 1923 1777 1986 possim,
1824 1922 1939 1984 quia
1979 1921 2123 1970 etiam
2164 1919 2405 1984 Criigerus

153 2006 291 2042 meus
327 1999 383 2040 ut
422 1992 614 2042 vetulus
654 2007 809 2056 equus
846 1995 896 2041 in
935 1993 1163 2045 lacunam
1201 1996 1474 2060 procubuit.
1515 2000 1615 2055 (Otr.
1649 2014 1692 2053 p.
1725 1998 1809 2054 26.)

296 2079 393 2119 Jam
414 2079 620 2131 Keplerus
651 2079 708 2118 ad
728 2079 1001 2120 Harmoniam
1025 2080 1124 2130 (vol.
1148 2082 1200 2123 V.
1232 2094 1275 2134 p.
1299 2079 1369 2137 56)
1403 2085 1443 2122 et
1472 2082 1527 2121 ad
1559 2081 1829 2131 logarithmos
1860 2081 2065 2120 transiens
2096 2079 2201 2119 haec
2230 2079 2397 2122 scribit:

294 2153 371 2202 De
410 2152 606 2202 Canone
643 2153 1043 2217 logarithmorum
1082 2154 1396 2206 instaurando
1435 2161 1562 2205 recte
1601 2169 1785 2204 mones.
1862 2152 1976 2203 Jam
2016 2160 2089 2203 est
2126 2154 2174 2200 in
2212 2158 2406 2216 promtu

151 2226 409 2276 methodus
444 2227 595 2276 mirae
632 2226 896 2290 facilitatiS,
936 2228 1059 2279 adeo
1098 2235 1152 2279 ut
1189 2228 1455 2279 industrius
1494 2229 1673 2292 aliquis
1699 2230 1918 2292 scriptor,
1959 2229 2044 2291 qui
2071 2232 2258 2275 tantum
2283 2228 2407 2276 sciat

153 2299 407 2350 emendate
445 2299 637 2361 addere,
678 2304 1057 2352 coi-rectissimos
1096 2305 1159 2352 sit
1196 2302 1476 2366 adjecturus
1515 2303 1739 2351 omnibus
1765 2302 1975 2350 numeris
2002 2299 2304 2364 simplicibus
2342 2301 2405 2348 ab

155 2374 437 2423 10000000
482 2388 567 2437 per
609 2375 857 2425 9990000
910 2391 1066 2440 usque
1106 2375 1168 2425 ad
1213 2378 1414 2438 10000,
1473 2376 1535 2425 ab
1582 2376 1827 2425 1000000
1871 2389 1955 2438 per
1997 2374 2211 2424 999000
2249 2388 2405 2436 usque

149 2446 213 2495 ad
258 2448 394 2496 1000
437 2453 485 2495 et
522 2447 585 2496 ab
630 2448 840 2498 100000
877 2464 964 2512 per
1003 2451 1180 2499 99900
1218 2464 1373 2513 usque
1412 2448 1476 2498 ad
1520 2451 1648 2515 100,
1707 2454 1755 2498 et
1803 2449 1865 2498 ab
1912 2449 2084 2496 10000
2137 2462 2224 2510 per
2264 2448 2405 2496 9990

150 2534 305 2582 usque
348 2519 411 2568 ad
456 2521 549 2580 10,
598 2526 646 2569 ct
683 2521 745 2570 ab
791 2524 927 2573 1000
965 2537 1051 2586 per
1093 2524 1222 2585 999,
1279 2524 1380 2573 998
1408 2558 1420 2571 .
1450 2558 1461 2570 .
1493 2559 1504 2571 .
1540 2526 1582 2574 1.
1659 2522 1812 2570 Erunt
1854 2521 1990 2570 1000
2029 2519 2307 2583 logarithmi
2357 2522 2406 2567 in

150 2607 249 2641 una
298 2593 422 2642 facie
469 2595 643 2657 papyri
694 2594 909 2657 majoris.
987 2596 1188 2646 Valebit
1241 2598 1290 2650 in
1328 2597 1575 2646 minutiori
1626 2595 1918 2659 simplicium
1966 2594 2298 2654 accuratione,
2351 2598 2405 2640 ut

148 2667 274 2715 inter
318 2666 620 2715 100000.00
660 2674 707 2715 et
728 2669 1010 2731 99900.00,
1051 2671 1174 2719 inter
1213 2670 1409 2721 200.00
1449 2675 1498 2718 et
1540 2670 1749 2730 100.00‚
1788 2668 1987 2727 valebit,
2033 2669 2246 2729 inquam,
2286 2680 2403 2729 pro—

149 2738 507 2803 portionalitas.
582 2738 678 2789 Hic
716 2742 863 2803 igitur
901 2742 1018 2791 ordo
1057 2745 1378 2792 maximorum
1417 2742 1711 2806 simplicium
1749 2757 1779 2791 a
1822 2741 2316 2803 100000.001usque
2342 2739 2405 2788 ad

154 2813 346 2873 100,00
385 2814 678 2876 praecipuus
718 2821 805 2875 est,
843 2815 892 2862 in
932 2815 1135 2879 reliquis
1173 2822 1385 2879 quatuor
1435 2818 1580 2865 unica
1618 2815 1867 2864 additione
1922 2813 2129 2862 habetur
2165 2812 2405 2877 logarith-

148 2900 255 2934 mus
294 2887 478 2934 numeri
518 2886 769 2951 similis.⁴*)

295 2958 434 3007 Haec
471 2960 559 3009 erit
597 2958 730 3008 utilis
770 2959 938 3010 tabula
975 2962 1121 3011 etiam
1159 2963 1371 3011 usitatae
1399 2962 1759 3023 arithmeticae,
1799 2960 2014 3022 ipsorum
2052 2974 2168 3010 vero
2208 2960 2401 3009 sinuum

148 3031 551 3096 logarithmisad
588 3032 804 3082 secunda
840 3048 936 3083 non
976 3034 1122 3084 valde
1163 3049 1286 3099 opus
1326 3040 1401 3084 est
1452 3049 1607 3098 usque
1645 3033 1707 3082 ad
1746 3034 2035 3096 parvitatem
2079 3029 2149 3081 7⁰.
2226 3032 2305 3082 Ab
2344 3048 2401 3083 eo

148 3120 303 3169 usque
341 3104 404 3155 ad
441 3102 501 3154 00
543 3106 627 3155 10‘
664 3105 821 3155 habeo
871 3106 933 3156 ad
974 3106 1099 3157 dena
1136 3108 1478 3171 logaritbmos,
1525 3106 1636 3156 inde
1676 3106 1737 3156 ad
1778 3105 1838 3155 00
1876 3108 1928 3155 0‘
1969 3109 2041 3156 0“
2093 3105 2154 3155 ad
2193 3106 2401 3170 singula.

150 3177 409 3228 Praeterea
446 3178 854 3243 antilogaritbmis
893 3194 1014 3245 opus
1053 3187 1126 3230 est
1162 3183 1400 3230 accuratis
1440 3196 1470 3230 a
1509 3177 1567 3229 0⁰
1607 3181 1657 3229 0‘
1698 3181 1768 3229 O“
1811 3194 1967 3243 usque
2007 3178 2069 3230 ad
2113 3177 2168 3228 10
2208 3181 2294 3229 32‘
2334 3181 2403 3228 0¹¹

151 3252 352 3301 circiter.
427 3252 469 3300 Ii
508 3266 625 3304 vero
664 3252 903 3302 habentur
953 3268 1011 3303 ex
1050 3254 1235 3303 Pitisco
1285 3255 1409 3303 inter
1447 3267 1675 3304 excessus
1712 3254 1905 3302 sinuum
1956 3267 2112 3317 usque
2152 3252 2215 3302 ad
2259 3250 2313 3302 1⁰
2352 3254 2403 3301 O‘

149 3323 211 3374 ad
249 3324 375 3375 dena
410 3324 649 3387 secunda,
702 3328 840 3375 initio
879 3326 941 3375 ad
980 3325 1201 3390 singula,
1249 3333 1400 3376 restat
1448 3332 1504 3376 ut
1555 3328 1702 3376 etiam
1757 3341 1911 3390 usque
1966 3327 2028 3376 ad
2078 3325 2273 3375 residua
2313 3327 2399 3374 32‘

21 3422 23 3428 ·
80 3440 84 3443 .
149 3396 274 3447 ultra
316 3396 371 3448 1⁰
408 3400 478 3447 sic
516 3407 797 3462 exarentur3
838 3399 1024 3449 tantulo
1064 3401 1192 3449 enim
1229 3400 1439 3450 Pitiecus
1477 3400 1618 3449 nimis
1658 3402 1753 3450 cito
1792 3401 2100 3450 abbreviavit
2141 3399 2398 3463 scrupulo-

177 3471 192 3518 i
522 3512 531 3522 .

150 3478 575 3594 statetsnesusitgio
614 3546 734 3595 satis
759 3547 808 3594 in
836 3546 989 3595 turbis
1016 3539 1376 3598 nundinalibus.
1452 3545 1684 3608 Obsecro,
1726 3545 1842 3610 quid
1880 3546 1998 3594 mihi
2037 3544 2226 3606 accidit,
2268 3542 2397 3607 quod

155 3617 263 3665 miei
301 3616 594 3682 descriptum
632 3620 770 3683 pueri
807 3620 917 3681 mei,
956 3634 1053 3667 non
1080 3633 1238 3668 meam
1262 3620 1478 3669 manum!
1555 3620 1701 3670 Soleo
1735 3619 1909 3669 abillo
1938 3619 2180 3683 descripta
2207 3619 2397 3681 exigere

294 3787 335 3839 ¹³)
364 3790 427 3830 De
459 3793 571 3833 1000
598 3792 770 3832 secundi
800 3792 955 3833 ordinis
982 3794 1069 3842 Jam
1104 3794 1186 3833 100
1217 3797 1314 3833 sunt
1342 3793 1388 3833 in
1419 3794 1551 3845 primo
1583 3797 1624 3833 et
1655 3794 1714 3832 sic
1754 3795 2064 3845 consequenter.
2125 3790 2284 3841 Quodsi
2314 3800 2394 3829 nu-

153 3855 288 3887 merus
317 3850 554 3903 quicunque
586 3853 608 3890 7
641 3852 862 3901 figurarum
893 3852 1134 3890 terminetur
1165 3851 1329 3903 cyphris
1360 3853 1401 3903 3,
1432 3857 1506 3892 aut
1537 3854 1561 3892 6
1594 3853 1813 3902 figurarum
1845 3852 2008 3902 cyphris
2041 3852 2093 3903 2,
2126 3853 2199 3888 ant
2230 3851 2253 3887 5
2288 3850 2392 3897 tigu-

154 3917 286 3945 rarnm
310 3908 459 3957 cyphra
483 3910 528 3950 1:
559 3908 736 3949 babetur
757 3913 797 3949 et
817 3912 905 3960 ejus
925 3909 1196 3959 logarlthmus
1218 3922 1299 3950 non
1322 3910 1705 3963 proportionaliter,
1737 3910 1808 3950 sed
1831 3921 1903 3960 per
1933 3910 2099 3950 unicam
2121 3908 2394 3948 additionem.
