2554 4140
167 138 267 187 188
988 131 1224 192 Epitomes
1252 131 1567 179 Astronomiae

162 283 362 334 horizon
399 282 562 331 nullus
600 288 743 343 esset,
783 284 826 332 si
863 286 913 332 et
933 281 1100 332 Terra
1135 283 1348 346 perfecte
1383 279 1593 331 rotunda
1638 285 1687 330 et
1722 285 1954 345 punctum
2001 281 2130 331 oculi
2168 281 2400 331 visorium

162 359 210 404 in
248 357 492 419 ipsissima
534 355 714 405 Terrae
759 355 1012 421 superficie
1065 362 1207 405 esset.
1283 355 1458 418 Itaque
1506 354 1592 403 ubi
1628 353 1732 402 lata
1779 354 2006 418 planities
2058 360 2156 415 est,
2202 354 2403 403 horizon

160 430 284 478 liber
321 427 416 477 dici
455 427 595 490 solet,
633 428 718 476 ubi
756 434 945 478 montes
972 429 1183 485 obstant,
1222 427 1423 477 horizon
1449 425 1725 490 impeditus,
1762 429 1911 476 stanti
1936 441 2052 476 vero
2090 429 2139 475 in
2164 427 2402 476 altissimo

162 502 328 564 aliquo
376 507 540 551 monte
577 500 657 550 vel
679 502 1009 566 promontorio
1035 506 1083 550 et
1105 502 1420 564 prospicienti
1458 499 1539 549 vel
1565 499 1829 549 secundum
1849 500 2105 549 decursum
2142 499 2280 553 fluvii
2319 499 2402 549 vel

163 576 210 622 in
250 574 398 622 maris
437 579 663 634 extrema,
702 573 917 623 horizon.
944 573 1204 622 dehiscere.
1283 571 1422 635 Quae
1462 577 1574 621 sunt
1610 572 1827 636 epitheta
1865 573 2132 622 horizontis
2168 571 2404 622 mundani

162 646 368 696 visibilis
406 647 672 710 comparati
709 647 773 696 ad
809 645 1112 696 rationalem.

308 719 568 783 Quomodo
604 722 737 768 ratio
774 721 1026 768 constituit
1062 719 1370 768 horizontem
1408 717 1737 778 rationalm,
1788 720 1832 766 si
1867 718 1938 767 ad
1972 717 2104 766 hanc
2150 733 2259 767 rem
2293 719 2408 768 visu

160 791 488 842 destituitur?
557 792 667 841 Non
704 792 848 856 plane
887 794 997 840 visu
1036 790 1337 853 destituitur,
1377 790 1466 840 sed
1505 805 1563 840 eo
1601 791 1752 838 utitur
1800 789 2102 853 adjuvatque
2147 790 2283 839 illum
2322 791 2401 838 in·

160 870 427 914 strumento
473 864 708 929 dioptrae.
782 865 907 913 Nam
945 864 1075 912 linea
1112 862 1346 927 dioptrae,
1387 863 1583 927 quando
1623 877 1731 912 cum
1761 862 1894 912 linea
1919 863 2254 928 perpendiculi
2291 863 2407 913 facit

159 937 390 1002 angulum
426 944 628 1003 rectum,
667 937 831 999 dirigit
868 937 1061 993 oculum
1099 938 1149 984 in
1186 937 1485 986 horizontem
1510 935 1798 986 rationalem
1836 936 2162 1000 describitque
2193 938 2401 986 circum·

159 1017 270 1060 acta
304 1011 504 1076 planum
543 1011 804 1059 horizontis
841 1009 1107 1059 rationalis.
1183 1010 1359 1073 Itaque
1385 1009 1641 1059 rationalis
1673 1009 1875 1058 horizon
1914 1007 2242 1073 undequaque
2280 1024 2407 1073 qua·-

161 1083 328 1133 drante
369 1083 534 1134 circuli
571 1085 770 1132 maximi
807 1082 948 1132 abest
985 1098 1017 1131 a
1052 1081 1183 1132 linea
1217 1081 1580 1147 perpendiculi,
1626 1087 1677 1131 et
1713 1081 1876 1130 radius
1914 1083 2103 1131 visivus
2140 1097 2228 1147 per
2264 1083 2409 1147 diop-

158 1162 282 1207 tram
319 1158 508 1216 exiens,
563 1158 647 1206 ubi
671 1159 732 1204 in
772 1161 935 1220 partes
986 1163 1165 1205 terreas
1202 1170 1292 1205 seu
1329 1162 1517 1205 montes
1567 1154 1815 1210 inciderit,
1862 1153 1974 1204 illas
2020 1154 2209 1218 judicat
2260 1170 2410 1221 supra

158 1229 458 1279 horizontem
494 1228 779 1278 rationalem
819 1235 1033 1290 exstare3
1082 1229 1168 1277 ubi
1205 1243 1323 1278 vero
1361 1231 1411 1277 in
1450 1243 1625 1292 purum
1655 1226 1869 1290 coelum,
1918 1227 2201 1278 subsidente
2240 1228 2409 1291 Terra,

160 1303 228 1352 ibi
260 1302 474 1367 judicat,
515 1316 568 1351 se
606 1308 827 1365 respectu
867 1300 997 1350 illius
1036 1300 1295 1365 depressae
1333 1301 1510 1365 plagae
1547 1308 1677 1350 stare
1715 1299 1977 1350 elevatum.

308 1375 409 1440 Qui
443 1381 564 1424 sunt
595 1376 702 1439 poli
736 1375 1008 1424 rationalis
1043 1375 1352 1425 horizontis?
1423 1374 1664 1423 Punctum
1691 1373 1937 1436 verticale,
1977 1372 2187 1424 Arabice
2221 1372 2400 1436 zenith,

160 1448 364 1513 ejusque
404 1449 705 1512 oppositum,
746 1447 884 1496 nadir
923 1447 1117 1496 dictum.

311 1521 449 1585 Quid
494 1527 563 1570 est
606 1527 860 1583 punctum
906 1519 1174 1570 verticale?
1251 1520 1340 1568 Est
1388 1524 1623 1584 punctum
1671 1517 1910 1582 sphaerae
1958 1518 2306 1584 aspectabilis,
2356 1520 2407 1567 in

161 1593 290 1659 quod
329 1593 497 1644 incidit
548 1593 881 1658 perpendiculi
926 1593 1082 1655 linea,
1132 1591 1183 1641 id
1236 1599 1311 1642 est
1356 1599 1491 1643 recta
1540 1606 1600 1641 ex
1638 1598 1803 1642 centro
1842 1591 2020 1644 Terrae
2074 1606 2159 1657 per
2209 1591 2407 1642 oculum

161 1668 447 1734 spectatoris
492 1667 842 1753 imaginatione
888 1665 1077 1718 educta.
1153 1665 1279 1715 Nam
1333 1680 1460 1729 quae
1509 1680 1568 1715 ex
1606 1672 1770 1715 centro
1809 1664 1974 1729 globi,
2028 1666 2304 1716 necessario
2343 1664 2408 1715 ad

159 1740 365 1805 angulos
404 1745 563 1790 rectos
600 1740 768 1790 incidit
805 1742 854 1788 in
892 1739 1093 1802 perfecti
1133 1737 1267 1802 globi
1305 1738 1626 1803 superficiem,
1676 1751 1833 1802 eoque
1881 1738 2298 1834 perpendicularis
2335 1744 2411 1789 est

159 1813 260 1881 illi,
297 1813 347 1862 id
385 1818 460 1863 est
496 1812 643 1876 plano
681 1812 932 1863 rationalis
967 1812 1187 1861 finitoris.

311 1885 450 1936 Unde
486 1885 673 1936 dieitur
712 1885 979 1935 verticale?
1053 1884 1182 1947 Quia
1219 1897 1394 1948 corpus
1432 1883 1644 1933 hominis
1683 1889 1896 1934 erectum
1935 1889 2010 1934 est
2046 1883 2110 1933 ad
2146 1883 2410 1950 perpendi-

165 1959 260 2010 culi
312 1960 492 2009 lineam
544 1960 607 2009 ob
660 1958 880 2023 pondus3
937 1965 1207 2008 extremum
1252 1959 1400 2022 igitur
1449 1956 1862 2023 perpendicularis
1899 1957 2058 2008 lineae
2098 1959 2411 2008 continuatae

161 2034 377 2103 imminet
415 2033 585 2082 vertici
621 2031 846 2082 hominis.

305 2105 501 2166 Proba,
556 2107 790 2155 verticale
823 2111 1075 2168 punctum
1112 2118 1209 2152 esse
1241 2103 1422 2166 polum
1459 2103 1746 2152 horizontis.
1822 2102 1977 2153 Recta
2015 2118 2075 2153 ex
2114 2107 2279 2152 centro
2318 2105 2413 2153 cir·
2473 2118 2477 2127 ·
2547 2107 2552 2116 '

163 2177 259 2228 culi
297 2178 532 2243 sphaerae
583 2178 1045 2243 perpendiculariter
1081 2176 1256 2226 educta
1295 2191 1381 2241 per
1417 2175 1558 2241 polos
1595 2176 1727 2224 illius
1767 2175 1935 2225 circuli
1973 2177 2173 2237 transit,
2229 2182 2283 2226 ut
2321 2175 2414 2226 do-

162 2258 272 2302 cent
307 2257 600 2316 geometrae.
677 2251 812 2301 Talis
851 2248 1057 2299 circulus
1094 2249 1294 2299 horizon
1333 2255 1422 2310 est,
1462 2248 1576 2298 talis
1597 2255 1731 2299 recta
1768 2249 2183 2314 perpendiculum,
2223 2255 2278 2298 ut
2308 2250 2413 2313 jam

159 2325 320 2390 patuit
367 2339 428 2373 ex
474 2323 769 2374 definitione.
847 2323 1044 2372 Transit
1090 2323 1240 2386 igitur
1287 2337 1374 2387 per
1427 2321 1594 2386 polum
1643 2321 1934 2384 horizontis,
1990 2329 2044 2372 at
2091 2322 2280 2372 ducitur
2328 2337 2414 2389 per

161 2397 348 2456 zenith‚
391 2411 506 2459 ergo
543 2397 704 2447 zenith
744 2403 819 2447 est
852 2397 997 2460 polus
1034 2395 1315 2445 horizontis.

316 2468 456 2519 Unde
490 2470 581 2520 hoc
616 2472 780 2519 evenit
814 2470 984 2530 oculis,
1024 2475 1083 2518 ut
1103 2475 1302 2531 putent,
1334 2469 1606 2531 planitiem
1638 2467 1823 2518 Terrae
1858 2469 2119 2519 cohaerere
2150 2470 2249 2531 ipsi
2283 2469 2414 2530 coelo

161 2550 208 2593 et
242 2545 312 2593 sic
347 2557 513 2592 secare
548 2543 815 2607 sphaeram
830 2579 845 2604 ,
894 2557 1009 2591 cum
1045 2545 1149 2591 sint
1185 2548 1331 2590 tanto
1366 2542 1637 2592 intervallo
1674 2542 1738 2590 ab
1791 2544 2006 2591 invicem
2055 2548 2251 2592 remota
2300 2556 2410 2593 coe·

162 2619 270 2667 lum
318 2621 364 2664 et
409 2615 603 2666 Terra?
676 2615 804 2678 Quia
852 2630 960 2664 cum
998 2614 1228 2665 distantia
1275 2628 1374 2663 non
1411 2616 1476 2663 sit
1522 2614 1771 2678 objectum
1810 2616 1947 2665 visus
1994 2615 2300 2680 primarium,
2359 2621 2413 2664 ut

92 2726 106 2731 κ
162 2690 336 2740 docent
375 2689 544 2754 optici‚
601 2687 688 2738 sed
724 2703 810 2753 per
846 2689 1266 2738 ratiocinationem
1314 2686 1750 2752 comprehendatur
1805 2702 1865 2738 ex
1910 2687 2223 2741 multitudine
2260 2689 2412 2738 inter·
2446 2686 2449 2695 “

158 2764 399 2827 jactorum
438 2775 691 2828 corporum
728 2760 1021 2822 visibilium,
1073 2763 1196 2810 inter
1246 2758 1435 2810 coelum
1481 2765 1531 2809 et
1578 2766 1796 2811 extrema
1831 2761 2042 2812 Telluris
2093 2760 2414 2826 aspectabilia

161 2835 281 2885 nihil
333 2835 639 2899 interjicitur,
691 2848 840 2898 quare
892 2835 1027 2884 visus
1079 2831 1374 2884 adminiculo
1426 2831 1687 2883 destitutus
1739 2839 1813 2883 est
1869 2835 2167 2899 agnoscendi
2219 2833 2410 2884 distan-

162 2910 279 2958 tiam
313 2907 453 2958 hanc.
860 2925 878 2937 ³

313 2979 440 3030 Cum
478 2995 596 3043 erqo
633 2980 850 3044 sphaera
884 2980 1164 3028 materialis
1199 2981 1264 3028 sit
1301 2978 1483 3044 effiyies
1518 2978 1731 3039 mundi,
1769 2986 1828 3028 ut
1862 2982 1905 3029 is
1940 2983 2163 3030 incurrit
2197 2983 2254 3029 in
2289 2995 2412 3031 ocu-

163 3056 250 3116 los,
287 3068 394 3103 non
430 3054 600 3102 debuit
637 3053 784 3103 aliud
816 3066 914 3102 esse
948 3053 1007 3100 in
1042 3052 1135 3101 illa
1172 3053 1390 3101 circulus
1425 3052 1635 3101 horizon
1653 3087 1666 3113 ,
1705 3052 1852 3101 aliud
1886 3054 2060 3116 ylobus
2104 3053 2317 3103 Telluris
2354 3055 2413 3103 in

163 3128 403 3191 sphaerae
439 3126 624 3188 medio,
674 3126 760 3175 sed
791 3127 1010 3189 planum
1048 3127 1346 3175 continuum
1360 3160 1374 3187 ,
1425 3126 1677 3174 transiens
1710 3139 1804 3186 per
1838 3128 2008 3187 ipsum
2046 3133 2277 3176 centrum
2291 3165 2303 3185 ,
2331 3120 2412 3176 'ut
2463 3187 2472 3198 „

164 3202 290 3250 visio
325 3205 803 3261 repraesentaretur.
877 3198 1063 3247 Debuit
1099 3197 1339 3261 equidem,
1377 3202 1430 3248 at
1465 3196 1567 3246 fieri
1604 3211 1703 3245 non
1739 3200 1912 3262 potuit,
1957 3200 1999 3247 si
2037 3199 2237 3262 planum
2273 3199 2410 3249 hori-

167 3273 326 3322 zontis
367 3272 541 3321 fuisset
578 3274 844 3334 integrum,
896 3275 952 3319 ut
987 3271 1195 3334 sphaera
1241 3273 1291 3319 in
1329 3285 1388 3320 eo
1427 3275 1716 3320 moveretur.
1791 3270 1966 3334 Itaque
2012 3272 2240 3335 planities
2277 3271 2412 3322 hori-

167 3346 326 3395 zontis
362 3348 750 3407 repraesentatur
786 3344 1069 3406 forinsecus,
1107 3345 1238 3394 intus
1274 3358 1393 3394 vero
1419 3349 1494 3394 est
1515 3349 1731 3408 pertusa,
1769 3348 1826 3392 ut
1864 3343 1946 3392 det
1969 3343 2130 3394 locum
2155 3344 2417 3408 sphaerae(

170 3418 290 3468 Cum
328 3417 475 3480 igitur
510 3416 708 3465 horizon
747 3418 817 3465 sic
855 3430 1110 3479 expressus
1147 3421 1476 3481 repraesentet
1511 3415 1824 3465 nihilominus
1875 3423 2188 3481 apparentem
2228 3420 2411 3468 sectio·

168 3506 278 3541 nem
316 3488 553 3553 sphaerae
591 3490 639 3536 in
679 3486 776 3537 duo
812 3488 1184 3553 hemisphaeria,
1224 3492 1453 3541 interiora
1474 3504 1592 3540 vero
1622 3488 1768 3552 hujus
1801 3489 2020 3555 planitiei
2057 3496 2249 3541 exemta
2284 3489 2407 3540 nulli

170 3569 283 3614 sunt
319 3563 431 3612 usui
468 3567 745 3625 praeterea,
787 3560 930 3610 facile
968 3564 1028 3611 iis
1066 3563 1272 3627 sphaera
1309 3577 1469 3613 carere
1506 3563 1681 3627 potuit.

315 3633 526 3685 Telluris
579 3648 695 3684 vero
732 3632 961 3696 globulus
1010 3635 1058 3682 in
1095 3636 1256 3686 medio
1301 3636 1615 3686 nihilominus
1652 3632 1967 3699 appenditur,
2025 3650 2132 3685 cum
2185 3637 2248 3686 ob
2285 3650 2409 3701 geo-

171 3708 456 3774 graphiam,
493 3713 596 3757 tum
644 3706 707 3756 ad
744 3704 1037 3756 monendum
1085 3709 1437 3771 quadamtenus
1498 3714 1549 3759 et
1595 3707 1656 3758 de
1703 3708 1887 3771 origine
1937 3708 2202 3759 horizontis
2246 3715 2295 3759 et
2348 3708 2407 3758 de

173 3787 418 3833 contemta
453 3780 632 3831 Terrae
667 3778 900 3830 exilitate.
977 3778 1073 3842 Qui
1108 3786 1270 3831 tamen
1306 3783 1438 3843 vult,
1489 3785 1532 3831 is
1584 3782 1634 3830 in
1672 3778 1850 3831 circulo
1899 3780 2078 3848 plano,
2128 3787 2297 3847 aptato
2343 3779 2406 3831 ad

175 3858 411 3906 internam
449 3853 686 3920 sphaerae
727 3851 1119 3922 amplitudinem„
1147 3852 1375 3923 depingat
1412 3855 1510 3908 loci
1545 3855 1635 3916 sni,
1673 3855 1723 3906 in
1749 3867 1847 3919 quo
1883 3860 2116 3920 versatur,
2164 3854 2406 3905 visibilem
