2554 4140
820 115 960 163 Liber
988 115 1199 173 Quintus.
1258 113 1371 160 Pars
1399 114 1565 160 Prima.
2206 121 2310 170 413

63 266 368 331 aequalibus,
406 280 504 315 non
541 263 834 315 omnimodis
873 266 1099 328 arcubus,
1137 264 1225 316 sed
1263 278 1429 314 eorum
1466 264 1852 328 promotionibus
1894 265 2022 315 circa
2045 263 2227 327 Solem,
2265 266 2314 315 iu

64 341 232 390 eadem
269 355 301 389 a
336 338 452 389 Sole
491 337 743 398 distantia,
781 337 1019 389 debentur
1054 337 1303 401 aequales·

208 413 288 461 Sit
328 414 488 475 ἐρίων
531 412 622 461 hoe
662 417 810 474 paeto
858 419 986 460 reete
1032 411 1300 460 distributa
1346 423 1470 457 area
1507 409 1726 473 ellipseos
1761 413 1894 459 inter
1930 411 2072 473 biyas
2109 412 2315 475 opposi-

68 492 236 535 torum
274 499 525 534 arcuum:
562 484 852 534 demonstra
887 499 1041 545 nune,
1081 483 1286 545 sinyula
1324 482 1591 544 trianyula
1626 486 1830 532 seorsim
1854 485 2181 547 sinyularum
2204 497 2317 533 mo-

65 573 248 606 rarum
285 571 383 605 esse
419 571 687 606 mensuras
721 558 1037 615 iustissimas.
1114 556 1478 604 Demonstratio
1515 554 1673 603 facilis
1713 563 1883 605 estex
1919 558 2214 619 praemissis.

212 629 340 679 Nam
390 631 509 692 quia
544 628 815 678 secundum
852 631 1048 678 axioma
1083 635 1302 677 nostrum
1340 641 1478 676 mora
1514 626 1742 690 planetae
1779 629 1829 675 in
1869 643 1983 678 arcu
2021 628 2104 677 PC
2142 636 2217 679 est
2254 628 2318 678 ad

67 717 254 752 moram
288 705 339 750 in
377 716 494 751 arcu
531 702 730 766 aequali
760 700 869 763 BG,
908 703 1036 751 sicut
1071 701 1305 750 distantia
1341 698 1472 748 illius
1511 715 1541 748 a
1578 699 1710 749 fonte
1737 707 1901 749 motus
1925 701 2014 749 ΑΡ
2040 700 2104 750 ad
2130 702 2320 750 distan-

68 778 186 825 tiam
221 775 369 838 bujus
407 774 529 835 AR,
569 781 644 824 est
679 788 797 824 vero
838 776 986 824 etiam
1025 788 1139 824 area
1176 771 1406 836 trianguli
1443 771 1573 820 PCA
1613 772 1677 822 ad
1714 787 1880 822 aream
1916 774 2144 837 trianguli
2177 773 2319 824 ΒΘΑ

66 846 223 912 (quod
271 848 412 898 basin
448 845 543 896 RG
587 847 738 897 habet
785 847 1042 910 aequalem
1090 848 1196 897 basi
1240 846 1415 910 prioris
1453 844 1561 907 PC)
1611 851 1666 895 ut
1711 845 1919 895 altitudo
1958 846 2092 895 illius
2128 847 2219 895 PA
2256 846 2320 896 ad

68 920 374 971 altitudinem
419 919 568 983 hujus
605 919 726 968 RA:
782 934 934 983 quare
977 934 1116 968 mora
1162 919 1392 983 planetae
1441 918 1491 966 in
1540 932 1654 968 arcu
1694 918 1775 968 Po
1823 926 1897 967 est
1947 918 2011 967 ad
2047 934 2232 969 moram
2270 922 2345 973 in,

67 993 262 1058 aequali
298 1008 415 1043 arcu
450 992 560 1053 RG,
599 994 726 1042 sicut
763 1007 879 1042 area
915 992 1145 1056 trianguli
1182 991 1313 1041 PCA
1350 990 1413 1040 ad
1452 1005 1614 1040 aream
1651 992 1882 1054 trianguli
1919 990 2075 1041 RGA.

210 1065 396 1116 Eodem
433 1066 580 1115 modo
620 1065 1029 1115 demonstrabitur
1067 1066 1214 1115 etiam
1253 1077 1389 1114 mora
1418 1063 1618 1127 planeta
1638 1065 1691 1111 in
1718 1064 1815 1125 CF,
1852 1070 2098 1128 potestate
2125 1067 2320 1130 aequali

67 1141 162 1205 ipsi
186 1139 284 1200 GP,
325 1154 434 1188 esse
472 1139 537 1188 ad
573 1152 759 1188 moram
798 1137 1017 1201 ejusdem
1055 1139 1105 1186 in
1141 1136 1252 1199 GH,
1292 1138 1419 1186 sicut
1453 1147 1528 1187 est
1562 1151 1679 1186 area
1704 1137 1833 1186 ACF
1871 1137 1935 1187 ad
1971 1153 2134 1188 aream
2161 1138 2322 1202 AGH,

68 1214 155 1263 nbi
190 1227 383 1261 summa
421 1214 676 1275 utriusque
713 1225 857 1260 areae
897 1211 1119 1274 aequalis
1159 1218 1232 1261 cst
1268 1225 1490 1259 summae
1527 1211 1744 1273 priorum
1781 1216 1831 1260 et
1854 1212 1926 1261 sic
1952 1220 2320 1275 consequenter.

69 1285 198 1335 Tota
235 1287 383 1348 igitur
419 1299 536 1335 area
574 1284 819 1348 ellipseos,
857 1291 994 1334 secta
1033 1299 1095 1334 ex
1125 1283 1173 1333 A
1210 1286 1258 1333 in
1297 1282 1558 1345 triangula,
1597 1283 1770 1333 eadem
1806 1286 2119 1348 proportione
2159 1286 2323 1335 distri-

71 1361 235 1408 buitur
284 1360 408 1407 inter
456 1371 625 1419 arcus,
677 1371 776 1420 qua
812 1357 958 1406 etiam
997 1363 1153 1406 totum
1192 1355 1493 1420 periodieum
1529 1362 1721 1419 tempus
1759 1358 1886 1407 inter
1924 1372 2009 1407 eos
2047 1364 2121 1408 est
2159 1359 2322 1409 distri-

27 1453 34 1458 *
69 1432 255 1481 butum.
343 1430 613 1494 Triangula
659 1430 807 1494 igitur
857 1429 1051 1494 singula
1099 1430 1403 1493 justissimae
1451 1435 1567 1479 sunt
1613 1431 1663 1478 in
1708 1431 2022 1494 proportione
2067 1446 2324 1483 mensurae

70 1506 372 1568 singulorum
408 1518 607 1553 suorum
645 1517 861 1552 arcuum.

212 1577 576 1628 Demonstratio
634 1575 781 1638 hujus
830 1577 1081 1639 plenariae
1137 1575 1552 1639 aequipollentiae
1600 1574 1807 1625 traditur
1854 1579 1902 1625 in
1953 1577 2325 1628 Commentariis

69 1650 240 1700 Martis
276 1665 383 1714 cap.
406 1649 544 1698 LIX.
566 1647 650 1697 t'ol.
674 1650 795 1700 291.
826 1653 919 1707 (ΙΙΙ.
952 1654 1071 1710 404),
1111 1649 1252 1712 cujus
1279 1648 1382 1698 folii
1409 1649 1544 1698 linea
1570 1651 1650 1698 13.
1671 1664 1703 1699 a
1731 1649 1826 1699 fine
1863 1652 2009 1700 unica
2028 1652 2205 1701 vocula
2229 1656 2323 1702 erit

82 1725 424 1773 obscuritatem
444 1736 672 1786 magnam
690 1720 907 1785 induxit3
946 1736 1093 1786 quam
1112 1723 1153 1770 si
1178 1722 1443 1771 mutaveris
1482 1723 1531 1769 in
1558 1728 1957 1786 computaretur,
1997 1727 2161 1774 omnia
2189 1732 2329 1774 erunt

80 1796 318 1862 planiora.
394 1794 706 1858 Quamquam
749 1795 930 1856 fateor,
982 1795 1236 1845 obscurius
1268 1795 1354 1844 ‘ibi
1401 1794 1629 1844 traditam
1676 1795 1886 1859 plusque
1935 1811 2114 1860 operae
2160 1803 2328 1847 natum

72 1885 132 1921 ex
168 1883 255 1932 eo,
294 1868 426 1933 quod
466 1868 729 1919 distantiae
767 1869 837 1918 ibi
872 1882 972 1918 non
1008 1874 1063 1918 ut
1101 1867 1345 1932 triangula
1384 1868 1720 1918 consideratae
1757 1875 1884 1931 sunt,
1924 1869 2012 1919 sed
2032 1876 2103 1920 ‘ut
2142 1874 2328 1922 numeri

73 1949 124 1993 et
156 1943 332 1993 iineae.

73 2057 138 2109 V.
199 2059 288 2110 De
345 2057 872 2124 aequipollentia
931 2056 1114 2123 plani
1171 2057 1519 2108 circularis
1576 2064 1634 2109 et
1687 2058 1865 2124 plani
1920 2059 2217 2125 elliptici
2273 2062 2330 2110 in

700 2130 1152 2181 mensurandis
1190 2132 1377 2180 moris
1417 2146 1684 2182 arcuum.

0 2279 4 2303 ·.
217 2234 431 2284 Durum
476 2241 524 2283 et
569 2234 807 2295 insolens,
865 2235 993 2296 quin
1030 2235 1186 2283 etiam
1223 2235 1523 2283 intricatum
1563 2248 1661 2283 esse
1697 2234 1900 2284 videtur
1935 2238 2192 2299 neyotium
2208 2273 2222 2298 ,
2272 2243 2333 2286 ut

1 2306 6 2360 ἒ
72 2307 352 2358 calculator
387 2309 445 2355 in
481 2309 858 2369 computatione
895 2309 1134 2368 temporis
1169 2307 1437 2369 rediyatur
1461 2306 1533 2356 ad
1549 2307 1822 2370 planitiem
1844 2308 2044 2371 flyurae
2068 2310 2328 2372 ellipticae.

73 2380 179 2429 Imo
230 2381 549 2443 usurpatione
598 2379 733 2443 plani
783 2378 1029 2429 circularis
1076 2378 1186 2428 loco
1239 2377 1442 2443 elliptici
1490 2379 1546 2429 fit
1583 2381 1797 2430 omnium
1853 2383 2083 2444 opinione
2121 2382 2331 2445 facilius,

6 2501 9 2508 ,
77 2452 203 2502 adeo
256 2458 311 2500 ut
356 2458 500 2501 vetus
547 2451 765 2502 calculus
811 2451 926 2501 huic
970 2466 1102 2502 novo
1149 2453 1197 2500 in
1235 2452 1471 2503 facilitate
1508 2467 1819 2518 nequaquam
1847 2455 2214 2519 'comparandus
2252 2458 2331 2506 sit.

7 2547 11 2566 i
76 2530 130 2574 (V.
163 2537 199 2567 ⁸.
227 2525 390 2576 1).39.)

9 2597 13 2636 ·,
221 2582 529 2632 Demonstro
585 2583 866 2647 planorum
924 2583 1398 2646 aequipollentiam,
1476 2599 1633 2634 causa
1687 2587 2023 2635 mensurandi
2080 2590 2332 2649 temporis.

74 2655 340 2720 Repetatur
376 2655 525 2719 igitur
568 2653 724 2719 figura
764 2658 849 2705 77.
888 2670 1001 2720 pag.
1042 2656 1164 2717 408,
1205 2670 1303 2720 qua
1327 2659 1691 2719 generationem
1717 2658 1850 2723 plani
1890 2658 2091 2723 elliptici
2129 2659 2334 2709 demon-

13 2745 17 2789 ζ
75 2731 350 2778 stravimus.

248 2812 310 2857 Et
341 2810 447 2867 quia
475 2809 696 2856 hactenus
725 2809 814 2856 hoc
845 2816 917 2856 est
944 2810 1317 2871 demonstratum,
1349 2811 1473 2869 quod
1502 2812 1620 2859 sicut
1649 2824 1701 2858 se
1727 2812 1868 2859 habet
1889 2812 2088 2859 semissis
2117 2815 2335 2872 temporis

15 2852 19 2862 ’
76 2876 305 2934 periodici,
336 2888 427 2934 quo
458 2874 643 2933 planeta
671 2882 882 2933 peragrat
911 2876 1144 2922 semissem
1174 2876 1347 2922 orbitae
1377 2877 1513 2935 PER,
1545 2879 1603 2925 ad
1634 2886 1830 2936 tempus,
1863 2879 1985 2935 quod
2014 2879 2200 2937 planeta
2231 2893 2335 2926 con-

18 2947 23 3002 ³.
77 2941 213 2986 sumit
239 2942 287 2987 in
317 2942 399 2988 PH
431 2939 501 2986 vel
531 2942 577 2986 in
606 2941 711 2995 PE,
750 2940 815 2986 sic
855 2941 988 2986 etiam
1027 2954 1076 2986 se
1119 2941 1287 2988 habeat
1324 2941 1383 2988 ad
1421 2956 1617 3001 unguem
1657 2958 1763 2990 area
1791 2945 1915 2990 PER
1943 2944 2002 2989 ad
2033 2957 2183 2991 aream
2212 2945 2336 2992 PHA

78 3006 149 3053 vel
179 3007 321 3066 PEA,
361 3020 499 3065 supra
540 3019 645 3051 vero
687 3007 774 3051 hoc
805 3006 940 3052 etiam
980 3012 1050 3051 est
1081 3005 1457 3063 demonstratum,
1504 3010 1626 3065 quod
1658 3023 1764 3056 area
1793 3010 1916 3055 PDR
1946 3011 2006 3055 sit
2045 3009 2102 3055 ad
2132 3011 2256 3056 PER
2285 3016 2337 3057 ut

78 3073 194 3118 Pes
226 3075 282 3120 ad
317 3074 435 3119 PHA
477 3080 523 3119 et
553 3081 604 3118 ut
633 3072 751 3118 PDA
785 3072 841 3117 ad
871 3072 1007 3130 PEA,
1038 3074 1234 3119 omnium
1268 3073 1384 3119 enim
1416 3080 1514 3119 erat
1543 3076 1775 3133 proportio
1808 3075 1985 3130 eadem,
2018 3089 2133 3134 quae
2164 3077 2244 3122 DB
2277 3076 2335 3122 ad

24 3166 26 3181 ;
80 3138 172 3187 ΒΕ.
200 3151 348 3198 eoque
377 3140 514 3185 etiam
546 3139 858 3197 permutatim:
891 3139 1008 3184 sicut
1037 3152 1087 3184 se
1116 3139 1257 3184 habet
1287 3151 1395 3185 area
1423 3140 1549 3187 PER
1578 3142 1636 3187 ad
1666 3142 1789 3187 PHA
1819 3142 1887 3187 vel
1919 3141 2063 3200 PEA,
2104 3142 2170 3189 sic
2201 3143 2336 3190 etiam

81 3217 131 3250 sc
157 3204 325 3250 habeat
354 3218 461 3252 area
490 3206 615 3251 PDR
644 3204 701 3249 ad
734 3205 854 3249 PGA
886 3205 956 3249 vel
981 3205 1118 3262 PDA,
1150 3206 1268 3251 sicut
1299 3206 1436 3261 igitur
1465 3219 1516 3251 se
1545 3207 1685 3252 habet
1714 3208 1914 3253 semissis
1944 3207 2162 3266 temporis
2190 3210 2338 3266 perio·

26 3271 28 3275 '
83 3269 167 3315 dici
209 3283 340 3315 arcus
370 3270 493 3315 PER
533 3271 589 3315 ad
629 3277 835 3327 tempora
871 3282 1003 3314 arcus
1036 3270 1116 3314 PH
1145 3269 1215 3313 vel
1246 3270 1347 3325 PE,
1386 3270 1454 3315 sic
1483 3283 1533 3315 se
1564 3271 1702 3318 habet
1739 3285 1846 3318 arca
1875 3273 1998 3319 PDR
2027 3273 2084 3319 ad
2116 3273 2237 3319 PGA
2267 3273 2336 3319 vel

83 3332 216 3378 PDA.
256 3334 408 3389 Quare
426 3335 473 3380 in
492 3335 562 3380 his
598 3335 841 3391 segmentis
873 3333 994 3391 plani
1026 3336 1370 3381 semicircularis
1401 3338 1519 3383 inest
1549 3339 1837 3384 exactissima
1865 3353 2078 3386 mensura
2098 3353 2339 3398 morarum,

30 3401 35 3451 t
82 3412 195 3454 quas
224 3398 406 3456 planeta
436 3401 577 3447 nectit
605 3402 649 3446 in
683 3399 978 3456 unoquolibet
1009 3412 1116 3445 arcu
1147 3400 1339 3457 ellipsis.

231 3475 439 3526 Ostende
493 3492 634 3527 nunc
699 3480 851 3526 etiam
916 3476 1316 3526 commoditatem
1379 3479 1530 3535 haim
1589 3484 2000 3532 mensurationis.
2104 3485 2336 3533 Assumto

36 3592 37 3596 ,
86 3555 336 3609 segmento
386 3546 551 3610 PGA,
605 3550 808 3599 ducatur
859 3564 918 3598 ex
957 3547 1003 3597 G
1051 3556 1185 3598 recta
1234 3552 1282 3597 in
1322 3558 1536 3601 centrum
1575 3554 1634 3603 B.
1711 3554 1868 3605 Datur
1905 3557 2052 3620 igitur
2088 3560 2336 3621 proportio

37 3640 39 3654 1
87 3620 286 3668 sectoris
323 3618 454 3670 GBP
491 3622 554 3671 ad
605 3630 759 3672 totum
801 3620 965 3672 circuli
1003 3620 1200 3684 planum
1239 3636 1296 3671 ex
1336 3628 1608 3686 quantitate
1646 3641 1786 3677 arcus
1823 3627 1913 3677 PG
1952 3629 2088 3691 data,
2140 3638 2194 3678 ut
2238 3643 2335 3677 non

90 3690 154 3738 sit
202 3705 327 3753 opus
372 3697 747 3759 computatione.
841 3694 1019 3743 Totum
1078 3697 1204 3743 enim
1254 3701 1444 3761 tempus
1488 3699 1785 3763 periodieum
1834 3692 2087 3766 totumque
2136 3703 2335 3766 planum

41 3771 42 3777 ¹
91 3762 257 3811 circuli
296 3762 526 3816 dividitur
576 3769 622 3815 in
677 3769 781 3817 360
834 3774 995 3830 partes
1046 3780 1175 3816 more
1215 3772 1552 3821 astronomieo.
1630 3773 1800 3824 Restat
1849 3776 1997 3839 igitur
2034 3776 2186 3825 altera
2224 3789 2337 3838 pars

42 3845 47 3913 l
91 3838 327 3895 sementi
354 3834 505 3888 GBA.
570 3841 720 3903 Atqui
759 3840 906 3903 hujus
945 3841 1244 3903 computatio
1283 3841 1438 3894 facilis
1476 3852 1564 3895 est.
1639 3845 1706 3897 Ut
1745 3849 1872 3897 enim
1900 3848 1990 3897 DB
2029 3850 2164 3897 sinus
2205 3855 2336 3896 totus
