2554 4140
952 138 1095 184 Liber
1123 139 1304 186 Sextus.
1363 140 1477 185 Pars
1509 98 1691 196 Quinta.
2348 144 2453 193 489

195 285 244 332 in
284 283 463 334 circulo
501 299 679 348 magno
718 285 810 334 fuit
853 289 917 336 10
957 289 1038 337 vel
1081 291 1141 337 11
1183 289 1380 353 gradus,
1421 303 1548 351 quae
1578 288 1810 338 distantia
1848 305 1878 339 a
1905 289 2020 340 Sole
2065 289 2149 338 dat
2187 303 2337 338 cornu
2363 304 2456 352 ap-

194 371 369 420 parens
414 357 522 406 19¹¹
549 359 726 425 latum,
769 374 895 424 quae
936 368 1010 429 est
1045 378 1158 426 pars
1206 364 1322 412 109.
1364 361 1586 410 diametri
1624 363 1819 424 Lunae3
1874 365 1929 424 2)
1969 369 2023 412 ut
2060 364 2205 412 fuerit
2242 361 2454 411 aetheris

195 430 469 478 substantia
509 433 636 479 circa
662 431 826 480 Solem
864 448 1000 495 pura,
1043 442 1097 483 ut
1134 437 1183 482 in
1222 435 1483 499 eclipsibus
1511 435 1654 497 Solis,
1697 437 1744 482 in
1774 436 1950 498 quibus
1990 441 2226 501 apparent
2258 435 2453 498 stellae3

197 505 253 563 3)
291 509 345 550 ut
371 503 522 551 Terra
560 505 621 551 iis
660 506 710 551 in
746 505 883 567 lociS‚
926 508 1104 569 quibus
1143 507 1228 556 Sol
1266 508 1514 557 verticalis
1555 514 1628 557 est
1667 506 1753 573 (uti
1795 514 1909 557 tunc
1948 516 2083 558 erant
2109 514 2299 557 montes
2340 507 2458 557 dicti

193 575 365 624 Lunae
405 577 451 622 in
492 573 686 643 Africa)
738 579 850 628 nive
891 582 1071 628 vestita
1109 581 1251 630 fuerit
1288 581 1370 630 vel
1407 580 1580 629 saltem
1620 595 1743 629 cana
1782 580 1991 643 nebula,
2046 580 2096 647 4)
2146 589 2202 630 ut
2239 583 2455 630 vicissim

192 650 243 695 in
288 647 399 696 loco
444 649 709 711 spectaculi
762 651 1313 716 coelum‘purissimum
1365 660 1413 703 et
1450 653 1624 702 sudum
1674 654 1820 701 fuerit
1858 660 1906 702 et
1943 655 2113 703 brevia
2153 654 2453 718 crepuscula.

148 748 150 750 v
191 720 342 769 Hisce
382 720 507 770 datis
546 722 702 784 Luna,
744 725 786 771 si
824 739 919 773 non
960 727 1114 788 ipsius
1155 741 1303 775 cornu
1341 726 1472 775 linea
1513 728 1813 786 tenuissima,
1856 732 1906 774 at
1932 726 2104 775 saltem
2143 728 2269 787 luce,
2310 743 2456 790 quam

194 809 226 842 a
262 793 412 842 Terra
449 810 678 857 magnam
718 795 948 858 habebat,
991 801 1172 847 enitere
1212 801 1471 863 visumque
1511 814 1707 849 movere
1747 799 1879 848 claro
1919 800 2118 848 meridie
2156 801 2331 862 potuit.

341 867 606 930 Quomodo
645 872 855 932 scimus,
910 878 1034 933 quot
1069 873 1220 921 horas
1263 873 1415 921 Luna
1454 872 1526 920 de
1549 872 1691 922 'nocte
1732 871 1937 921 luceat?
1984 873 2088 919 Etsi
2128 872 2221 921 hoc
2261 887 2455 935 quoque

192 955 418 1003 magnam
469 941 620 1000 babet
670 945 958 991 varietatem
1007 945 1069 992 ob
1123 959 1379 994 causarum
1433 961 1580 1008 supra
1619 947 1966 995 recensitarum
2004 947 2186 1008 primas
2226 953 2453 1007 quatuor,

190 1014 380 1062 Plinius
418 1020 581 1063 tamen
621 1029 811 1064 omnem
851 1016 978 1065 hanc
1017 1018 1303 1067 varietatem
1340 1019 1510 1081 regula
1549 1018 1764 1081 generali
1792 1018 2142 1082 complectitur,
2186 1033 2310 1080 quae
2349 1033 2456 1066 me—

192 1082 322 1135 dium
370 1088 494 1135 inter
541 1090 759 1137 enormia
792 1095 943 1138 tenet.
1022 1090 1203 1150 Lucet,
1253 1091 1525 1141 dodrantes
1574 1094 1877 1141 semiuncias
1915 1092 2163 1140 horarum
2216 1091 2458 1151 adjiciens

191 1160 255 1209 ab
291 1160 510 1207 secunda
546 1176 705 1224 usque
743 1161 813 1210 ad
842 1163 1057 1223 plenum
1084 1164 1268 1226 orbem,
1311 1163 1674 1227 detrahensque
1711 1169 1766 1212 in
1791 1165 2198 1213 diminutionem.
2274 1163 2457 1212 Sensus

102 1278 113 1295 ,
191 1238 288 1282 estz
329 1239 448 1294 quot
489 1232 591 1283 dies
630 1240 744 1282 sunt
781 1236 830 1281 in
871 1241 1031 1284 aetate
1059 1236 1242 1293 Lunae,
1283 1243 1356 1286 tot
1394 1237 1654 1286 dodrantes
1695 1243 1864 1301 totque
1904 1239 2195 1286 semiuncias
2229 1236 2457 1285 horarum

105 1333 112 1350 .
191 1304 433 1368 (qualium
472 1320 570 1354 nox
618 1306 868 1369 quaelibet
917 1308 1067 1357 habet
1106 1309 1383 1372 duodecim)
1437 1310 1586 1371 illam„
1610 1311 1771 1361 lucere
1810 1325 1965 1373 usque
2007 1310 2120 1358 dum
2160 1310 2359 1370 occidit,
2411 1315 2459 1358 et

172 1380 283 1436 *hoc
330 1378 526 1441 quidem
578 1394 608 1428 a
653 1394 784 1428 nova
831 1380 895 1429 ad
945 1381 1139 1444 plenam
1189 1398 1276 1431 seu
1324 1389 1536 1432 aetatem
1578 1383 1745 1433 Lunae
1798 1386 1860 1432 15
1901 1383 2103 1432 dierum.
2179 1382 2300 1431 Inde
2339 1398 2456 1432 vero

190 1458 308 1515 quot
361 1452 598 1500 accedunt
654 1452 759 1501 dies
814 1456 967 1503 aetati
1009 1455 1181 1525 Lunae
1233 1471 1380 1520 supra
1424 1458 1516 1514 15,
1577 1457 1781 1507 totidem
1837 1456 2100 1505 dodrantes
2157 1455 2457 1520 totidemque

189 1525 479 1573 semiuncias
506 1528 705 1573 ‘rursum
746 1526 1069 1576 detrahendas
1108 1544 1138 1576 a
1175 1543 1376 1578 numero
1415 1530 1640 1577 horarum
1687 1533 1748 1578 12
1792 1545 1899 1579 cum
1950 1535 2113 1578 aetate
2159 1529 2346 1578 dierum
2392 1531 2456 1578 15

169 1598 421 1647 collecto:
474 1597 685 1647 dodrans
723 1599 872 1649 horae
911 1607 985 1649 est
1024 1602 1091 1649 45
1132 1603 1334 1663 minuta,
1374 1605 1641 1652 semiuncia
1682 1600 1788 1672 272
1826 1605 2029 1665 minuta,
2072 1618 2262 1652 summa
2300 1598 2456 1671 47¹s2,

190 1686 315 1734 quae
353 1678 514 1720 sumta
551 1672 832 1735 quindecies
872 1674 1088 1723 efficiunt
1125 1675 1223 1724 fere
1262 1675 1407 1724 horas
1454 1679 1534 1724 12.
1571 1681 1686 1737 ,(οιι.
1718 1684 1804 1726 vol.
1837 1684 1888 1723 ΙΙ.
1923 1684 2037 1732 277.)

447 1787 535 1838 IV.
578 1789 663 1838 De
706 1790 1343 1854 configurationibus
1380 1792 1791 1855 planetarum
1828 1795 1997 1844 inter
2034 1806 2192 1842 sese.

338 1890 475 1953 Quid
523 1892 707 1940 accidit
757 1893 1158 1941 consideratione
1211 1894 1424 1957 diynum
1458 1878 1681 1957 planetis
1734 1897 1865 1945 binis
1902 1891 2289 1959 quibuscunque
2325 1895 2459 1942 inter

189 1978 238 2012 se
274 1965 620 2027 comparatis?
657 1966 769 2013 Duo
797 1964 940 2019 valde
980 1967 1205 2029 insignia,
1245 1982 1395 2015 unum
1435 1975 1657 2031 respectu
1697 1969 1958 2030 radiorum,
1998 1968 2206 2018 alterum
2231 1972 2458 2030 respectu

190 2036 448 2085 celeritatis
504 2037 583 2086 vel
639 2038 882 2087 tarditatis
939 2045 1160 2089 motuum
1207 2043 1569 2104 apparentium.
1647 2043 1718 2091 Ex
1775 2041 1860 2092 illo
1912 2047 2136 2106 respectu
2189 2045 2458 2090 nascuntur

191 2116 428 2172 aspectuS,
471 2124 567 2159 vox
606 2111 914 2174 astrologica,
957 2127 1017 2160 ex
1055 2114 1150 2161 ista
1186 2112 1487 2162 harmoniae.

336 2182 473 2246 Quid
523 2190 594 2232 est
643 2185 911 2246 aspectus?
959 2185 1048 2233 Est
1099 2186 1336 2248 angulus,
1385 2187 1624 2236 formatus
1680 2203 1710 2236 a
1748 2188 1897 2238 radiis
1934 2186 2192 2235 luminosis
2231 2186 2457 2235 binorum

189 2245 492 2318 planetarum
530 2257 660 2321 apud
701 2258 914 2319 Terram,
956 2258 1129 2307 efficax
1169 2259 1231 2307 ad
1269 2260 1616 2309 stimulandam
1655 2267 1879 2310 naturam
1919 2260 2248 2310 sublunarem.

338 2329 475 2392 Quid
511 2331 746 2379 conciliat
792 2331 868 2379 his
903 2331 1176 2381 radiorum
1215 2334 1420 2396 anqulis
1467 2336 1524 2382 in
1571 2335 1729 2384 Terra
1766 2351 1916 2384 suam
1956 2337 2019 2383 in
2054 2334 2200 2383 illam
2238 2332 2457 2397 efficaci-

191 2402 379 2450 tatem?
432 2402 673 2452 Perfectio
723 2405 1049 2466 proportionis
1106 2407 1230 2454 inter
1275 2407 1424 2455 talem
1445 2407 1709 2470 angulum
1763 2415 1810 2458 et
1858 2411 1981 2457 inter
2033 2413 2243 2471 quatuor
2280 2410 2455 2498 rectOS‚

191 2488 339 2523 unum
377 2482 610 2539 punctum
647 2476 826 2525 Terrae
866 2479 1249 2526 circumstantes

333 2546 400 2596 In
438 2565 542 2611 qua
580 2565 635 2597 re
673 2552 894 2598 consistit
926 2554 1323 2612 proportionum
1359 2552 1597 2615 perfectio
1633 2551 1713 2598 hic
1751 2553 2111 2602 considerata?
2150 2552 2221 2616 ,In
2262 2551 2454 2600 duabus

191 2619 359 2680 rebus,
413 2622 462 2685 1)
511 2628 565 2669 ut
615 2623 804 2670 termini
842 2625 1209 2685 proportionum
1248 2625 1345 2672 sint
1383 2625 1867 2686 commensurabiles,
1924 2625 1975 2674 id
2013 2631 2088 2674 est
2135 2630 2190 2674 ut
2229 2623 2454 2687 angulus,
2495 2678 2502 2683 .

192 2694 274 2755 qui
311 2694 426 2742 facit
463 2702 727 2758 aspectum,
769 2698 833 2743 sit
861 2710 975 2759 pars
1015 2696 1093 2744 vel
1134 2702 1296 2759 partes
1335 2696 1584 2760 aliquotae
1611 2695 1671 2745 de
1712 2704 1924 2760 quatuor
1948 2700 2106 2760 rectis,
2147 2699 2218 2746 sic
2257 2703 2311 2745 ut
2340 2696 2456 2745 talis

190 2780 300 2828 pars
338 2781 575 2816 summam
613 2776 854 2816 rectorum
895 2770 1173 2830 emetiatur,
1226 2771 1280 2831 2)
1321 2776 1374 2818 ut
1424 2785 1586 2831 arcus,
1638 2771 1722 2832 qui
1774 2775 1847 2819 est
1897 2786 2126 2821 mensura
2176 2771 2323 2835 hujus
2362 2783 2454 2818 an-

190 2838 304 2900 guli,
346 2839 687 2888 determinetur
726 2856 812 2890 seu
851 2848 1091 2890 resecetur
1130 2842 1189 2891 de
1229 2857 1318 2891 suo
1359 2843 1538 2892 circulo
1576 2845 1886 2906 geometrice,
1925 2859 2011 2908 per
2047 2850 2230 2894 rectam
2269 2839 2456 2893 scilicet

194 2910 273 2960 vel
303 2912 552 2962 effabilem
594 2913 672 2962 vel
710 2914 884 2962 saltem
922 2915 1157 2964 scibilem.

338 2986 483 3048 Quae
521 2993 589 3034 est
625 2989 761 3035 ratio
797 2990 1023 3035 nominis
1057 2995 1281 3051 aspectus
1319 2994 1365 3035 et
1402 2989 1651 3051 quomodo
1689 2990 1837 3038 aliter
1875 2988 2034 3039 dieti‘?
2084 2987 2271 3040 Graece
2309 2988 2456 3038 sche-

189 3058 396 3105 matismi
436 3067 547 3107 sunt
587 3059 700 3106 dicti
743 3067 1025 3121 propterea,
1079 3064 1195 3123 quia
1247 3061 1375 3108 latus
1424 3062 1517 3111 hoc
1565 3076 1730 3110 arcum
1776 3063 2156 3125 interstinguens
2205 3069 2278 3112 est
2322 3062 2455 3112 latus

194 3128 452 3179 schematis
492 3147 578 3180 seu
618 3132 801 3189 figurae
840 3133 1074 3193 regularis
1114 3136 1159 3179 in
1202 3134 1406 3195 circu103
1447 3141 1674 3198 aspectus
1715 3149 1830 3204 vero
1856 3142 1970 3184 sunt
2009 3135 2124 3184 dicti
2157 3150 2241 3200 per
2277 3150 2454 3199 proso-

191 3204 413 3263 popeiam
440 3207 683 3267 poeticam
722 3219 807 3252 seu
836 3205 1206 3267 astrologicam3
1247 3208 1386 3267 quasi
1426 3207 1654 3291 planetae
1683 3220 1850 3256 omnes
1889 3217 2050 3258 essent
2074 3210 2122 3257 in
2146 3210 2254 3272 ipsa
2280 3222 2455 3272 super-

190 3272 296 3323 ficie
344 3276 546 3325 fixarum
598 3277 832 3340 sphaerae
873 3292 1022 3339 seque
1062 3285 1228 3325 mutuo
1269 3280 1568 3328 intuerentur
1606 3281 1676 3328 sic
1715 3279 1795 3329 vel
1833 3282 1929 3343 sic,
1984 3297 2093 3331 cum
2141 3288 2304 3332 tamen
2354 3297 2451 3331 non

193 3355 384 3410 propter
431 3365 573 3398 arcus
619 3350 828 3408 zodiaci,
878 3349 964 3398 scd
1014 3358 1209 3413 propter
1265 3351 1469 3411 angulos
1508 3352 1752 3400 radiorum
1794 3355 1841 3400 in
1881 3353 2033 3406 Terr'a
2078 3357 2176 3404 sint
2214 3356 2452 3405 efficaces.

194 3418 252 3466 Et
288 3422 335 3467 in
374 3421 466 3470 hoc
503 3437 677 3483 genere
717 3424 987 3470 affectionis
1026 3425 1147 3470 situs
1189 3423 1492 3484 planetarum
1531 3427 1791 3490 praecipue
1830 3427 1964 3477 valet
2001 3428 2282 3494 supradicta
2320 3429 2451 3494 fictio

190 3495 380 3552 poetica
417 3509 564 3558 penes
605 3494 904 3557 astrologos,
958 3509 1064 3542 cum
1105 3495 1350 3556 planetam
1389 3511 1535 3544 unum
1575 3497 1636 3545 ab
1677 3498 1876 3555 alterius
1913 3501 2061 3551 radiis
2112 3503 2285 3565 affligi,
2337 3517 2452 3565 per-

190 3565 311 3625 cuti,
351 3564 645 3629 oppugnari,
688 3569 908 3631 opprimi,
951 3575 1035 3616 aut
1071 3569 1286 3615 vicissim
1320 3569 1508 3630 juvari,
1549 3570 1730 3631 foveri,
1779 3572 2027 3624 sublevari
2067 3581 2117 3625 et
2154 3576 2285 3624 mille
2326 3576 2450 3623 alias

195 3637 443 3697 passiones
484 3642 926 3688 comminiscuntur.

339 3709 472 3773 Quot
498 3719 618 3761 sunt
651 3714 847 3775 flaurae
884 3712 1141 3774 repulares
1164 3712 1389 3761 scibiles?
1427 3713 1550 3762 Sunt
1577 3716 1771 3778 quidem
1798 3718 2014 3770 infinitae
2053 3735 2138 3785 per
2168 3720 2448 3768 continuam

193 3776 567 3842 duplicationem
595 3785 815 3845 laterum,
857 3792 906 3833 at
928 3784 1163 3833 radicales
1191 3791 1377 3833 tantum
1404 3792 1517 3835 sunt
1542 3793 1664 3838 tres:
1706 3793 1940 3854 trigonnS,
1983 3800 2281 3856 tetragonus,
2324 3806 2448 3855 pen-

194 3856 415 3914 tagonus.
509 3857 586 3905 Ad
633 3859 875 3922 trigonum
929 3858 1198 3908 referuntur
1245 3858 1558 3923 hexagonus,
1610 3861 1955 3928 dodecagonus
2007 3872 2128 3928 etc.,
2183 3864 2246 3914 ad
2294 3869 2447 3914 tetra-
