2554 4140
217 144 320 194 356
1050 135 1287 192 Epitomes
1317 135 1635 180 Astronomiae

219 295 404 339 ceteros
443 287 619 351 cuique
656 280 898 350 proprios)
947 290 1222 349 competere
1268 282 1535 332 secundum
1572 282 1833 331 Braheum.
1906 281 1957 329 Is
1996 282 2125 330 euim
2178 284 2269 330 etsi
2308 295 2479 345 super·-

220 374 401 411 vacuas
440 358 551 407 illas
575 357 849 406 Ptolemaei
888 359 1103 420 quinque
1144 358 1372 416 theorias,
1412 355 1596 404 Solaria
1634 355 1833 415 similes,
1874 368 1900 403 e
1925 353 2231 417 planetarum
2255 356 2480 417 genuinis

218 432 566 498 systematibus
606 429 801 479 sustulit
840 430 1002 492 adque
1040 427 1222 478 nodum
1261 428 1398 477 illum
1436 434 1757 493 systematum
1796 441 2101 477 communem
2142 426 2356 487 deduxit,
2396 441 2483 476 oc-
2546 453 2553 460 ·

221 506 441 565 cultavit‚
481 506 530 551 in
570 518 716 552 unam
756 502 1014 563 conflavit,
1053 517 1155 550 rem
1194 508 1360 550 tamen
1396 503 1570 564 ipsam,
1611 515 1738 564 quae
1775 514 1863 563 per
1899 499 2009 549 illas
2047 500 2261 549 theorias
2297 500 2482 548 efficie-

220 581 380 639 batur,
420 576 617 639 reliquit
654 577 704 623 in
740 575 952 634 mundo:
992 582 1046 623 ut
1082 573 1283 637 planeta
1321 574 1526 636 quilibet
1560 580 1751 637 praeter
1787 573 1926 622 illum
1960 579 2162 633 motum,
2203 575 2287 636 qui
2327 579 2402 621 est
2439 575 2483 620 ei

218 666 268 700 re
318 665 437 699 vera
473 648 838 710 concedendus,
890 653 1146 696 moveatur
1197 648 1460 695 etiamnum
1509 649 1616 710 ipso
1656 649 1854 709 insuper
1889 651 2026 694 motu
2064 645 2222 708 Solis,
2273 646 2482 694 miscens

218 715 451 786 utro'sque
484 723 554 770 in
600 722 780 784 unum;
834 736 891 770 ex
933 735 1031 782 qua
1067 721 1305 778 mixtura,
1357 733 1467 769 cum
1519 721 1660 768 orbes
1698 718 1842 768 solidi
1879 717 2003 767 nulli
2044 720 2170 779 sint,
2222 721 2385 781 spirae
2435 719 2484 764 in

219 797 379 860 spatio
427 795 676 844 mundano
725 794 998 843 efficiuntur
1048 793 1464 855 perplexissimae.
1540 791 1668 841 Vide
1715 791 1913 840 schema
1957 791 2104 853 hujus
2149 790 2484 854 perplexitatis

220 871 267 917 in
308 868 443 917 Com.
471 867 644 916 Martis
682 867 766 916 fol.
809 868 838 914 3
880 870 974 925 (ΙΙΙ.
1009 869 1122 924 173).
1183 865 1480 928 Copernicus
1513 870 1681 914 contra
1715 864 1940 927 planetas
1978 865 2194 926 quinque
2218 870 2356 912 motu
2391 862 2486 911 hoc

221 948 451 992 extraneo
490 940 621 990 Solis
659 955 744 1003 per
782 940 976 987 unicum
1014 936 1286 1000 simplicem
1324 944 1510 987 motum
1549 939 1699 987 centri
1726 935 1936 986 Telluris
1973 939 2168 1000 penitus
2207 938 2342 986 exuit
2379 934 2488 984 effi-

221 1017 402 1077 citque,
440 1020 496 1062 ut
534 1028 621 1062 sex
641 1013 979 1075 primariorum
1017 1010 1325 1073 planetarum
1352 1018 1533 1073 centra,
1573 1010 1786 1060 Telluris
1823 1023 1890 1059 sc.
1931 1016 1981 1058 et
2005 1009 2303 1072 reliquorum
2342 1009 2487 1071 quin-

222 1090 335 1150 que,
375 1085 628 1150 quodlibet
666 1087 864 1133 unicum
903 1083 1174 1146 simplicem
1213 1090 1262 1133 et
1297 1091 1533 1147 perpetuo
1573 1083 1666 1132 sibi
1704 1081 1912 1133 similem
1950 1084 1998 1130 in
2036 1084 2198 1148 spatio
2241 1081 2488 1131 mundano

225 1159 468 1210 describat
507 1159 728 1219 orbitam,
767 1171 856 1207 seu
893 1155 1075 1205 lineam
1114 1156 1335 1206 circulari
1374 1157 1660 1220 proximam.

369 1230 646 1281 Secundum
698 1235 1038 1293 argumentum
1085 1244 1117 1277 a
1154 1235 1298 1278 'motu
1351 1229 1637 1279 latitudinis.
1714 1229 1767 1279 Si
1805 1228 1955 1277 Terra
1992 1233 2152 1277 stante
2191 1228 2490 1277 circumeunt

228 1303 459 1369 epicycli,
512 1303 594 1352 vel
631 1302 897 1352 secundum
935 1302 1275 1352 Ptolemaeum
1322 1302 1404 1351 vel
1451 1301 1719 1351 secundum
1758 1301 2027 1362 Braheum‚
2083 1301 2330 1364 oportebit
2379 1297 2490 1348 illos

228 1377 489 1441 epicyclos,
528 1377 812 1439 praesertim
837 1375 1132 1436 inferiorum,
1174 1376 1307 1424 varie
1334 1381 1435 1424 tam
1472 1375 1629 1425 latera
1652 1380 1928 1440 concutere,
1967 1389 2114 1439 quam
2141 1378 2290 1438 caput
2313 1372 2490 1436 pedes·-

228 1465 338 1513 que,
378 1448 428 1497 id
466 1454 540 1498 est
578 1448 835 1512 dupliciter
871 1448 1064 1510 librari3
1115 1454 1167 1497 at
1204 1447 1356 1497 Terra
1392 1455 1562 1510 eunte,
1614 1461 1781 1497 omnes
1819 1448 1962 1497 orbes
2000 1447 2390 1497 constantissime
2427 1444 2491 1494 ad

228 1522 505 1586 eclipticam
541 1522 762 1570 inclinati
799 1528 927 1570 sunt.
984 1521 1110 1570 Vide
1148 1521 1232 1571 lib.
1274 1521 1362 1572 VI.
1401 1528 1540 1585 parte
1579 1520 1672 1569 III.
1710 1519 1992 1571 latitudines
2029 1521 2325 1581 inferiorum,
2366 1530 2492 1581 quae

229 1595 649 1644 evidentissimum
686 1595 925 1658 praebent
960 1600 1299 1657 argumentum
1337 1596 1493 1643 motui
1531 1593 1763 1643 Telluris.

371 1667 565 1729 Tertio,
615 1669 743 1717 sicut
791 1682 941 1732 supra
990 1669 1038 1714 in
1090 1666 1311 1715 doctrina
1348 1667 1626 1731 sphaerica,
1679 1680 1915 1717 concessa
1962 1665 2271 1715 revolutione
2310 1663 2490 1730 ‘diurna

227 1739 464 1802 Telluris,
516 1742 725 1790 liberata
769 1741 862 1790 fuit
908 1739 1119 1804 sphaera
1167 1739 1373 1789 fixarum
1411 1742 1648 1790 immensa
1684 1745 1820 1789 motu
1857 1739 2031 1787 diurno
2076 1738 2378 1802 pernicitatis
2414 1738 2492 1784 in-

228 1813 564 1876 aestimabilis,
605 1816 676 1862 sic
713 1828 813 1861 nun
853 1814 1016 1874 etiam,
1056 1827 1288 1862 concesso
1327 1812 1486 1863 eidem
1518 1813 1706 1863 Telluri
1741 1819 1876 1862 motu
1915 1826 2078 1861 annuo
2116 1810 2180 1861 ad
2218 1809 2491 1874 exemplum

229 1893 497 1938 ceterorum
532 1886 854 1950 planetarum,
895 1887 1178 1936 conficimus
1211 1893 1397 1936 motum
1434 1886 1638 1936 fixarum
1675 1886 2008 1935 tardissimum
2034 1883 2185 1946 illum,
2225 1884 2310 1947 qui
2346 1896 2494 1946 prae-

229 1962 385 2023 cessio
438 1960 856 2023 aequinoctiorum
913 1975 944 2008 a
999 1959 1267 2023 Copernico
1324 1960 1513 2009 dicitur.
1588 1958 1716 2009 Vide
1772 1958 1832 2008 de
1885 1958 1963 2007 his
2010 1957 2097 2007 lib.
2143 1955 2257 2006 VII.
2332 1954 2493 2004 Multo

230 2036 359 2083 enim
408 2031 687 2083 credibilius
735 2036 831 2083 ista
880 2033 1159 2082 tribuuntur
1208 2034 1290 2082 axi
1342 2034 1487 2082 unius
1541 2034 1718 2083 terreni
1774 2033 1939 2095 exigui
1989 2029 2286 2095 corpusculi,
2348 2041 2494 2092 quam

230 2113 397 2156 tautae
434 2106 568 2155 moli.

378 2178 564 2241 Quarto
614 2179 791 2227 militat
837 2178 917 2228 hic
967 2177 1289 2228 consideratio
1341 2178 1669 2242 proportionis
1721 2176 1926 2226 orbium.
2003 2176 2192 2225 Etenim
2233 2172 2495 2223 verisimile

233 2265 546 2315 nequaquam
595 2257 692 2312 est,
746 2258 962 2300 centrum
1013 2253 1179 2315 magni
1229 2252 1359 2300 orbis
1409 2253 1458 2299 in
1496 2265 1652 2314 parvo
1702 2251 1818 2300 orbe
1856 2251 2123 2300 circumire.
2198 2246 2314 2296 Jam
2350 2248 2495 2295 trium

233 2326 537 2388 superiorum
575 2325 716 2374 orbes
753 2326 935 2387 proprii
973 2331 1087 2373 sunt
1124 2324 1278 2374 multo
1317 2324 1528 2387 majores
1568 2325 1684 2374 orbe
1720 2323 1863 2385 Solis,
1904 2322 2102 2373 Saturni
2139 2320 2335 2384 quidem
2372 2330 2496 2384 pene

236 2395 475 2463 decuplo,
520 2397 666 2447 Jovis
704 2397 990 2461 quintuplo,
1044 2397 1218 2446 Martis
1263 2397 1527 2461 sesquiplo.
1603 2397 1715 2447 Non
1768 2410 1884 2460 ergo
1936 2394 2362 2446 circumvehuntur
2408 2405 2495 2442 seu

233 2470 463 2519 luxantur
499 2472 597 2519 situ
634 2485 725 2519 suo
765 2472 980 2534 quinque
1016 2469 1068 2518 hi
1107 2470 1270 2532 orbes,
1323 2469 1411 2520 sed
1447 2470 1545 2520 fixa
1581 2471 1681 2521 fere
1720 2469 1922 2519 haerent
1957 2470 2173 2533 ipsorum
2211 2472 2400 2527 centra,
2450 2469 2498 2515 et

236 2542 368 2606 quod
406 2545 731 2606 consequitur,
770 2558 858 2607 pro
896 2543 991 2593 hoc
1026 2543 1221 2592 illorum
1260 2549 1309 2593 et
1346 2542 1476 2593 Solis
1514 2545 1758 2594 communi
1796 2548 1931 2592 motu
1969 2541 2140 2591 Tellus
2178 2539 2411 2589 circumit.

383 2614 618 2678 Quintum
645 2623 1000 2680 argumentum,
1039 2617 1187 2679 priori
1212 2622 1488 2680 cognatum,
1527 2619 1592 2666 sit
1617 2616 1761 2678 idem,
1801 2629 1900 2680 quo
1939 2616 2087 2665 etiam
2112 2613 2333 2662 Braheus
2359 2611 2498 2660 orbes

236 2687 422 2737 solidos
471 2691 682 2738 tentavit
731 2689 955 2752 dejicere.
1030 2689 1083 2738 Si
1140 2691 1268 2738 enim
1318 2690 1452 2740 valet
1499 2692 1622 2739 ratio
1662 2688 1867 2750 Brahei‚
1920 2690 1991 2737 sic
2026 2693 2082 2736 ut
2129 2687 2288 2735 orbita
2324 2683 2498 2734 Martis

237 2765 300 2810 sit
338 2762 589 2825 sesquipla
626 2762 814 2811 orbitae
854 2762 1011 2823 Solis,
1060 2762 1234 2811 Martis
1275 2777 1450 2828 corpus
1489 2765 1632 2813 certis
1679 2761 1980 2825 temporibus
2017 2761 2069 2808 in
2106 2758 2228 2808 illud
2264 2763 2498 2822 punctum

237 2836 383 2898 spatii
421 2834 655 2884 mundani
690 2834 944 2896 succedet,
998 2837 1046 2882 in
1086 2850 1183 2899 quo
1222 2836 1334 2885 aliis
1372 2836 1672 2899 temporibus
1711 2835 1799 2886 Sol
1837 2835 1952 2897 fuit3
1992 2832 2124 2896 quod
2162 2831 2223 2882 de
2258 2830 2498 2895 primariis

237 2908 447 2970 planetis
487 2907 631 2958 valde
672 2914 746 2956 est
783 2908 1094 2969 incredibile,
1135 2911 1207 2958 sic
1245 2908 1476 2958 confundi
1514 2910 1730 2972 ipsorum
1768 2907 2020 2972 regiones,
2073 2919 2197 2969 quas
2233 2908 2503 2968 permeant,
2544 2924 2545 2929 ¹

240 2993 348 3028 cum
398 2982 447 3027 in
498 2980 768 3044 Copernico
819 2982 916 3030 sint
965 2995 1064 3031 non
1121 2987 1311 3031 tantum
1360 2981 1647 3043 distinctae,
1713 2981 1800 3032 sed
1865 2979 2178 3044 amplissimis
2226 2972 2497 3028 intervallis

243 3054 412 3101 vacuis
450 3055 761 3117 interseptae.
2486 3068 2490 3075 ·

386 3124 587 3174 Sextum
632 3133 746 3176 texo
786 3125 943 3175 simile
980 3133 1180 3189 quarto,
1229 3141 1260 3176 a
1299 3141 1554 3190 corporum
1604 3126 1859 3186 mobilium
1897 3123 2244 3189 magnitudine.
2322 3119 2496 3171 credi-

244 3195 390 3247 bilius
429 3201 558 3247 enim
595 3206 683 3259 est,
723 3213 954 3261 magnum
993 3213 1101 3249 esse
1129 3213 1318 3264 corpus,
1360 3202 1488 3250 circa
1526 3200 1658 3264 quod
1687 3201 1877 3248 minora
1902 3200 2229 3248 circumeunt:
2271 3197 2342 3245 sic
2371 3195 2496 3245 enim

241 3268 506 3330 Saturnus,
545 3271 764 3335 Jupiter,
804 3271 960 3333 Mare,
1010 3272 1203 3330 Venae,
1254 3271 1522 3322 Mercurius
1563 3274 1727 3322 omnia
1763 3274 1951 3321 minora
1987 3276 2101 3319 sunt
2139 3282 2343 3332 corpora
2388 3268 2497 3331 ipso

246 3355 445 3404 corpore
485 3342 637 3405 Solis,
679 3347 806 3394 circa
845 3344 978 3408 quod
1016 3344 1102 3393 illa
1139 3347 1459 3405 circumeunt,
1512 3348 1584 3395 sic
1621 3346 1763 3395 Luna
1797 3345 1955 3393 minor
1991 3349 2067 3393 est
2102 3341 2323 3402 Tellure,
2375 3334 2500 3389 circa

243 3429 389 3477 quam
429 3413 570 3463 Luna
608 3419 846 3479 circumit,
898 3421 968 3467 sic
1019 3423 1230 3480 quatuor
1267 3418 1504 3469 satellites
1539 3418 1768 3468 Joviales
1804 3419 2015 3466 minores
2053 3421 2167 3465 sunt
2206 3416 2315 3478 ipso
2354 3411 2496 3477 Jovi-

244 3500 460 3550 corpore,
501 3488 627 3535 circa
664 3491 794 3550 quod
832 3489 903 3537 illi
941 3491 1222 3541 volvuntur.
1300 3490 1416 3540 ,lam
1454 3505 1586 3554 vero,
1626 3494 1669 3540 si
1707 3490 1791 3540 Sol
1827 3495 2078 3550 movetur,
2133 3488 2219 3538 Sol
2256 3487 2496 3536 maximus

246 3565 295 3609 et
328 3564 426 3608 tres
463 3561 749 3622 superiores,
790 3577 956 3611 omnes
990 3563 1140 3612 Terra
1178 3563 1404 3626 maj0res,
1444 3565 1572 3614 circa
1597 3563 1842 3614 Tellurem
1879 3564 2115 3612 minorem
2153 3560 2494 3610 circumibuntt
2553 3569 2554 3585 ¹

246 3630 522 3681 credibilius
568 3633 716 3693 igitur
754 3640 852 3694 est,
905 3635 1176 3698 Tellurem,
1229 3651 1405 3700 corpus
1441 3652 1670 3700 parvum,
1725 3638 1853 3686 circa
1889 3634 2020 3685 Solis
2058 3648 2233 3698 corpus
2269 3639 2497 3696 magnum
2552 3636 2554 3666 1

246 3706 509 3754 circumire.

390 3777 610 3840 Septima
647 3779 770 3826 ratio
805 3776 1070 3827 desumitur
1108 3796 1137 3828 a
1177 3783 1338 3831 causis
1376 3781 1758 3841 intervallorum,
1799 3795 1947 3843 supra
1983 3784 2121 3843 parte
2158 3779 2315 3842 prima
2351 3774 2494 3838 hujm
2549 3777 2554 3822 i

246 3850 357 3901 libri
395 3849 665 3915 explicatis,
704 3863 831 3913 quae
870 3851 1123 3900 turbantur
1161 3860 1209 3902 et
1247 3854 1554 3918 mutilantur,
1607 3855 1702 3904 nisi
1741 3854 1888 3904 etiam
1927 3851 2113 3904 Telluri
2151 3864 2294 3902 suum
2330 3848 2495 3900 orbem
2549 3849 2554 3878 ¹
