2554 4140
0 586 4 591 ·
73 563 192 614 tudo
245 565 371 614 circa
423 564 520 612 Cor
575 569 615 626 52
667 562 812 612 hodie
865 571 938 613 est
984 563 1042 612 4⁰
1083 566 1184 626 32‘,
1241 571 1291 612 at

2 652 9 668 ’
77 637 389 687 Ptolemae‘us
435 635 598 700 prodit
635 635 770 684 illam
824 633 883 683 4⁰
923 639 1024 698 20¹,
1078 652 1165 701 per
1206 636 1290 685 1‘2‘

2 1011 5 1016 '
74 1003 197 1052 haec
233 1001 447 1051 latitudo
475 1002 547 1051 illi
584 1001 687 1050 fieri
710 1004 926 1064 potuerit
952 1001 1113 1050 adhuc
1138 1003 1292 1050 multo

0 1182 25 1186 ν·
76 1148 145 1198 dit
186 1145 242 1196 1⁰
280 1148 347 1209 0‘,
405 1162 531 1210 quae
570 1146 718 1196 hodie
760 1153 833 1195 est
886 1145 938 1195 1⁰
981 1143 1156 1216 5O¹s2‘‚
1203 1149 1295 1196 etsi

74 1227 263 1270 tantum
301 1220 494 1270 efficere
533 1221 705 1283 nequit
740 1222 948 1268 mutatio
987 1222 1082 1269 ista
1120 1221 1293 1269 latitu-

25 1282 48 1351 ἶ,
76 1294 200 1343 dinis
238 1293 458 1342 fixarum.
1067 1316 1069 1318 ·

0 1360 35 1434 §f
90 1386 94 1387 ⁷
179 1366 347 1416 Simile
371 1365 487 1429 quid
510 1370 677 1414 monet
700 1365 875 1430 -Tycho
901 1365 1122 1416 Braheus
1143 1367 1292 1415 etiam

76 1439 135 1488 de
177 1439 319 1498 Luna
358 1439 759 1503 (Progymnasm.
800 1439 956 1488 Tomo
997 1439 1037 1488 I.
1078 1438 1161 1489 fol.
1206 1443 1290 1488 27.

32 1516 362 1573 „insertorum
413 1513 736 1575 Lunarium),
792 1513 878 1561 sed
931 1527 990 1561 ex
1043 1528 1140 1576 quo
1195 1527 1291 1561 non

14 841 20 846 ‚
76 784 233 832 dinem
268 789 392 847 sept.
433 781 609 846 prodat
650 780 750 843 10¹,
790 797 877 845 per
919 785 1003 832 16‘
1040 785 1290 844 minorem,

4 854 31 875 ¹'
77 852 221 920 quam
275 855 363 908 illa
415 862 487 904 est
524 855 686 903 hodie.
763 856 826 903 Et
862 855 963 904 fieri
992 863 1188 919 potest,
1238 861 1293 904 ut

995 123 1136 169 Liber
1167 100 1413 181 septimis.
1446 137 1451 142 ·
1717 137 1725 141 ⁹
2229 129 2333 177 ‘529

73 273 220 330 hodie
246 273 348 323 ΒΡ.
422 271 631 320 Variata
668 271 941 333 quantitate
978 273 1309 323 inclinationis
1331 287 1435 338 ,seu
1477 271 1738 321 distantiae
1777 253 1998 337 polorum
2030 268 2131 334 ΒΡ,
2171 274 2336 338 varia-

73 348 204 397 bitur
244 355 291 396 et
330 347 577 409 quantitas
615 343 888 393 latitudinis
927 347 1168 396 maximae
1219 348 1268 394 in
1307 345 1460 394 limite
1499 345 1664 402 boreo.
1740 345 1803 394 Et
1841 347 1911 394 sic
1950 347 2097 394 etiam
2140 346 2335 395 inveni-

73 434 203 481 mus,
256 420 297 467 si
336 418 649 467 Ptolemaicis
704 418 1129 468 observationibus
1166 419 1300 484 fides,
1640 444 1721 485 rig.
1748 444 1802 478 93,
1834 443 1984 487 (mm)
2031 435 2033 438 ⁴

75 499 148 543 est
201 491 493 541 adhibenda.
566 490 693 539 Nam
740 490 864 540 haec
910 494 1124 540 maxima
1172 491 1289 541 lati-

75 711 326 772 minorem,
367 724 477 759 cum
516 708 860 758 etiam-Cordis
898 710 1079 759 Leonis
1118 711 1291 758 latitu-

78 929 325 995 epicyclus
360 928 692 977 Ptolemaicus
734 928 955 990 obsistat,
996 943 1093 992 quo
1131 930 1291 977 minus

74 1077 254 1125 minor:
293 1088 411 1123 nam
449 1074 817 1123 inclinationem
844 1074 1017 1122 Martis
1056 1074 1138 1124 ille
1177 1090 1292 1140 pro-

77 1587 239 1650 capias
287 1587 617 1649 conjecturam
656 1592 874 1634 mutatae
913 1588 1155 1635 maximae
1196 1587 1364 1637 Lunae
1402 1588 1701 1637 latitudinis:
1746 1600 1847 1639 non
1890 1583 2053 1633 decuit
2079 1583 2248 1644 enim,
2289 1587 2345 1630 ut

0 1652 23 1722 f
75 1656 228 1721 Luna,
265 1658 465 1723 planeta
495 1645 813 1709 secundarius
853 1665 902 1708 et
939 1665 1137 1720 terreUS,
1186 1659 1416 1711 aliorsum
1458 1676 1603 1724 quam
1645 1660 1707 1708 ad
1746 1658 1927 1707 Terrae
1969 1657 2175 1706 orbitam
2215 1662 2343 1704 tem-

10 1723 315 1796 ⁴-·porariam
352 1740 630 1782 constanter
667 1735 952 1795 respiceret,
1003 1748 1293 1796 quocunque
1316 1742 1321 1746 ’
1346 1735 1433 1783 illa
1481 1737 1575 1782 situ
1631 1734 1720 1782 sub
1759 1732 1866 1779 fixis
1913 1732 2088 1793 quovis
2128 1738 2344 1793 tempore

28 1847 30 1850 ,
77 1811 216 1866 esset,
257 1807 374 1869 quin
408 1809 571 1870 potius
609 1806 720 1854 inde
762 1807 1007 1868 quantitas
1045 1806 1346 1869 obliquitatis
1385 1807 1654 1870 eclipticae,
1697 1806 1758 1854 ab
1786 1804 2107 1853 Eratosthene
2148 1810 2195 1852 et
2222 1803 2344 1850 Pto-

15 1900 25 1906 ··
79 1877 263 1928 lemaeo
300 1879 522 1942 prodita,
574 1881 624 1927 in
665 1879 865 1927 dubium
916 1882 1082 1928 vocari
1134 1880 1352 1942 deberet,
1407 1883 1446 1928 si
1486 1879 1798 1928 latitudinum
1839 1878 2009 1926 Lunae
2050 1876 2344 1925 difficillimis

81 1953 501 2001 observationibus
538 1952 708 2002 liceret
758 1955 1087 2016 argumentari
1126 1962 1292 2003 contra
1332 1955 1700 2003 observationes
1748 1952 2051 2014 obliquitatis
2091 1950 2346 2013 eclipticac

22 2034 28 2082 ζ
47 2017 63 2051 ·'
81 2023 221 2089 longe
258 2026 519 2076 faciliores,

208 2092 270 2148 2'.
325 2099 453 2161 Quin
496 2100 640 2148 etiam
679 2099 792 2147 hinc
830 2105 1088 2162 sequetur,
1142 2099 1321 2159 limites
1361 2098 1615 2161 nodosque
1655 2097 1874 2159 Saturni,
1931 2097 2103 2158 Jovis,
2156 2096 2344 2160 MartiS,

48 2169 288 2221 «Veneris
325 2172 627 2222 retrocedere
666 2173 837 2234 videri,
880 2174 1070 2222 etiamsi
1109 2175 1200 2222 sub
1240 2174 1348 2222 fixis
1387 2170 1966 2221 haererent-inmobiles.
2045 2170 2162 2218 Esto
2204 2168 2348 2230 enim,

82 2250 140 2293 ut.
169 2244 268 2308 poli
324 2246 577 2308 eclipticae
615 2253 869 2295 versentur
907 2248 1031 2296 inter
1071 2244 1138 2308 Q,
1196 2247 1235 2295 P
1278 2249 1403 2296 circa
1442 2242 1623 2294 lineam
1649 2245 1776 2302 AC,
1827 2248 1873 2292 in
1912 2244 2112 2292 Libram
2149 2257 2347 2306 porrec-

42 2351 45 2355 -
78 2321 193 2373 tum.
267 2318 356 2367 Est
393 2333 510 2368 vcro
550 2319 693 2368 hodie
732 2320 873 2368 limes
901 2318 1074 2369 Martis
1113 2322 1162 2367 in
1207 2327 1267 2386 ἕξ,
1307 2320 1512 2369 Veneris
1552 2321 1599 2365 in
1653 2316 1737 2387 Ῑη),
1781 2333 1928 2380 quare
1970 2318 2070 2380 poli
2110 2322 2249 2366 erunt
2289 2320 2358 2365 ex'

13 2395 27 2402 ‘
59 2386 122 2439 'P
158 2405 325 2440 versus
379 2401 442 2445 m
499 2398 547 2441 et
594 2394 669 2457 ff.
747 2393 856 2442 Sint
895 2395 945 2439 in
982 2393 1042 2454 R,
1084 2396 1174 2441 erit
1214 2409 1327 2456 ergo
1367 2392 1454 2441 PR
1489 2391 1696 2440 circulus
1735 2391 2007 2445 latitudinis
2046 2406 2130 2453 per
2169 2390 2348 2438 limites
2409 2411 2411 2413 ·

81 2458 250 2531 ⁸Martis
302 2465 383 2514 vel
422 2465 641 2514 Veneris.
718 2466 1058 2515 Descendente
1099 2482 1213 2529 ergo
1253 2467 1292 2514 P
1335 2482 1395 2515 ex
1433 2465 1474 2513 Ο
1523 2468 1569 2511 in
1620 2465 1985 2525 antecedentia,
2033 2466 2139 2512 sive
2180 2465 2347 2526 quies-

33 2546 44 2590 ,’
70 2533 191 2585 funt
225 2537 327 2600 poli
365 2538 423 2599 R,
464 2540 569 2587 sive
619 2545 668 2586 et
706 2540 802 2602 ipsi
844 2553 1013 2588 versus
1051 2540 1231 2588 lineam
1270 2539 1359 2587 AL
1398 2541 1446 2585 in
1497 2537 1834 2587 antecedentia
1873 2544 2013 2599 eant,
2036 2539 2159 2585 sive
2200 2538 2348 2585 etiam

82 2608 133 2656 in
169 2614 516 2673 consequentia
552 2612 768 2660 serantur
807 2627 976 2661 versus
1016 2612 1194 2661 lineam
1230 2613 1351 2673 AD,
1392 2610 1654 2677 dummodo
1693 2611 1878 2660 tardius
1918 2611 2032 2671 hoc,
2089 2625 2234 2672 quam
2276 2615 2350 2658 est
2403 2644 2406 2648 -

82 2678 167 2735 ΟΡ
206 2683 261 2730 in
312 2685 678 2734 antecedentia:
734 2686 960 2734 omnibus
1010 2687 1164 2735 tribus
1217 2687 1411 2735 casibus
1460 2691 1625 2747 partes
1678 2684 1837 2733 lineae
1896 2684 2005 2743 PR,
2065 2698 2190 2746 quae
2236 2683 2349 2730 sunt

54 2751 207 2804 ultra
253 2754 323 2817 R,
375 2757 640 2807 ascendent
691 2773 861 2807 versus
903 2759 991 2807 AL
1036 2761 1083 2806 in
1139 2759 1495 2809 antecedentia.
1573 2756 1654 2806 Sic
1707 2772 1815 2806 cum
1855 2757 2053 2808 Saturni
2107 2761 2155 2805 et
2203 2754 2347 2804 Jovis

81 2821 254 2877 limites
292 2832 389 2878 sint
426 2833 474 2878 in
513 2831 690 2894 Libra,
728 2832 829 2894 poli
871 2833 1135 2895 orbitarum
1176 2839 1315 2882 erunt
1353 2848 1382 2882 a
1420 2830 1535 2895 polo
1576 2831 1829 2895 eclipticae
1873 2831 2194 2895 temporariae
2234 2843 2348 2878 ver-

81 2903 165 2949 m
204 2901 418 2952 Arietem
457 2906 504 2950 in
545 2904 676 2954 linea
712 2904 952 2968 parallela
992 2907 1085 2970 ipsi
1127 2906 1211 2955 CA
1250 2907 1330 2956 vel
1370 2905 1538 2968 quasi,
1577 2910 1631 2951 ut
1670 2906 1796 2954 circa
1835 2905 1891 2965 B,
1934 2916 2219 2964 rursumque
2259 2903 2348 2950 iis·
2395 2912 2399 2915 ’

3 2997 6 3008 ·
84 2968 191 3026 (lem
228 2973 286 3024 de
325 2979 502 3037 causiS,
545 2984 689 3026 eunte
728 2978 784 3039 P,
826 2979 886 3027 cx
914 2977 963 3027 0
1003 2978 1301 3029 videbuntur
1339 2976 1654 3028 retrocedere.
1731 2977 1956 3026 Mercurii
1997 2977 2135 3024 limes
2173 2977 2221 3022 in
2267 2983 2334 3028 τῷ*

85 3051 179 3106 αι,
217 3047 358 3112 polus
396 3051 543 3112 igitur
581 3064 611 3098 a
649 3050 688 3097 P
729 3065 899 3099 versus
940 3055 993 3113 Ω,
1036 3052 1220 3102 seilicet
1259 3055 1384 3102 circa
1424 3053 1456 3101 S
1499 3052 1732 3108 (poneSin
1764 3058 1918 3096 lineam
1936 3055 2132 3095 AEint0r
2163 3057 2258 3095 Aet
2274 3051 2345 3111 E),

84 3113 229 3168 hbet
264 3123 392 3170 enim
419 3123 783 3171 inclinationem
823 3123 965 3173 valde
993 3140 1237 3188 magnam.
1314 3127 1370 3174 ln
1408 3125 1501 3176 hoc
1530 3125 1674 3186 igitur
1712 3122 1911 3185 planeta
1939 3124 2185 3185 continget
2224 3136 2346 3171 con-

85 3191 299 3255 trarium,
339 3203 394 3243 ut
430 3195 544 3259 polo
585 3195 840 3259 eclipticas
881 3198 939 3245 ex
980 3195 1022 3245 Ο
1063 3214 1231 3248 versus
1272 3199 1309 3246 P
1351 3196 1687 3258 descendente,
1727 3195 1871 3258 polus
1911 3195 2139 3245 Mercurii
2169 3195 2202 3245 S
2241 3197 2346 3245 sive

88 3264 323 3328 quiescat,
362 3270 466 3317 sive
506 3267 690 3317 tardius
731 3271 779 3315 in
818 3269 1158 3321 antecedentia
1196 3277 1303 3331 eat,
1361 3273 1582 3321 videatur
1622 3273 1668 3317 in
1717 3271 2066 3331 consequentia
2103 3268 2344 3332 progredi,

86 3330 214 3386 linea
248 3338 323 3390 Ps
364 3355 533 3390 versus
572 3341 656 3390 PC
693 3340 939 3390 inclinata.
1020 3342 1158 3404 Quae
1210 3346 1373 3392 omnia
1408 3360 1515 3393 cum
1555 3346 1650 3391 sint
1691 3348 2016 3391 consentanea
2056 3344 2344 3400 observatis,

0 3438 13 3453 ›=
72 3402 205 3459 >libro
243 3411 329 3464 VJ.
378 3415 598 3477 partibus
642 3414 707 3462 ΙΙ.
747 3420 795 3462 et
832 3414 921 3465 111.
969 3418 1260 3478 propositis,
1314 3418 1592 3480 praesertim
1645 3417 1770 3464 circa
1812 3414 2128 3477 Mercurium,
2176 3431 2346 3479 parum

13 3505 17 3520 ι
88 3478 237 3542 abest,
277 3487 389 3547 quin
431 3494 578 3537 exuta
620 3486 908 3547 timiditate,
952 3487 1091 3537 dictis
1130 3489 1251 3538 locis
1291 3496 1550 3554 usurpata,
1610 3489 1860 3537 victoriam
1913 3489 2180 3540 exclamem
2233 3495 2345 3538 ante

86 3562 305 3607 numeros
343 3565 391 3608 et
425 3574 676 3610 mensuras
714 3562 951 3623 cognitas,

228 3629 274 3678 3.
329 3629 445 3682 Sive
494 3637 746 3698 quiescant
796 3634 897 3696 poli
952 3633 1254 3697 planetarum
1306 3635 1397 3684 sub
1450 3634 1579 3696 fixiS,
1640 3636 1743 3684 sive
1794 3641 2081 3684 moveantur
2137 3639 2184 3684 et
2233 3635 2343 3698 ipsi,

90 3700 300 3762 nequitur
348 3719 406 3754 ex
445 3713 579 3756 motu
619 3707 721 3771 poli
762 3707 1015 3771 eclipticae
1057 3705 1167 3767 ΟΡ,
1219 3707 1373 3757 videri
1425 3707 1645 3771 polorum
1687 3709 2063 3772 planetariorum
2104 3721 2259 3769 eoque
2299 3713 2346 3754 et

88 3765 290 3826 limitum
327 3783 375 3827 et
413 3778 649 3829 nodorum
688 3787 849 3829 motus
889 3781 979 3828 sub
1021 3780 1128 3828 fixis
1168 3779 1467 3844 inaequales.
1541 3781 1649 3830 Nisi
1689 3784 1815 3830 enim
1863 3781 2069 3844 alicujus
2121 3780 2345 3844 planetae

90 3841 226 3903 lmus
264 3862 372 3899 cum
410 3853 652 3916 ipsissimo
692 3852 807 3917 polo
846 3855 980 3916 regio
1023 3853 1089 3916 A,
1132 3860 1298 3903 centro
1337 3854 1523 3903 scilicet
1562 3854 1764 3904 orbiculi
1807 3854 1906 3915 ΟΡ,
1949 3853 2211 3912 coincidat,
2261 3858 2347 3900 aut

175 3941 331 3986 leviori
353 3934 489 3991 opera.
537 3951 605 3987 vl.
1925 3943 1990 3991 34
