2554 4140
878 96 1017 142 Liber
1047 96 1228 142 Sextus.
1288 99 1400 144 Pars
1433 98 1615 155 Quinta.
2277 106 2379 155 503

124 242 274 293 fundo
312 242 437 292 aeris
473 245 766 294 latitantem.
842 246 887 294 A
939 248 1117 309 quibus
1165 249 1312 311 igitur
1362 247 1522 310 plagis
1572 248 1855 297 allabuntur
1893 248 2051 297 ultimi
2095 249 2218 299 radii
2257 250 2387 299 Solis

130 324 177 366 et
214 316 409 377 Lunae,
462 316 650 366 scilicet
687 319 749 367 ab
790 319 1046 370 altitudine
1103 323 1330 383 utrinque
1378 319 1614 368 nonnulla
1665 336 1811 384 supra
1862 321 2162 371 horizontem
2216 338 2387 373 versus

80 391 82 395 ’
127 405 209 439 eas
248 390 438 452 plagas,
479 391 527 436 in
566 389 677 440 illas
717 391 903 441 scilicet
942 393 1226 442 altitudines
1263 392 1523 442 luminaria
1560 396 1751 456 reponit
1789 395 1959 442 oculus
1985 394 2230 459 deceptuS‚
2271 398 2387 459 quia

41 464 45 465 ⁷
126 463 184 511 de
221 462 507 510 refractione
544 462 792 512 radiorum
836 466 967 514 facta
1003 466 1124 514 nihil
1171 464 1244 513 illi
1283 470 1498 528 constat3
1551 468 1776 529 opinatur
1822 468 1993 530 igitur,
2046 468 2224 518 lineam
2278 483 2385 518 esse

124 536 317 584 unicam
354 535 417 583 ab
457 534 600 584 oculo
634 547 801 600 usque
838 538 903 587 ad
939 538 1214 591 luminare.·
1268 538 1396 588 Vide
1435 553 1607 602 supra,
1660 539 1784 587 libro
1821 539 1861 588 I.
1899 539 1983 590 fol.
2029 543 2148 591 148.
2188 542 2386 592 schema

126 614 173 656 et
210 607 598 670 explicationem.

269 680 410 728 Num
447 683 599 729 etiam
640 683 774 731 aliae
810 685 979 733 stellae
1013 687 1082 735 sic
1119 685 1474 746 obscurantur,
1512 690 1571 731 ut
1609 683 1801 732 Luna?
1859 683 1939 733 Ab
1979 686 2151 736 umbra
2190 688 2386 750 quidem

122 754 299 820 Terrae
338 753 459 801 nihil
497 757 749 816 patiuntur
785 757 1012 819 planetae
1049 759 1273 821 proximi,
1315 758 1484 806 Venus
1523 763 1571 805 et
1598 756 1754 818 Mars;
1794 757 1880 805 illa
1920 760 2049 820 quia,
2091 761 2183 808 etsi
2222 761 2387 809 humi-

121 827 213 875 lior
251 832 378 875 esset
417 841 563 888 quam
602 834 690 888 est,
731 829 836 877 Soli
874 836 1036 879 tamen
1075 845 1172 878 non
1213 832 1498 895 opponitur,
1540 831 1647 891 iste,
1689 830 1805 892 quia
1842 833 2063 892 superior
2103 837 2176 881 est
2214 834 2383 883 ultimo

126 913 353 948 mucrone
392 900 593 949 umbrae
632 907 867 962 terrenae,
907 905 1054 952 etiam
1107 918 1216 952 curn
1256 906 1472 952 omnium
1509 905 1730 966 proxime
1769 902 1976 969 accedit:
2031 902 2189 953 Multo
2229 909 2387 954 minus

26 1026 35 1035 ‚
119 974 266 1035 igitur
302 972 476 1020 stellae
515 977 789 1037 superiores
827 976 986 1025 Marte
1025 978 1125 1038 tegi
1164 982 1391 1039 poterunt
1430 977 1493 1026 ab
1533 977 1721 1026 umbra.
1796 975 1865 1024 At
1904 976 1966 1025 ab
2006 978 2199 1039 umbra,
2242 994 2387 1041 quam

121 1045 180 1094 de
218 1060 271 1094 se
307 1044 484 1108 globus
523 1046 671 1095 Jovis
708 1049 756 1094 in
797 1049 953 1097 altum
989 1049 1199 1112 projicit,
1246 1051 1495 1099 obscurari
1535 1058 1582 1098 et
1622 1049 1870 1112 exstingui
1907 1055 2118 1113 quatuor
2144 1050 2387 1113 Joviales,

120 1117 565 1181 planetas‘scilicet
621 1121 966 1183 secundariOS,
1020 1137 1118 1171 non
1158 1124 1305 1172 irritis
1345 1123 1648 1172 documentis
1687 1123 1899 1186 probant
1939 1121 2194 1172 Galilaeus
2235 1125 2390 1187 Italus

30 1202 39 1228 ‘-
123 1197 170 1240 et
205 1190 388 1239 Marius
429 1191 719 1242 Germanus·

826 1309 990 1358 ·V111.
1034 1309 1120 1359 De
1159 1310 1412 1374 Eclipsi
1462 1310 1650 1368 Solis.

266 1410 628 1472 quotupliciter
679 1411 993 1461 considerari
1034 1418 1250 1475 possunt
1305 1414 1504 1476 eclipses
1555 1413 1724 1464 Solis?
1796 1416 2005 1466 Duobus
2063 1417 2252 1468 modis:
2312 1419 2390 1468 vel

30 1499 36 1503 ·
125 1484 249 1532 enim
304 1490 529 1545 respectu
583 1484 743 1546 illius,
815 1485 947 1547 quod
1003 1485 1207 1535 durante
1263 1487 1591 1536 occultatione
1648 1487 1780 1537 Solis
1836 1492 2019 1552 patitur
2071 1491 2248 1554 Terra,
2309 1493 2390 1542 vel

118 1561 338 1619 respectu
378 1556 537 1618 illius,
588 1557 718 1620 quod
756 1559 861 1619 pati
899 1559 1094 1608 videtur
1133 1559 1234 1608 Sol.
1311 1542 1404 1608 1116
1455 1560 1602 1609 modo
1651 1561 1985 1612 consideratur
2022 1564 2218 1628 eclipsis
2257 1565 2388 1614 Solis

37 1662 42 1665 -
121 1629 472 1690 universaliter,
513 1636 737 1693 respectu
778 1633 992 1679 omnium
1031 1632 1251 1682 locorum
1291 1631 1517 1694 TelluriS,
1571 1636 1618 1681 in
1659 1634 1837 1697 quibus
1876 1637 2032 1687 videri
2068 1644 2253 1701 potest,
2293 1641 2388 1688 isto
2468 1652 2472 1657 ’

119 1702 261 1750 modo
308 1703 616 1766 particularis
672 1704 726 1751 fit
773 1705 1101 1755 consideratio
1158 1705 1320 1768 adque
1381 1721 1532 1754 unum
1587 1712 1771 1756 certum
1826 1709 1989 1759 locum
2045 1710 2257 1761 Telluris
2314 1718 2388 1762 est

122 1775 339 1839 alligata.

262 1849 396 1908 Quid
430 1848 594 1912 iyitur
635 1853 838 1912 patitur
884 1851 1044 1899 Terra
1082 1853 1140 1900 in
1177 1852 1346 1916 eclipsi
1392 1851 1564 1901 Solis?
1625 1852 1767 1902 Luna
1805 1869 1936 1905 nova
1974 1859 2098 1907 inter
2136 1858 2302 1908 Solem
2342 1866 2392 1908 et

119 1922 307 1986 aliquas
345 1922 469 1971 disci
507 1923 686 1973 Terrae
724 1929 889 1988 partes
927 1926 1232 1988 interposita,
1271 1927 1435 1988 privat
1473 1924 1585 1974 illas
1623 1926 1704 1975 vel
1742 1932 1845 1977 toto
1887 1929 2016 1980 Solis
2054 1932 2266 1993 lumine,
2308 1932 2391 1982 vel

117 1995 279 2060 aliqua
316 1995 488 2045 solaris
525 1996 723 2045 luminis
762 2004 912 2062 parte.
1184 2050 1187 2053 Δ
2022 2032 2105 2072 mg·
2133 2029 2187 2066 94·

180 2104 182 2106 ψ
261 2069 393 2131 Quid
427 2070 654 2134 appellas
690 2071 882 2120 discum
917 2071 1138 2120 Terrae?
1180 2072 1267 2120 Est
1291 2071 1493 2134 planum
1532 2071 1593 2120 de
1625 2072 1807 2122 circulo

118 2141 485 2192 illuminationis
536 2142 736 2205 Terrae,
794 2149 1029 2207 quantum
1085 2144 1208 2205 illud
1262 2151 1467 2210 apparet
1524 2160 1586 2194 ex
1638 2145 1805 2212 aliquo

117 2221 295 2279 puncto
349 2218 398 2263 in
455 2230 655 2279 corpore
712 2218 882 2266 Lunae
938 2232 1128 2281 novae,
1191 2218 1393 2267 Terram
1452 2217 1805 2267 obumbrantis.

54 2287 58 2290 ’
118 2288 291 2338 Discus
331 2288 530 2350 dicitur,
571 2292 686 2352 quia
725 2291 976 2354 fingimUS,
1026 2291 1335 2356 superficiem
1374 2291 1584 2342 Telluris
1622 2291 1817 2341 illumi·

117 2367 280 2412 natam
315 2362 584 2426 projectam
624 2378 732 2412 esse
763 2366 818 2412 -in
856 2363 1057 2428 planum
1099 2365 1248 2427 hujus
1287 2365 1470 2414 circuli.

258 2431 313 2476 In
343 2431 574 2476 schemate
606 2434 672 2478 94.
703 2432 987 2491 intelligatur
1017 2433 1100 2479 sub
1123 2434 1221 2478 VE.

262 2512 467 2571 Quanta
512 2515 581 2557 est
628 2510 997 2559 semidiameter
1048 2511 1202 2571 hujus
1239 2510 1363 2558 disci
1408 2510 1594 2558 Terrae
1640 2527 1808 2574 appa·
1887 2511 1889 2513 ’

123 2582 274 2630 rentis
320 2583 457 2630 velut
503 2596 563 2631 ex
603 2582 798 2632 Luna?
851 2583 904 2632 Si
955 2599 985 2632 a
1023 2584 1265 2646 parallaxi
1303 2583 1474 2632 Lunae
1514 2583 1810 2634 horizontali

119 2654 374 2705 abstuleris
410 2655 712 2718 sesquiplum
750 2656 1058 2719 parallaxeos
1096 2656 1226 2706 Solis
1264 2655 1606 2717 horizontaliS,
1659 2657 1807 2707 relin-

119 2729 278 2790 quitur
313 2727 672 2778 semidiameter
711 2728 832 2779 disci
870 2729 1108 2791 Telluris,
1153 2744 1240 2778 seu
1279 2728 1489 2792 angulus
1529 2729 1675 2792 hujus
1715 2729 1807 2793 ap-2

120 2802 330 2864 parentis
366 2801 711 2852 semidiametri
750 2804 798 2850 in
837 2817 1076 2863 mensura,
1116 2801 1335 2865 qualium
1373 2809 1533 2852 rectus
1576 2809 1649 2852 est
1693 2818 1808 2866 gra-

123 2872 211 2939 dus
250 2875 332 2923 90.
372 2874 664 2923 Demonstro
703 2877 751 2923 in
790 2875 1078 2941 Hipparcho
1115 2890 1240 2925 meo,
1265 2870 1331 2938 ⁹⁰)

265 2947 397 3009 Quid
431 2949 731 3010 intelliyitur
767 2950 858 2997 sub
899 2949 1102 2998 vocibus
1138 2949 1351 2997 umbrae
1398 2954 1445 2997 et
1493 2948 1811 3010 penumbrae

79 3023 87 3028 '
131 3017 341 3069 Luvtae?
394 3017 606 3069 Umbrae
657 3021 839 3070 lunaris
888 3022 1133 3071 vocabulo
1179 3021 1468 3084 intelligitur
1507 3036 1648 3069 omne
1687 3019 1810 3069 illud

125 3094 333 3155 spatium
377 3093 610 3142 circulare
659 3093 779 3142 disci
818 3094 997 3144 Terrae
1045 3094 1126 3144 vel
1163 3094 1463 3157 respondens
1503 3094 1811 3158 sphaericum

127 3166 393 3228 superficiei
429 3167 479 3213 in
519 3165 705 3215 discum
731 3166 995 3230 projectae,
1036 3169 1114 3217 cui
1154 3173 1285 3217 totus
1322 3167 1408 3216 Sol
1448 3182 1478 3215 a
1503 3167 1645 3215 Luna
1682 3168 1810 3229 tegi-

127 3242 216 3285 tur.
290 3239 566 3293 Penumbra
604 3253 720 3288 vero
760 3245 834 3288 est
873 3254 1014 3290 omne
1048 3239 1168 3288 illud
1207 3242 1420 3303 spatium
1447 3238 1565 3287 disci
1606 3238 1683 3288 vol
1724 3254 1809 3287 su-

129 3309 334 3372 perficiei
360 3311 552 3373 Terrae,
593 3314 670 3362 cui
694 3310 862 3375 aliqua
886 3313 1127 3376 particula
1164 3312 1224 3362 de
1253 3327 1453 3376 corpore
1492 3312 1641 3362 solari
1683 3313 1807 3376 tegi-

132 3388 207 3431 tur
243 3383 328 3434 illo
366 3391 628 3434 momento·

269 3467 331 3513 Ut
359 3467 398 3512 si
426 3468 508 3512 VE
542 3468 693 3514 discus
726 3468 916 3525 Terrae,
947 3467 1029 3514 No
1061 3466 1243 3524 umbra,
1284 3469 1389 3525 MN,
1423 3468 1500 3513 ΟΡ
1532 3466 1803 3524 penumbra:

132 3542 382 3588 quanquam
422 3533 501 3579 illa
539 3540 753 3592 respectu
784 3533 895 3578 disci
926 3534 1094 3579 Terrae
1131 3534 1267 3580 nimia
1309 3539 1378 3578 est
1418 3533 1562 3590 picta,
1609 3544 1706 3578 cum
1749 3531 1807 3577 sit

133 3599 375 3653 penumbra
402 3600 547 3646 minor
577 3601 699 3647 disco
722 3600 901 3656 Terrae,
935 3603 984 3643 ut
1014 3599 1059 3643 in
1091 3599 1320 3645 schemate
1350 3598 1554 3655 proxime
1585 3597 1802 3653 sequenti.

276 3677 480 3737 Quanta
515 3684 583 3727 est
617 3677 983 3727 semidiameter
1019 3673 1231 3725 umbrae
1258 3674 1438 3724 Lunae
1475 3682 1522 3724 et
1558 3674 1803 3739 quomodo

135 3746 429 3796 invenitur?
464 3749 517 3798 Si
555 3765 586 3799 a
623 3750 981 3801 semidiametro
1008 3749 1176 3798 Lunae
1216 3754 1477 3813 apparente
1515 3745 1768 3798 abstuleris
1805 3747 2216 3799 semidiametrum
2245 3748 2373 3799 Solis

137 3826 459 3883 apparentem,
495 3822 781 3890 relinquitur
817 3822 1173 3874 semidiameter
1211 3836 1448 3888 apparens
1487 3820 1683 3872 umbrae
1724 3820 1892 3872 Lunae
1931 3822 2045 3877 sere.
