2554 4140
138 86 163 130 7
175 83 241 131 60
615 99 618 101 ·
925 70 1235 118 consideratio
1266 70 1630 117 observationum

137 224 333 288 quidem
388 222 523 270 nulla
576 215 976 270 obsestationum
1025 219 1262 281 religione
1312 219 1518 268 vetabat
1555 217 1692 284 (quin
1738 220 1903 282 potius
1957 218 2020 267 ab
2060 218 2402 267 observatione

134 298 443 359 Dionysiana
481 296 529 340 in
561 297 642 343 15.
671 293 786 342 Jan.
826 293 982 342 relata
1021 290 1285 356 invitabar)
1323 307 1354 340 a
1386 287 1476 340 15⁰
1513 290 1557 350 ὅ
1611 291 1864 352 deducere,
1905 297 2140 353 tanquam
2166 305 2197 338 a
2221 297 2402 354 puncto

137 368 457 418 cardinalium
503 366 663 414 medio
717 380 875 427 eoque
927 365 1202 413 verisimili:
1266 371 1318 412 at
1354 365 1509 411 motui
1561 363 1720 412 medio
1769 378 1968 413 manum
2015 362 2301 423 admovere,
2350 369 2405 410 ut

137 441 324 505 epocha
362 439 466 500 ejus
531 439 591 485 ad
633 435 691 486 0⁰
734 438 792 498 Υ
848 438 1114 496 locaretur,
1174 451 1271 484 non
1321 450 1428 483 sum
1487 450 1666 496 ausuS,
1719 436 1806 485 sed
1855 450 2014 498 neque
2072 450 2186 484 vero
2232 437 2404 495 motui,

137 515 220 576 qui
271 514 468 575 propior
519 517 622 559 erat
672 517 851 573 puncto
907 510 1156 558 cardinali.
1233 509 1359 556 Nam
1407 508 1447 555 si
1508 508 1630 555 duos
1680 508 1986 557 abundantes
2037 508 2218 571 gradus
2265 509 2404 554 initio

135 599 297 634 rerum
337 583 604 642 detraham,
648 583 930 631 detrahetur
967 590 1184 645 tempore
1224 580 1498 629 Ptolemaei
1537 581 1725 629 circiter
1764 580 2006 641 dimidiae,
2047 587 2194 643 atque
2232 577 2316 629 25¹
2358 582 2404 626 in

138 659 444 721 oppositione
501 670 608 704 cum
660 655 774 704 Sole
820 655 927 717 jam
979 654 1106 702 ultra
1150 653 1356 715 gradum
1408 659 1695 702 excurreret.
1773 652 1987 701 Tantum
2033 667 2149 702 vero
2198 667 2407 701 errorem

138 731 505 779 observationes
544 728 819 776 Ptolemaei
856 727 999 775 facile
1038 725 1355 788 redarguunt.
1433 725 1494 773 Et
1520 731 1684 773 tamen
1724 739 1835 774 eum
1861 725 2092 786 viderem,
2132 725 2407 774 desiderare

138 809 186 851 et
223 802 580 864 Dionysianam
625 802 1018 848 observationem
1060 799 1178 862 (diei
1221 813 1341 846 suae
1379 795 1646 862 relictam),
1687 804 1742 846 ut
1780 797 2032 846 attollatur
2070 798 2259 860 epocha
2297 813 2409 846 ver-

137 890 221 924 sus
260 876 450 921 initium
492 871 587 939 63,
629 887 729 920 non
769 873 963 934 neglexi
1004 873 1151 920 etiam
1193 886 1276 934 per
1303 870 1439 918 illam
1465 884 1739 934 propagare
1777 875 1939 918 motus
1978 869 2042 918 ad
2067 871 2209 918 initia
2233 885 2406 931 rerum,

133 949 307 1011 spretis
360 946 695 994 Ptolemaicis.
775 944 989 993 Retento
1039 945 1186 1005 igitur
1236 943 1420 1006 aphelii
1474 949 1635 1002 motu,
1701 949 1755 991 ut
1802 943 1942 1004 cujus
1992 944 2200 992 mutatio
2247 945 2407 990 minus

136 1020 314 1079 turbat,
355 1025 403 1067 et
441 1019 691 1082 applicata
730 1017 1074 1065 observatione
1101 1017 1423 1079 Dionysiana,
1466 1015 1654 1078 epocha
1683 1015 1884 1063 initialis
1908 1021 2071 1063 motus
2098 1014 2246 1064 medii
2269 1014 2409 1064 Mar-

137 1094 199 1141 tis
251 1093 298 1138 in
340 1090 397 1140 3⁰
439 1090 523 1140 45‘
563 1087 629 1156 ὓ
673 1091 820 1139 venit.
897 1089 955 1137 Id
997 1103 1112 1138 vero
1165 1089 1250 1137 nbi
1291 1088 1401 1136 Chr.
1447 1088 1668 1137 Severini
1709 1089 2172 1151 Longomontanus,
2232 1089 2305 1135 vir
2359 1090 2408 1134 in

137 1166 232 1213 hac
270 1170 371 1212 arte
412 1163 723 1222 clarissimus,
763 1163 1030 1222 resciverit,
1071 1176 1168 1209 non
1210 1161 1440 1224 equidem
1478 1162 1658 1223 poterit
1695 1175 1793 1209 non
1831 1175 2138 1223 summopere
2176 1160 2407 1222 gaudere.

137 1238 189 1286 Is
228 1239 357 1285 enim
397 1243 445 1284 et
482 1237 601 1298 ipse,
643 1234 878 1298 neglectis
918 1235 1342 1284 observationibus
1366 1233 1656 1294 Ptolemaei,
1695 1240 1930 1295 tanquam
1965 1232 2233 1282 astrolabio
2259 1232 2408 1281 infido

138 1311 363 1375 peractiS,
404 1309 618 1371 epochas
653 1323 768 1356 suas
807 1307 870 1355 ad
909 1307 1036 1356 hanc
1060 1308 1416 1370 Dionysianam
1443 1306 1837 1355 observationem
1874 1305 2127 1372 (tanquam
2162 1304 2274 1354 tidei
2299 1305 2409 1368 plus

139 1384 375 1442 meritam,
417 1384 478 1429 ob
520 1381 768 1429 ocularem
795 1387 1046 1443 aspectum
1071 1380 1427 1442 conjunctionis
1463 1393 1572 1427 cum
1599 1376 1713 1445 fixa)
1751 1378 2155 1437 accommodavit,
2195 1380 2410 1440 ignarus,

139 1470 208 1515 se,
250 1453 381 1517 quod
420 1456 466 1500 in
509 1453 637 1501 Solis
675 1467 898 1516 apogaeo
936 1467 1117 1515 magna
1155 1451 1484 1515 gratulatione
1522 1451 1864 1514 deprehendit,
1905 1465 2179 1515 apogaeum
2218 1451 2324 1514 ejus
2361 1452 2411 1497 in

141 1524 199 1577 0⁰
242 1528 300 1588 Υ
346 1526 582 1583 incidere,
636 1526 765 1574 idem
804 1541 950 1588 quam
989 1527 1207 1589 proxime
1245 1530 1294 1573 et
1332 1526 1380 1571 in
1419 1530 1554 1572 motu
1593 1524 1754 1574 medio
1793 1524 1968 1573 Martis
2007 1526 2326 1587 praestitisse,
2368 1525 2409 1571 si

139 1599 287 1649 modo
328 1599 455 1648 diem
496 1602 782 1659 creationiS,
825 1613 971 1661 quam
1010 1613 1102 1661 ego
1141 1611 1384 1661 propono,
1427 1599 1608 1661 quippe
1646 1598 1709 1646 ab
1749 1597 1949 1661 epochis
1988 1596 2119 1646 Solis
2156 1602 2205 1646 et
2239 1595 2410 1645 Lunae

142 1676 414 1737 signatam,
454 1674 712 1721 attentiore
752 1673 928 1719 mentis
968 1671 1110 1720 oculo
1148 1670 1444 1719 lustraverit.

289 1746 396 1807 Ego
436 1759 581 1806 vere,
623 1747 714 1794 etsi
751 1744 879 1792 hane
917 1745 1311 1793 observationem
1349 1743 1706 1806 Dionysianam
1753 1759 1784 1792 a
1819 1743 1940 1791 meis
1978 1742 2221 1791 habebam
2259 1742 2414 1804 parti-

145 1821 254 1880 bus,
315 1832 473 1881 eaque
511 1832 607 1866 non
648 1817 912 1866 admodum
950 1819 1119 1880 iniqua
1157 1816 1346 1880 epocha
1382 1821 1543 1864 motus
1581 1814 1754 1864 Martis
1790 1815 1938 1864 medii
1983 1814 2227 1863 cardinem
2265 1816 2414 1876 ipsis-

143 1895 318 1941 simum
361 1890 418 1939 0⁰
446 1887 511 1956 ὓ
553 1892 748 1954 penitus
787 1892 982 1953 assequi
1023 1896 1217 1954 posset,
1256 1895 1543 1937 nontamen
1584 1894 1769 1937 tantam
1808 1887 1925 1935 mihi
1959 1889 2112 1937 sumsi
2149 1887 2411 1947 licentiam,

146 1970 404 2030 propterea
443 1964 575 2026 quod
615 1965 814 2023 scirem,
860 1968 919 2011 11
964 1962 1196 2025 gradibus
1243 1963 1293 2008 in
1333 1976 1490 2010 rerum
1530 1962 1667 2009 initio
1717 1958 1786 2028 (et
1824 1962 1894 2010 sic
1934 1961 1992 2010 3⁰
2030 1962 2158 2009 circa
2195 1960 2414 2009 seculum

145 2034 435 2102 Ptolemaei)
476 2036 675 2095 demtis,
730 2042 1043 2084 concurrente
1100 2042 1147 2083 et
1198 2033 1381 2097 aphelii
1418 2033 1693 2093 luxatione,
1750 2047 1896 2098 posse
1935 2036 1983 2080 in
2024 2033 2415 2096 oppositionibus

146 2125 254 2160 cum
295 2109 435 2170 Sole,
490 2124 615 2171 quae
653 2109 939 2161 Ptolemaeo
978 2109 1174 2158 fuerunt
1211 2108 1528 2167 observatae,
1583 2105 1903 2155 differentiam
1943 2107 2150 2155 existere
2194 2110 2257 2154 10
2297 2120 2414 2168 gra-

147 2183 312 2242 duum,
355 2197 503 2245 quam
541 2181 717 2231 calculi
745 2183 1149 2230 exorbitationem
1178 2181 1546 2229 observationes
1572 2178 1843 2228 Ptolemaei
1870 2178 2015 2228 facile
2040 2178 2413 2240 redarguebant.

295 2256 495 2304 Interim
534 2268 649 2303 vero
691 2261 739 2302 et
776 2254 870 2303 hoc
907 2256 1156 2314 annotavi,
1195 2255 1237 2301 si
1275 2251 1339 2301 ad
1365 2253 1505 2300 initia
1540 2265 1699 2300 rerum
1725 2251 2015 2301 collocarem
2051 2250 2213 2300 locum
2241 2250 2415 2299 Martis

149 2330 469 2378 eccentricum
509 2342 677 2378 verum
716 2327 834 2391 (non
859 2324 1094 2382 medium)
1136 2327 1184 2372 in
1214 2320 1272 2374 0⁰
1299 2322 1383 2392 ὓ,
1423 2331 1541 2373 tune
1579 2324 1820 2374 calculum
1857 2325 2157 2373 incessurum
2196 2323 2411 2372 medium

149 2404 275 2450 inter
330 2401 700 2450 observationes
745 2399 1016 2448 Ptolemaei
1066 2399 1129 2447 ab
1175 2397 1269 2446 hac
1324 2405 1372 2446 et
1423 2397 1652 2461 Dionysii
1702 2398 1765 2446 ab
1819 2395 1904 2446 illa
1950 2403 2105 2461 parte.
2181 2395 2254 2445 Ne
2302 2395 2416 2446 huic

151 2474 350 2537 quidem
388 2474 703 2522 concinnitati
743 2472 1025 2535 quidquam,
1068 2470 1202 2534 quod
1227 2477 1449 2533 vergeret
1470 2472 1520 2517 in
1547 2470 1898 2534 praejudicium
1922 2469 2208 2529 Ptolemaei,
2251 2470 2416 2518 censui

147 2546 499 2607 indulgendum
539 2561 659 2594 esse.
736 2545 952 2593 Primum
992 2546 1148 2603 enim,
1190 2545 1231 2591 si
1269 2557 1439 2592 verum
1478 2549 1662 2591 motum
1720 2549 1758 2600 d
1813 2544 1977 2606 potius
2017 2556 2164 2605 qnam
2201 2540 2415 2590 medium

144 2621 446 2682 respicerem,
482 2619 583 2681 jam
625 2619 796 2667 eadem
835 2618 951 2666 mihi
980 2618 1059 2666 lex
1089 2625 1217 2666 essct
1243 2615 1550 2665 observanda
1589 2618 1635 2662 in
1665 2615 1795 2676 Sole,
1839 2615 1994 2676 Luna,
2035 2615 2240 2675 Venere,
2281 2614 2415 2663 Mer-

146 2694 295 2741 curio,
374 2692 440 2739 At
479 2694 525 2738 in
565 2691 678 2740 Sole
719 2691 950 2755 depulsus
988 2690 1057 2738 sui
1097 2706 1127 2738 a
1165 2703 1280 2738 vero
1320 2695 1455 2737 motu
1495 2694 1543 2737 et
1582 2689 1863 2751 compulsus
1902 2688 1966 2737 ad
2005 2687 2218 2737 medium
2258 2689 2413 2736 ratio-

143 2766 287 2813 nibus
327 2764 515 2812 idoneis
555 2771 603 2812 et
641 2770 772 2812 metu
800 2765 1197 2812 observationum
1228 2762 1592 2810 obtestantium.
1656 2762 1720 2809 Et
1746 2763 1971 2824 quamvis
1998 2762 2046 2808 in
2075 2761 2218 2809 Luna
2247 2774 2416 2809 verum

150 2843 336 2886 motum
378 2838 626 2899 elegerim,
677 2844 729 2884 at
768 2837 909 2884 Luna
945 2835 1261 2885 secundarius
1301 2842 1375 2882 est
1412 2834 1636 2897 planeta,
1691 2834 1971 2896 factumque
2010 2833 2059 2881 id
2098 2839 2172 2882 est
2221 2839 2418 2897 propter

150 2925 252 2959 rem
291 2911 466 2969 aliam,
509 2924 635 2971 quae
676 2910 721 2955 in
762 2910 955 2972 punctis
995 2910 1166 2957 ceteris
1205 2909 1416 2970 spectari
1455 2921 1552 2955 non
1591 2913 1780 2969 potest,
1830 2913 1952 2970 puta
2010 2912 2206 2969 propter
2244 2906 2418 2969 phasin

148 2997 235 3032 seu
273 2982 580 3031 novilunium
620 2988 872 3043 exactum,
912 2996 1003 3029 nec
1041 2986 1144 3030 erat
1182 2981 1368 3028 arbitrii
1407 2982 1502 3027 mei
1543 2979 1665 3027 haec
1703 2978 1902 3039 electio,
1958 2981 2076 3040 quin
2115 2983 2419 3027 extorserunt

151 3055 271 3102 mihi
310 3057 355 3101 in
397 3055 511 3103 Sole
551 3055 787 3115 medium,
843 3056 890 3101 in
933 3054 1073 3102 Luna
1112 3068 1280 3102 verum
1319 3052 1480 3100 locum
1520 3054 1912 3101 circumstantiae
1969 3058 2069 3100 tam
2108 3052 2417 3100 observatio-

150 3141 291 3188 num,
352 3143 498 3189 quam
539 3129 663 3174 initii
717 3126 954 3175 naturalis
994 3126 1180 3174 dierum
1226 3131 1273 3173 et
1322 3124 1556 3173 divinitus
1595 3124 1798 3173 revelati
1848 3126 2243 3187 septimanarum.
2320 3122 2417 3172 Sed

150 3205 271 3258 est0,
319 3200 514 3262 placeat
552 3201 697 3248 alicui
751 3215 896 3248 verus
936 3199 1108 3248 Martis
1160 3198 1320 3258 locuS,
1372 3212 1516 3260 quem
1567 3197 1657 3246 sub
1697 3198 1837 3245 initia
1875 3211 2034 3246 rerum
2080 3198 2130 3243 in
2181 3201 2415 3259 punctum

152 3271 398 3321 cardinale
437 3273 636 3332 referat,
692 3272 809 3320 mihi
849 3287 1007 3334 neque
1046 3286 1190 3320 verus
1228 3284 1386 3332 neque
1425 3269 1614 3318 medius
1653 3272 1775 3318 tanti
1816 3276 1944 3329 erat,
1987 3274 2042 3317 ut
2079 3268 2184 3330 ejus
2222 3267 2417 3316 locandi

150 3346 309 3407 gratia
346 3344 673 3393 Ptolemaicas
714 3346 1083 3393 observationes
1125 3343 1380 3392 violandas
1431 3342 1880 3405 indulgendumque
1921 3342 2256 3404 Dionysianae
2298 3355 2415 3389 cen-

151 3430 329 3476 serem,
381 3416 512 3477 quod
560 3419 673 3465 fecit
713 3418 1151 3480 Longimontanus.
1227 3415 1420 3463 Etenim
1467 3417 1690 3464 instituta
1737 3409 2099 3477 comparatione
2138 3413 2416 3462 verisimili-

154 3489 378 3537 tudinnm
423 3502 509 3549 pro
559 3496 764 3552 utroque
807 3492 1120 3538 observatore
1158 3490 1503 3551 pugnantium,
1558 3488 1827 3551 Dionysius
1871 3489 2233 3548 (praeterquam
2284 3485 2415 3548 quod

153 3561 250 3610 fixa
276 3561 625 3622 adjuvabatur)
655 3563 879 3611 omnibus
903 3562 1103 3623 reliquis
1128 3561 1399 3609 rationibus
1427 3562 1583 3609 victus
1617 3566 1705 3608 est.
1772 3560 2041 3621 Dionysius
2070 3559 2195 3606 enim
2221 3560 2415 3607 unicam

156 3634 552 3682 observationem
577 3635 869 3695 suppeditat,
911 3634 1222 3682 Ptolemaeus
1250 3639 1485 3694 quatuor3
1525 3632 1607 3681 ille
1631 3635 1725 3680 tiro
1749 3632 1855 3691 fuit,
1893 3632 1984 3679 iste
2008 3632 2192 3694 peritus
2218 3630 2413 3691 artisex3

161 3705 245 3753 ille
286 3707 410 3754 inter
449 3707 677 3766 antiquos
717 3713 804 3764 est,
852 3708 1180 3754 astronomiae
1228 3708 1388 3753 minus
1427 3718 1631 3766 gnaros,
1686 3706 1776 3752 iste
1815 3705 1939 3751 vixit
1990 3702 2179 3752 erudito
2217 3702 2411 3764 seculo;

155 3777 238 3826 ille
276 3779 400 3827 inter
437 3778 615 3841 primos
654 3778 930 3827 inventores
969 3783 1205 3840 censetur,
1244 3778 1324 3827 hic
1360 3779 1621 3840 magistros
1645 3775 1849 3838 habuit;
1889 3775 1971 3826 ille
2008 3775 2227 3839 loquitur
2249 3789 2411 3839 popu-
