2554 4140
934 103 1283 162 Regiomontani
1315 109 1362 151 et
1390 105 1631 169 waltheri.
2314 110 2415 159 757

150 255 354 315 stantia,
403 258 483 315 ut,
535 252 654 317 quid
690 253 806 302 huic
846 253 1000 303 ventri
1042 255 1110 315 Π
1150 252 1403 316 acciderit,
1457 256 1695 317 nesciam,
1735 269 1797 304 an
1836 254 1918 304 ille
1957 254 2051 304 hoc
2090 267 2218 303 anno
2261 258 2416 305 1503.

150 334 236 378 30.
275 326 412 391 Sept.
451 327 595 376 fuerit
631 327 741 375 loco
779 333 959 375 motus.
1036 327 1092 374 In
1134 332 1231 388 29,
1289 332 1383 388 32,
1437 332 1502 377 35
1557 331 1679 377 situs
1732 328 1958 392 planetae
1998 327 2062 376 ad
2098 327 2279 377 Leonis
2320 342 2417 389 cor,

149 401 388 449 cervicem
427 405 476 448 et
512 405 699 462 pectuS,
758 413 1009 462 assequor.
1084 399 1141 447 In
1183 404 1243 460 8,
1298 405 1387 461 10,
1445 406 1505 449 11
1550 416 1779 450 excessus
1830 407 1879 450 et
1917 400 2134 450 defectus
2173 400 2421 450 alternant

154 479 367 535 suntque
403 474 546 535 parvi
587 473 713 520 circa
752 487 916 536 syrma
956 478 1005 520 et
1041 472 1214 536 pedem
1255 468 1340 540 1η).
1415 473 1471 520 In
1518 479 1597 522 16.
1642 488 1682 524 c.
1725 473 1931 522 caudam
1974 475 2032 539 (ὅ
2080 487 2177 521 non
2214 471 2421 523 multum

152 544 336 593 excedo
387 558 474 608 pro
525 543 784 593 latitudine
838 545 1026 594 stellae.
1104 543 1237 593 Nihil
1293 546 1437 608 igitur
1465 551 1647 606 restat,
1704 545 1837 608 quod
1875 560 1964 594 nos
2014 544 2277 595 admodum
2315 551 2419 595 tor-

152 625 322 678 queat,
374 617 468 665 nisi
508 616 642 665 solus
682 623 730 666 et
767 619 940 666 unicus
978 617 1061 666 ille
1101 617 1237 666 locus
1275 632 1477 666 numero
1520 623 1613 680 22,
1670 633 1799 668 anno
1838 633 1902 668 sc.
1949 622 2103 670 1503.
2154 624 2235 668 30.
2278 618 2417 684 Sept.

134 689 269 751 ⁴Ejus
306 690 454 752 igitur
492 704 642 738 causa
681 691 962 755 computavi
1005 696 1044 747 (ς
1088 690 1199 739 loca
1237 692 1385 740 etiam
1425 690 1487 739 ad

858 779 917 814 26.
945 780 1055 820 Augu
1061 782 1124 814 sti.
1239 779 1292 814 16.
1319 780 1369 814 Se
1371 783 1462 855 ρισ-
1547 779 1603 815 22.
1631 779 1736 823 Sept.
1837 779 1893 816 28.
1920 781 2026 823 Sept.
2162 782 2194 818 1.
2220 781 2304 816 Oct.

598 826 656 866 Et
683 827 826 866 inveni
855 826 939 868 23⁰
968 829 1039 868 55¹
1069 830 1129 877 Π
1190 828 1230 867 5.
1262 791 1462 881 21¹l3p‘r
1409 850 1462 877 ,ρ
1530 828 1568 868 8.
1604 829 1656 868 17
1688 828 1743 876 ΞΕ
1808 829 1878 868 11.
1941 829 1967 867 6
1996 830 2052 877 ΞΒ
2117 831 2187 872 12.
2220 829 2275 869 25
2306 829 2360 877 Ξῖ

258 859 364 924 Cum
397 885 644 924 observator
671 886 827 935 prodat
856 887 926 926 23.
969 887 1025 926 53
1191 886 1319 928 5.15
1529 887 1574 929 8.
1634 886 1659 926 5
1811 884 1876 927 10.
1908 887 1964 926 45

148 943 231 983 Sed
261 955 336 994 per
376 954 495 982 suam
528 945 825 983 correctionem
857 946 930 984 24.
994 946 1019 985 3
1189 946 1227 985 5.
1262 945 1318 985 25
1525 945 1657 987 8.15
1808 945 1876 984 10.
1911 945 1964 984 55

295 1001 351 1040 At
381 1013 455 1052 per
484 1013 618 1040 meam
649 1002 694 1040 in
726 1003 817 1041 fixa
845 1005 918 1046 24.
989 1004 1013 1043 7
1182 1004 1223 1044 5.
1257 1005 1313 1043 29
1522 1004 1566 1046 8.
1599 1005 1652 1044 19
1807 1003 1875 1043 10.
1910 1003 1965 1043 59

428 1073 682 1113 Differentia
712 1059 2044 1129 ergo—*ffT—‘W—T—T-—ff’ss

290 1154 418 1202 Nam
456 1154 743 1203 observator
779 1162 946 1205 monet
984 1156 1047 1204 ad
1090 1162 1170 1206 16.
1211 1155 1378 1220 Sept.,
1429 1170 1481 1205 se
1522 1158 1568 1204 in
1608 1155 1685 1204 his
1726 1156 2156 1205 observationibus
2195 1157 2420 1218 posuisse

144 1228 291 1276 fixam
319 1228 367 1274 in
390 1225 533 1275 oculo
559 1228 605 1289 ὅ
630 1242 776 1290 super
803 1234 849 1278 2.
879 1233 945 1278 35
982 1231 1064 1290 Π,
1106 1243 1215 1278 cum
1243 1236 1405 1278 tamen
1445 1234 1640 1292 propter
1665 1234 1860 1277 motum·
1876 1230 2108 1293 temporis
2133 1229 2421 1288 intermedii,

147 1316 209 1350 cx
249 1314 346 1363 quo
386 1299 548 1349 locum
588 1299 693 1362 ejus
733 1302 1142 1364 investigaverat,
1196 1302 1420 1351 debuerit
1459 1302 1636 1350 addere
1681 1300 1792 1361 10¹,
1837 1317 1971 1364 quae
2011 1302 2277 1350 etiamnum
2316 1302 2424 1350 vult

146 1372 261 1423 addi
301 1373 526 1421 omnibus
563 1372 687 1421 locis
728 1374 1018 1423 observatis.
1093 1376 1200 1437 Ego
1243 1389 1359 1424 vcro
1399 1374 1463 1423 ad
1500 1375 1594 1424 hoc
1626 1380 1817 1437 tempus
1857 1376 2054 1424 invenio
2095 1374 2259 1430 locum
2296 1374 2423 1424 fixae

149 1462 207 1496 ex
249 1445 440 1509 epocha
476 1445 726 1509 Tychonis
765 1454 813 1495 et
851 1453 986 1496 motu
1025 1446 1229 1496 fixarum
1280 1449 1329 1495 in
1372 1453 1415 1497 2.
1463 1453 1548 1498 49.
1627 1446 1750 1495 Cum
1789 1449 1936 1509 igitur
1977 1448 2265 1496 observator
2303 1450 2424 1497 satis

146 1524 425 1568 constanter
461 1518 638 1582 prodat
677 1518 882 1568 eandem
922 1522 1237 1572 remotionem
1277 1520 1452 1570 Martis
1491 1521 1553 1569 ab
1596 1519 1893 1581 Aldebaran‚
1934 1535 2021 1583 per
2061 1519 2258 1568 diurnos
2295 1520 2426 1583 legi-

147 1594 292 1641 timos
331 1597 675 1654 augescentem
713 1590 845 1658 (nam
897 1593 1079 1640 nullius
1127 1595 1362 1642 momenti
1411 1592 1641 1642 censendi
1680 1598 1794 1641 sunt
1849 1592 2068 1642 defectus
2108 1598 2156 1642 et
2195 1607 2425 1643 excessus

147 1666 368 1725 extremi,
406 1664 644 1714 facientes
683 1666 731 1712 iu
771 1680 962 1714 summa
999 1679 1095 1714 non
1124 1666 1235 1729 plus
1275 1681 1424 1729 quam
1453 1662 1651 1732 18¹s2‘),
1694 1665 1899 1714 duorum
1938 1665 2143 1715 alterum
2184 1667 2300 1715 erit:
2341 1672 2428 1715 aut

150 1739 285 1787 Mars
326 1737 404 1786 die
445 1743 531 1789 30.
571 1737 704 1802 Sept.
759 1752 869 1787 cum
907 1744 1077 1788 ventre
1119 1741 1185 1800 Π
1226 1753 1323 1787 nou
1377 1739 1493 1800 fuit,
1546 1737 1634 1787 sed
1676 1743 1759 1787 29.
1800 1738 1966 1802 Sept.,
2021 1744 2107 1787 aut
2144 1744 2313 1788 venter
2356 1740 2423 1800 Π

146 1811 257 1860 loco
297 1817 459 1858 motus
496 1815 573 1858 est
622 1817 671 1859 et
710 1812 940 1860 remotior
988 1812 1146 1860 factus
1197 1813 1259 1860 ab
1301 1811 1610 1872 Aldebaran,
1668 1811 1799 1873 quod
1846 1813 2016 1875 procul
2065 1810 2215 1861 dubio
2255 1826 2426 1862 verum

146 1898 243 1933 non
283 1889 372 1933 est.
450 1884 578 1946 Ergo
616 1882 794 1933 salsum
832 1884 971 1933 diem*
1002 1884 1126 1933 dixit
1164 1884 1464 1934 WaltheruS.

294 1969 394 2020 Sed
418 1976 580 2020 exstat
603 1971 751 2033 hujus
777 1970 1173 2020 hallucinationis
1213 1970 1558 2019 documentum
1590 1985 1688 2020 non
1717 1971 1975 2018 obscurum
2002 1971 2051 2018 in
2077 1971 2184 2033 ipso
2212 1975 2426 2021 auctore.

151 2045 275 2094 Cum
301 2046 430 2093 enim
456 2044 756 2093 absolvisset
780 2046 1107 2092 narrationem
1135 2043 1195 2092 de
1224 2049 1306 2093 28.
1334 2043 1488 2107 Sept.,
1529 2046 1703 2092 transit
1729 2045 1895 2091 statim
1919 2043 1983 2092 ad
2016 2049 2060 2092 1.
2091 2041 2216 2104 Oct„
2245 2036 2426 2105 dicem,

150 2132 209 2167 eo
249 2117 327 2166 die
365 2117 614 2180 planetam
652 2122 790 2166 tanto
830 2117 1193 2166 orientaliorem
1232 2118 1380 2165 fuisse
1421 2122 1600 2166 octava
1628 2118 1722 2177 Π,
1763 2122 1947 2179 quanto
1984 2116 2029 2165 d.
2070 2122 2154 2165 29.
2195 2115 2330 2180 Sept.
2370 2132 2430 2167 ea

150 2192 294 2240 fuerit
321 2190 680 2252 occidentalior‚
722 2205 832 2240 cum
858 2196 1022 2239 tamen
1062 2190 1183 2238 nihil
1209 2190 1514 2253 praemiserit
1551 2189 1608 2238 de
1637 2190 1714 2238 die
1744 2194 1827 2238 29.
1856 2189 1990 2253 Sept.
2066 2190 2213 2252 Erg0‚
2255 2191 2427 2252 inquit,

153 2264 232 2313 die
267 2269 352 2314 30.
389 2264 483 2312 fuit
521 2277 688 2312 eorum
727 2263 1021 2326 conjunctio.
1086 2263 1395 2326 Sequeretur‚
1435 2263 1627 2311 sibene
1656 2263 1835 2311 citatus
1861 2262 2047 2323 fuisset,
2091 2267 2173 2311 29.
2201 2262 2430 2325 Septem-

154 2339 266 2385 bris.
331 2337 399 2385 At
426 2337 544 2399 quid
570 2339 613 2385 si
639 2336 862 2385 citandus
889 2336 1036 2386 fuerit
1063 2338 1147 2384 28.
1176 2335 1517 2399 Septembris?
1579 2335 1718 2384 Tunc
1764 2336 1894 2384 enim
1921 2340 1969 2384 et
1996 2336 2312 2384 observatum
2339 2341 2429 2397 est,

150 2425 249 2459 non
277 2411 361 2459 29.
388 2409 704 2474 Septembris,
746 2415 794 2458 et
832 2410 1175 2459 observatione
1214 2416 1262 2459 et
1301 2408 1490 2457 calculo
1528 2409 1738 2457 testibus
1778 2410 1914 2457 visus
1943 2415 2017 2457 est
2056 2409 2104 2456 in
2138 2413 2219 2457 10.
2251 2409 2317 2457 59
2348 2409 2431 2458 vel

158 2489 240 2534 11.
285 2488 312 2531 6
356 2479 448 2548 ὓ,
488 2481 786 2545 praecedens
825 2487 1044 2531 ventrem
1081 2481 1349 2531 secundum
1388 2480 1638 2544 Tychonis
1685 2495 1915 2530 numeros
1953 2496 2040 2544 per
2079 2483 2167 2530 35‘
2206 2480 2285 2530 vel
2327 2483 2428 2530 28‘.

153 2555 270 2605 Jam
314 2560 357 2604 1.
387 2553 492 2604 Oct.
533 2555 723 2604 calculo
761 2560 887 2603 teste
925 2555 1016 2603 fuit
1055 2556 1102 2602 in
1138 2550 1230 2603 120
1259 2556 1345 2603 25’
1373 2550 1464 2614 6““,
1506 2568 1716 2616 sequens
1749 2568 1836 2617 per
1863 2556 1965 2613 49¹,
2007 2554 2139 2616 quod
2166 2559 2241 2602 est
2277 2554 2429 2616 paulo

153 2629 263 2692 plus
321 2643 469 2690 quam
520 2627 659 2677 illud.
737 2628 797 2675 Et
838 2629 946 2690 quis
985 2644 1015 2676 a
1052 2628 1285 2676 memoria
1327 2626 1567 2675 Waltheri
1607 2627 1896 2688 quantitatis
1950 2629 1996 2673 in
2038 2626 2174 2675 coelo
2213 2626 2431 2675 absentis

160 2703 298 2750 visae
338 2708 387 2751 et
426 2715 587 2750 crasse
626 2704 914 2749 aestimatae
953 2701 1182 2763 scrupula
1221 2701 1412 2764 exiget,
1465 2698 1577 2747 dum
1618 2714 1725 2748 eam
1762 2699 1864 2762 jam
1903 2701 2213 2761 praeteritam
2252 2699 2432 2748 nudius

154 2789 266 2823 cum
316 2789 402 2834 ea,
454 2789 582 2836 quae
627 2774 731 2836 jam
772 2779 876 2823 erat
911 2787 1144 2836 praesens
1200 2778 1249 2821 et
1287 2772 1441 2820 oculis
1488 2771 1738 2833 subjecta,
1789 2772 2073 2834 comparat?
2148 2770 2247 2820 Sed
2284 2785 2428 2835 ponc,

155 2848 372 2911 praecise
409 2846 560 2896 fuisse
599 2847 832 2909 aequalia
870 2847 1144 2906 interstitia,
1183 2846 1436 2894 referretur
1476 2858 1589 2906 ergo
1627 2851 1796 2893 venter
1834 2859 1918 2908 per
1957 2845 2082 2893 hanc
2121 2845 2431 2893 observatio-

153 2935 263 2969 nem
303 2920 349 2967 d.
392 2924 476 2969 28.
520 2919 639 2984 Sept
678 2926 726 2968 et
770 2925 813 2968 1.
857 2917 964 2968 Oct.
1005 2921 1052 2966 in
1098 2915 1188 2967 110
1231 2920 1316 2966 38’
1359 2919 1451 2978 Π,
1493 2919 1711 2981 proxime
1746 2917 1934 2978 locum,
1975 2931 2121 2979 quem
2172 2919 2218 2965 ei
2257 2917 2429 2981 Tycho

155 2993 442 3055 assignavit.
520 2992 585 3040 At
623 2994 663 3041 si
703 2992 827 3041 haec
865 2992 1140 3054 aequalitas
1182 2990 1242 3039 de
1283 2996 1365 3039 29.
1407 2990 1540 3051 Sept.
1588 2997 1636 3037 et
1679 2994 1723 3040 1.
1767 2987 1873 3038 Oct.
1917 2995 2048 3038 esset
2099 2989 2429 3052 intelligenda,

158 3072 325 3115 venter
363 3071 624 3127 poneretur
663 3067 710 3113 in
756 3061 847 3114 11⁰
889 3064 973 3114 50⁴
1013 3064 1093 3113 vel
1130 3064 1275 3113 finem
1320 3061 1410 3111 120
1451 3059 1541 3128 Θ,
1585 3062 1715 3124 quod
1756 3067 1831 3111 est
1871 3060 2166 3111 incredibile.

304 3152 521 3202 Accedat
569 3155 716 3216 igitur
762 3154 936 3203 ceteris
994 3158 1058 3201 14
1098 3152 1341 3201 erroribus
1391 3151 1639 3212 scriptoris
1681 3150 1729 3195 in
1770 3148 1959 3210 Marte,
2015 3147 2124 3197 luce
2163 3148 2434 3199 meridiana

158 3225 459 3285 clarioribu8‚
501 3226 704 3275 accedat
741 3227 940 3289 inquam
979 3225 1059 3275 hic
1098 3239 1293 3288 quoque
1337 3228 1417 3272 15.
1457 3225 1503 3269 in
1545 3221 1637 3283 die,
1681 3221 1812 3284 quod
1851 3235 1909 3270 ex
1948 3222 2212 3283 praeterito
2253 3223 2429 3271 citatus

159 3300 222 3346 sit
273 3305 357 3348 29.
411 3314 499 3362 pro
550 3304 633 3348 28.
712 3298 822 3360 Quo
871 3298 1084 3347 admisso
1137 3303 1235 3346 stat
1288 3294 1503 3345 calculus
1547 3301 1617 3356 0²,
1673 3309 1763 3343 nec
1799 3294 1950 3343 habet
1989 3295 2279 3358 quicquam,
2332 3309 2428 3358 quo

157 3372 286 3421 circa
322 3386 476 3420 annos
517 3372 694 3421 abhinc
738 3376 837 3420 120
879 3377 927 3420 et
969 3375 1069 3420 170
1111 3371 1284 3420 erroris
1325 3375 1570 3430 arguatur.

302 3456 494 3506 Addam
552 3471 667 3507 vero
721 3459 868 3507 etiam
915 3472 1064 3506 unum
1119 3461 1455 3519 argumentum
1510 3469 1569 3502 ex
1609 3462 1668 3507 0(
1723 3448 1782 3520 Ἡ.
1830 3458 1874 3501 6.
1917 3451 2025 3502 Oct
2071 3458 2225 3504 1503
2305 3453 2427 3502 Cum

159 3531 285 3577 enim
339 3536 614 3594 computem
666 3530 828 3580 locum
873 3526 932 3598 Ἃ
981 3528 1073 3579 140
1114 3532 1200 3579 43‘
1242 3525 1308 3595 Q
1365 3542 1449 3590 per
1492 3527 1577 3575 18‘
1617 3523 1726 3587 plus
1768 3525 1925 3589 justo,
1966 3532 2020 3573 ut
2057 3527 2158 3575 fere
2198 3526 2343 3574 fuerit
2380 3527 2430 3572 in

167 3599 255 3650 140
297 3599 449 3669 23²s3¹
492 3600 590 3669 ὓ,
644 3605 782 3651 visus
834 3608 910 3651 est
949 3602 1092 3651 Marti
1139 3603 1339 3665 junctus
1378 3597 1643 3648 secundum
1683 3598 2061 3662 longitudinem,
2114 3613 2221 3647 cum
2262 3603 2426 3647 tamen

163 3682 439 3738 computem
478 3641 643 3725 locu’m
689 3683 726 3732 ό
777 3673 869 3724 140
895 3671 1050 3742 34¹l2‘
1089 3673 1180 3742 63,
1230 3676 1313 3723 11‘
1351 3672 1462 3735 plus
1497 3671 1649 3733 justo,
1692 3670 1820 3734 quod
1862 3670 2034 3730 solum,
2075 3685 2170 3718 non
2213 3684 2329 3719 vero
2360 3676 2428 3721 24

163 3746 472 3795 confirmatur
509 3763 540 3797 a
578 3754 662 3798 28.
703 3748 864 3812 Sept,
921 3753 945 3796 1
991 3747 1129 3808 Oct.-
1187 3746 1296 3793 vide
1347 3746 1449 3793 obs.
1498 3739 1575 3811 ἹΙ..
1655 3741 1783 3805 Quin
1835 3745 1931 3791 imo
1983 3746 2129 3791 etiam
2175 3747 2255 3792 13.
2299 3741 2426 3806 Oct„

167 3824 247 3870 16.
288 3819 440 3882 Nov.,
487 3826 568 3871 19.
608 3820 751 3884 Jan.,
797 3826 845 3873 9.
884 3819 1054 3883 Febr.,
1098 3825 1146 3871 8.
1185 3818 1351 3867 Martii
1392 3815 1503 3867 vide
1543 3828 1795 3867 excessum
1837 3816 2123 3866 confirmari.
