2554 4140
10 3907 17 3962 ἒ

1041 130 1177 179 Liber
1206 130 1397 176 Primus.
1453 173 1459 180 ,
1945 183 1950 187 ,
2242 103 2348 189 161

95 281 158 331 311
195 282 337 329 finem
385 280 532 340 hujus
585 280 737 340 partis
785 278 1147 342 philosophiae,
1201 292 1291 326 nec
1337 280 1431 326 nisi
1477 278 1539 326 ab
1587 271 1865 326 astronomo
1919 280 2074 340 possit
2125 278 2337 327 absolvi.

95 356 206 403 Non
243 355 368 404 enim
405 367 538 401 mera
579 351 722 399 debet
761 366 868 402 esse
906 351 1103 402 licentia
1128 353 1436 411 astronomis,
1475 350 1687 412 fingendi
1726 351 1963 412 quidlibet
1999 353 2103 400 sinc
2132 347 2334 409 ratione,

95 429 211 489 quin
250 431 438 488 oportet
486 432 540 473 ut
578 426 724 472 etiam
775 433 946 473 causas
982 424 1181 473 reddere
1230 426 1390 486 possis
1427 423 1705 485 probabiles
1744 424 2087 486 hypothesium
2126 430 2340 483 tuarum,

95 515 216 562 quas
252 513 340 561 pro
367 500 495 546 veris
521 499 911 558 apparentiarum
950 499 1111 547 causis
1138 496 1371 557 venditae,
1413 502 1460 545 et
1490 497 1561 548 sic
1598 493 1924 544 astronomiae
1950 503 2063 546 tuae
2102 499 2340 559 principia

94 575 226 635 prius
262 574 311 618 in
349 570 512 618 altiori
548 571 777 631 scientia,
829 577 949 633 puta
994 571 1200 634 physica
1241 569 1318 618 vel
1355 569 1716 632 metaphysica,
1757 569 2006 629 stabiliaS,
2054 584 2149 617 non
2189 572 2340 618 inter-

24 685 30 692 .
95 645 256 693 clusus
301 651 463 692 tamen
516 657 605 691 nec
657 644 719 691 ab
769 645 830 691 iis
869 646 1164 706 argumentis
1201 643 1536 704 geometriciS,
1587 641 1803 705 physicis
1859 642 1939 690 vel
1976 644 2341 706 metaphysicis,

94 732 219 780 quae
238 718 347 765 tibi
384 716 756 779 suppeditantur
793 717 855 765 ab
892 717 1000 778 ipsa
1039 714 1246 765 diexodo
1287 714 1570 778 disciplinae
1607 716 1831 778 propriae
1878 729 2023 776 super
2060 716 2232 779 1611116,
2282 715 2343 763 311

94 791 289 838 altiores
338 788 448 857 illas
495 788 775 850 disciplinas
820 790 1200 856 pertinentibuS‚
1253 787 1513 836 dummodo
1564 784 1749 836 6611361
1795 787 2018 850 principii
2056 789 2341 850 petitionem

94 863 376 912 admisceas.
452 862 562 910 Hoc
602 865 729 910 enim
766 868 912 924 pacto
950 861 1026 921 fit,
1068 868 1120 910 ut
1158 867 1464 910 astronomus
1503 859 1719 927 (compos
1757 860 1913 909 factus
1951 860 2218 909 hactenus
2224 876 2341 924 pro-

92 937 238 1000 positi
275 937 378 995 sui,
427 941 478 982 61
525 932 698 984 causas
748 941 979 987 motuum
1008 936 1358 996 excogitaverit
1403 937 1578 989 rationi
1610 939 1971 1006 consentaneas
2008 941 2056 981 et
2094 939 2234 995 aptas
2273 933 2334 981 ad

95 1007 347 1059 efficienda
385 1010 568 1066 omnia,
600 1023 748 1070 quae
786 1007 935 1056 habet
973 1009 1369 1056 observationum
1408 1007 1634 1068 historia)
1676 998 1799 1069 jam
1818 1008 1866 1052 in
1905 1021 2055 1054 unum
2094 1013 2343 1069 aspectum

94 1081 319 1140 adducat,
360 1095 486 1142 quae
522 1081 852 1143 particulatim
891 1087 1035 1128 antea
1072 1082 1346 1140 statuerat,
1391 1087 1439 1141 et
1477 1079 1782 1128 dissimulato
1821 1079 1915 1127 fine
1950 1079 2190 1133 hactenus
2228 1095 2344 1142 pro-

92 1156 250 1216 posito
302 1155 551 1218 (quiperat
588 1154 934 1202 demonstratio
973 1153 1357 1216 phaenomenon
1383 1161 1430 1202 et
1467 1152 1578 1217 inde
1615 1151 1891 1202 redundans
1930 1153 1978 1199 in
2018 1154 2172 1202 vitam
2211 1167 2345 1201 com-

93 1242 285 1275 munem
323 1225 528 1286 utilitas)
568 1228 794 1275 altiorem
831 1229 936 1289 ipse
973 1221 1118 1275 fin'em
1145 1240 1334 1274 summa
1373 1241 1483 1274 cum
1520 1225 1850 1287 gratulatione
1887 1223 2340 1288 philosophantium

94 1301 297 1359 affectet,
335 1298 400 1348 ad
437 1298 574 1347 illum
612 1300 760 1348 finem
798 1295 1086 1348 omnia'sua
1114 1299 1318 1368 placita,
1361 1306 1565 1348 rursum·
1591 1314 1687 1361 qua
1710 1295 2031 1362 geometricis,
2073 1314 2170 1361 qua
2207 1300 2336 1362 phy—

91 1374 205 1422 sicis
253 1373 549 1435 argumentis
591 1373 798 1433 1616131,
846 1368 1033 1421 scilicet
1081 1380 1136 1420 ut
1182 1373 1444 1435 genuinam
1490 1373 1694 1420 formam
1745 1377 1791 1419 et
1840 1372 2208 1435 dispositionem
2246 1387 2378 1420 seu.

7 1506 16 1513 ⁶
94 1448 460 1495 exornationem
497 1447 648 1494 totius
674 1445 841 1494 mundi
879 1451 1031 1508 ponat
1070 1446 1132 1493 ob
1160 1445 1365 1494 oculosa
1422 1445 1658 1507 Adeoque
1697 1446 1776 1494 hic
1815 1451 1889 1493 est
1925 1447 2196 1513 ipsissimus
2223 1446 2348 1493 liber
2410 1445 2413 1449 ’

93 1527 311 1579 naturae,
351 1515 402 1568 in
441 1529 538 1581 quo
577 1519 713 1568 Deus
753 1518 975 1568 conditor
999 1524 1152 1566 -suam
1191 1520 1451 1567 essentiam
1490 1532 1726 1581 suamque
1764 1519 2219 1581 voluntatemerga
2256 1518 2348 1566 ho·
2391 1551 2395 1555 -

90 1594 268 1641 minem
296 1608 354 1641 ex
381 1598 534 1654 parte,
576 1599 624 1641 61
649 1591 812 1659 ἀλογῳ
852 1591 1065 1655 quodam
1104 1593 1380 1654 scriptionis
1418 1606 1594 1654 genere
1620 1591 1898 1656 propalavit
1936 1597 2084 1664 atque
2114 1592 2343 1655 depinxit.

1032 1744 1115 1802 De
1163 1743 1391 1801 tabulis.

242 1882 378 1946 Quid
414 1889 599 1944 quarto
636 1885 742 1933 loco
780 1887 942 1947 ayitat
979 1884 1336 1933 astronomus?
1390 1883 1575 1946 Quarta
1626 1889 1673 1933 61
1712 1884 1882 1946 quinta
1918 1889 2081 1945 partes
2122 1882 2184 1931 ad
2222 1883 2346 1946 infe-
2383 1876 2387 1880 ’

92 1958 265 2005 rior-em
300 1955 446 2006 illum*
475 1956 620 2004 finem
657 1958 947 2018 referuntur,
981 1972 1156 2019 nempe
1194 1957 1257 2005 ad
1296 1958 1556 2006 utilitatem
1594 1959 1643 2004 in
1682 1960 1785 2019 vita
1824 1959 2081 2005 communi.
2160 1955 2346 2021 Quarta

92 2031 235 2089 enim,
264 2043 411 2091 quam
436 2030 884 2083 arithmeticam
905 2029 1166 2094 appellavi,
1198 2045 1371 2079 causas
1394 2039 1614 2079 motuum
1636 2033 1860 2079 inventas
1881 2032 2091 2078 numeris
2114 2029 2343 2092 applicat,

92 2100 602 2163 docens-methodum,
644 2118 743 2165 qua
781 2104 846 2153 ad
885 2103 1139 2166 quodlibet
1177 2109 1370 2166 tempus
1409 2118 1495 2174 seu
1534 2105 1847 2166 praeteritum
1878 2103 2219 2166 seu‘futurun'r
2255 2118 2347 2164 ap·-
2419 2147 2421 2149 .

0 2227 34 2252 ³·
90 2190 262 2238 parens
301 2174 426 2223 coeli
463 2174 612 2224 facies
652 2183 700 2224 et
753 2177 1073 2239 configuratio
1111 2175 1323 2225 siderum
1362 2183 1680 2239 computetur.
1714 2239 1719 2243 ,
1758 2176 1886 2225 Hinc
1935 2182 2199 2225 nascuntur
2245 2176 2347 2223 Ta-

1 2270 2 2277 *
89 2247 235 2298 bulae
273 2247 670 2309 Astronomicae,
725 2251 902 2312 quihus
950 2249 1208 2298 methodus
1241 2250 1346 2311 jam
1386 2249 1515 2298 dicta
1552 2250 1740 2299 facilior
1778 2255 1826 2298 61
1875 2251 2071 2298 brevior
2119 2245 2365 2309 6111611111,-

91 2335 240 2384 quare
276 2320 451 2369 Graeci
490 2335 572 2370 eas
612 2323 864 2385 appellant
903 2325 1126 2379 Κανονας
1163 2340 1463 2387 προχειρους,
1505 2322 1779 2385 cujusmodi
1816 2329 1929 2371 sunt
1966 2322 2186 2371 Tabulae
2227 2322 2349 2370 Pto-

2 2386 5 2467 }
90 2394 279 2454 lemaei,
320 2407 443 2456 quas
470 2395 787 2444 emendarunt
816 2403 926 2444 ante
968 2397 1072 2444 400
1113 2409 1264 2444 annos
1291 2395 1512 2444 Tabulae
1539 2392 1795 2459 Alphonsi,
1838 2402 1886 2445 et
1912 2401 2024 2444 ante
2053 2397 2119 2443 80
2147 2395 2345 2443 tabulae

92 2467 368 2530 Copernici,
421 2481 543 2528 quas
581 2467 884 2517 Reinholdus
925 2469 1206 2518 exactiores
1259 2470 1655 2533 copiosior-esque
1705 2469 1858 2518 factas
1911 2464 2182 2532 appellavit
2218 2468 2345 2516 Pru-

0 2550 5 2611 J
92 2543 290 2588 tenicas.
368 2537 606 2589 Omnibus
646 2556 762 2590 vero
801 2548 1165 2591 antecessorum
1201 2542 1403 2602 tabulis,
1446 2557 1556 2590 cum
1596 2557 1826 2593 erroneae
1865 2539 1986 2603 sint,
2026 2541 2346 2604 colophonem

0 2615 2 2630 '
93 2614 340 2674 imponere
370 2608 664 2674 pollicentur
702 2614 744 2662 Τ
760 2615 834 2663 ab
850 2614 954 2664 ula
969 2631 995 2665 e
1033 2614 1120 2663 Ru
1139 2614 1168 2662 d
1185 2614 1356 2677 olph‘
1344 2630 1399 2662 1n
1414 2630 1444 2664 a
1460 2630 1510 2674 6,
1548 2617 1621 2664 sic
1647 2616 1944 2678 indigetatae
1972 2632 2002 2676 3
2041 2615 2138 2678 Ty
2148 2614 2260 2697 cho
2275 2621 2305 2662 n
2322 2620 2348 2663 'e

7 2745 8 2750 ¹
92 2685 247 2734 Brah
264 2701 289 2734 e
305 2699 333 2734 o
372 2686 686 2748 affectaeque,
729 2702 855 2749 quae
894 2702 1022 2737 nunc
1061 2687 1220 2736 lucem
1259 2694 1558 2751 exspectant

232 2758 369 2807 Haec
394 2760 539 2821 igitur
565 2775 677 2822 pars
704 2760 987 2843 suppeditat
1012 2759 1335 2823 chronologis,
1376 2761 1651 2824 astrologis,
1691 2761 2087 2823 meteoroscopiS,
2131 2724 2347 2821 mediciS,

7 2815 11 2916 ’ὁ
91 2833 266 2893 nautis,
304 2831 547 2894 agricolis,
587 2829 826 2895 principia
859 2833 922 2882 ad
949 2839 1100 2884 artem
1139 2836 1314 2896 cuique
1351 2849 1492 2905 suam
1531 2835 1822 2884 necessaria.

425 2983 506 3040 De
555 2984 962 3053 instrumentis
1011 2985 1257 3057 sphaera
1301 2950 1591 3043 'materiali
1641 2988 1699 3043 et
1746 2985 2003 3044 theoriis.

252 3123 466 3172 Enarra
531 3126 683 3172 ctiam
742 3115 990 3186 quintam*
1035 3127 1261 3172 muneris
1318 3126 1642 3174 astronomici
1692 3131 1910 3188 partem.
2001 3123 2349 3188 Quinta·'pa1·s

93 3196 453 3245 mechanica
501 3195 627 3245 idem
666 3198 763 3245 sere
819 3204 1034 3259 praestat
1071 3193 1428 3258 instrumentis,
1484 3197 1614 3260 quod
1667 3204 1840 3260 quarta
1887 3201 2125 3260 numeris,
2179 3207 2349 3261 estque

93 3269 359 3331 multiplex.
435 3268 558 3316 Nam
585 3265 741 3332 primo
787 3269 1046 3318 famulatur
1084 3272 1209 3332 parti
1252 3270 1524 3331 historicae,
1567 3273 1682 3333 quia
1719 3277 1771 3319 ut
1799 3273 2180 3334 observationes,
2222 3287 2348 3334 quae

0 3344 1 3351 ’
92 3347 202 3390 sunt
238 3343 566 3391 astronomiae
604 3342 943 3402 fundamenta,
985 3344 1083 3390 sint
1121 3345 1391 3404 exquisitae
1429 3343 1809 3407 subtilitatisque
1848 3341 2166 3405 sufficientis,
2221 3346 2348 3394 oculi

0 3407 4 3421 '
92 3421 202 3474 sunt
251 3416 583 3463 instrumentis
634 3414 927 3478 adjuvandi,
983 3416 1158 3477 quibus
1212 3422 1258 3463 et
1307 3418 1481 3464 certius
1539 3417 1824 3478 6611166661,
1883 3425 1929 3467 61
1979 3420 2083 3467 sine
2138 3418 2348 3466 halluci-

0 3541 1 3551 ,
93 3487 287 3537 natione
333 3488 662 3550 minutiusque
710 3494 988 3549 numerent3
1050 3490 1099 3535 in
1147 3487 1239 3535 hoc
1287 3490 1449 3551 itaque
1497 3497 1878 3552 gencrexexstat
1921 3490 2044 3540 liber
2098 3491 2346 3554 Tychonis

94 3557 292 3619 Brabei,
342 3559 681 3610 Astronomiae
718 3566 1016 3610 restauratae
1055 3560 1346 3611 Mechanica
1385 3562 1566 3624 (116166,
1618 3578 1841 3626 magnam
1884 3566 2071 3627 copiam
2112 3556 2345 3612 exhibens

6 3642 12 3652 ’
95 3633 573 3693 exquisitissimorum
611 3636 1059 3692 instrumentorum,
1114 3648 1317 3694 quorum
1355 3643 1617 3698 apparatus
1657 3636 1798 3686 fidem
1838 3652 2074 3685 summam
2115 3636 2344 3689 conciliat

96 3702 514 3755 observationibus
552 3720 637 3769 per
674 3706 760 3755 illa
795 3707 975 3757 habitis
1016 3713 1062 3755 et
1100 3721 1131 3754 a
1168 3706 1358 3757 Braheo
1399 3711 1698 3773 conscriptis.

236 3776 350 3827 Jam
388 3792 505 3828 vero
532 3778 664 3842 quod
703 3781 875 3830 attinet
908 3786 1071 3842 partes
1097 3779 1466 3843 subsequentes,
1506 3789 1592 3831 aut
1618 3783 1841 3846 exempla
1878 3781 2099 3831 facienda
2137 3787 2348 3848 sunt-ex

95 3851 296 3900 materia
330 3849 507 3914 lignea,
549 3853 807 3914 metallica,
851 3853 1107 3903 chartacea
1145 3857 1192 3904 et
1227 3853 1490 3916 similibus,
1542 3857 1718 3919 quibus
1766 3856 2064 3921 hypotheses
2119 3859 2346 3903 astrono-
