2554 4140
174 158 279 206 254
307 155 311 159 ’
1000 147 1234 205 Epitomes
1265 147 1580 193 Astronomiae

179 299 342 349 Gilolo
383 304 431 347 et
470 297 694 347 Celebes:
749 297 797 359 1)
837 295 1062 356 Ternate,
1105 293 1156 356 2)
1197 293 1389 352 Tidore,
1432 295 1484 358 3)
1523 294 1776 358 Machian,
1819 298 1872 362 4)
1911 299 2143 349 Baebian.
2219 300 2336 350 Jam
2373 303 2436 363 in,

174 372 371 422 meridie
424 373 508 420 22.
547 369 844 433 Septembris
890 368 1036 417 fuerit
1073 366 1159 415 Sol
1196 366 1438 415 verticalis
1489 368 1676 418 insulae
1713 369 1978 434 Ternatae,
2027 372 2137 421 inde
2191 372 2426 423 decedens

174 459 343 494 versus
371 442 573 508 Celebes
617 443 788 490 transit
813 439 1022 502 Borneo,
1062 439 1354 499 Sumatram,
1395 438 1660 490 Maldivias
1698 443 1747 490 in
1775 457 1956 493 oceano
1983 444 2168 505 Indico,
2217 447 2424 495 Aethio-

173 519 305 580 piam
355 515 578 574 Africae,
630 529 866 564 oceanum
904 512 1231 571 Atlanticum,
1285 513 1332 558 in
1373 513 1599 561 America
1651 512 1928 578 Guajanam
1981 524 2029 565 et
2075 518 2306 566 Manoam
2356 519 2420 568 ad

171 589 399 638 Parimen
437 588 612 648 lacum,
654 601 984 649 oceanumque
1022 583 1316 644 Australem,
1358 585 1521 647 quoad
1547 586 1778 636 confectis
1805 590 1871 635 24
1899 590 2032 637 horis
2071 590 2147 639 die
2175 594 2258 639 23.
2287 591 2420 654 Sept.

176 677 235 711 ex
275 663 458 710 oriente
496 666 796 724 revertatur,
848 673 943 707 non
978 658 1082 720 jam
1121 655 1331 718 amplius
1369 671 1514 720 super
1552 657 1776 721 Ternate,
1815 660 1901 709 sed
1940 677 2085 724 super
2123 662 2325 724 Tidore,
2378 670 2426 713 et

174 734 251 783 die
291 735 374 782 24.
417 733 617 782 inferius
653 746 798 796 super
834 731 1052 780 Bachian
1091 729 1328 777 transiens
1366 731 1606 793 novisque
1644 732 1834 781 circulis
1873 734 2053 783 faciens
2092 737 2246 784 initia.

319 806 480 869 Atque
530 806 608 854 his
658 803 848 854 circulis
887 805 935 850 in
975 802 1122 851 Terra
1160 802 1408 863 finguntur
1445 810 1719 865 superstare
1770 807 1817 852 in
1857 807 2066 868 sphaera
2103 804 2434 871 perpendicu-¹

171 880 338 929 lariter
391 878 557 928 circuli
604 877 787 926 dierum
833 874 1150 935 naturalium,
1200 882 1254 922 ut
1292 875 1414 923 libro
1453 876 1666 924 secundo
1708 878 1927 940 doctum3
1974 893 2070 928 non
2109 879 2241 943 quod
2281 882 2426 929 etiam

176 955 224 1000 in
262 948 401 1002 coelo
439 951 551 1012 Sol,
593 949 783 999 deserta
826 944 1074 1010 ecliptica,
1114 950 1163 995 in
1203 947 1326 996 alias
1363 947 1566 996 fixarum
1604 948 1776 1013 plagas
1815 953 2112 1014 exspatietur
2161 953 2429 1002 secundum

174 1026 371 1074 ductum
416 1023 580 1073 circuli
631 1022 726 1072 diei
763 1021 1023 1080 1131013110,
1064 1019 1149 1068 sed
1189 1020 1328 1083 quia,
1380 1021 1420 1068 si
1459 1023 1508 1067 in
1546 1021 1711 1085 aliquo
1750 1026 1996 1087 superiore
2041 1023 2262 1088 laqueari
2301 1040 2424 1075 cavo

177 1100 457 1162 quiescente
496 1097 706 1159 vestigia
743 1094 872 1143 Solis
912 1093 1115 1155 ejusque
1155 1095 1321 1156 puncti
1361 1093 1572 1156 ecliptici
1621 1110 1818 1145 cerussa
1868 1098 1979 1160 quis
2018 1098 2195 1146 imitari
2243 1111 2292 1148 et
2340 1114 2428 1148 ex-

179 1172 383 1235 primere
420 1175 604 1233 posset,
646 1167 854 1217 circulus
893 1166 1005 1214 talis
1043 1165 1136 1214 hac
1173 1168 1423 1214 notatione
1463 1168 1821 1229 exprimeretur.

320 1244 481 1306 Atqui
516 1256 622 1291 non
658 1239 961 1302 respondent
1008 1239 1186 1286 circuli
1223 1238 1421 1286 dierum
1458 1241 1783 1288 naturalium
1822 1243 1876 1289 in
1915 1243 2046 1291 coelo
2049 1278 2070 1308 ,
2124 1244 2271 1290 sicuti
2309 1245 2427 1306 qui-

174 1316 286 1365 dem
324 1331 401 1365 eos
438 1315 750 1376 descripsisti,
790 1312 989 1360 circulis
1014 1311 1111 1359 illis
1147 1313 1203 1358 in
1236 1310 1407 1372 Terra,
1445 1325 1607 1374 neque
1626 1314 1797 1376 fiqura
1833 1328 1996 1376 neque
2020 1329 2249 1364 numero.
2291 1314 2429 1363 Nam

171 1389 380 1453 perfecti
416 1394 536 1456 sunt
577 1387 753 1435 circuli
798 1392 844 1433 et
893 1401 926 1433 a
963 1399 1012 1433 se
1048 1390 1228 1433 mutuo
1263 1398 1370 1433 non
1405 1382 1549 1445 nexi,
1603 1399 1708 1435 non
1747 1387 2028 1435 excedentes
2063 1387 2429 1449 lonyitudinem

173 1461 383 1526 perfecti
420 1460 598 1508 circuli
635 1461 919 1521 quantitate
956 1457 1313 1516 additamenti,
1363 1457 1499 1518 quod
1534 1459 1720 1507 accedit
1756 1461 1981 1522 inteyrae
2027 1459 2275 1509 volutioni
2319 1459 2431 1508 Tel-

173 1536 314 1596 luris,
353 1539 412 1582 ut
448 1533 549 1580 dies
570 1532 794 1594 perfecta
830 1533 892 1578 sit
901 1547 920 1592 ,-
960 1536 1004 1578 et
1040 1535 1161 1578 sunt
1195 1544 1409 1578 numero
1446 1530 1559 1590 180,
1599 1546 1714 1580 cum
1746 1531 1944 1581 dierum
1983 1535 2113 1581 anni
2131 1533 2291 1595 paria
2328 1535 2431 1581 sint

176 1608 271 1655 182
309 1607 386 1655 vel
423 1605 533 1654 183.
608 1603 870 1654 Familiare
909 1609 983 1652 est
1019 1604 1304 1665 geometris,
1357 1616 1444 1662 ea,
1494 1617 1621 1665 quae
1659 1610 1773 1653 sunt
1810 1606 2106 1667 irregularia,
2147 1619 2426 1654 accommo-

176 1679 289 1729 dare
326 1678 627 1742 regularibus
663 1678 881 1741 proxime
921 1674 1263 1724 accedentibus
1303 1673 1365 1723 ad
1402 1674 1604 1737 figuram
1643 1679 1959 1740 propositam,
2001 1679 2118 1727 artis
2159 1683 2207 1728 et
2231 1692 2430 1727 mensu-

177 1752 315 1802 randi
353 1766 526 1813 causa3
565 1766 678 1799 nam
717 1764 794 1798 ars
833 1748 968 1797 nulla
993 1750 1097 1797 sine
1138 1749 1278 1797 certis
1304 1747 1484 1811 regulis
1524 1753 1734 1799 exerceri
1759 1757 1937 1813 potest.
1998 1751 2076 1800 Ita
2113 1750 2191 1800 hic
2218 1765 2429 1815 quoque,

175 1826 402 1888 quamvis
451 1823 555 1873 dies
602 1822 837 1872 naturalis
886 1822 1094 1870 decurrit
1147 1822 1361 1880 interim,
1417 1819 1530 1868 dum
1576 1836 1673 1870 non
1722 1830 1910 1873 tantum
1964 1825 2152 1887 integra
2187 1823 2430 1873 revolutio

175 1897 385 1948 Telluris
438 1898 626 1957 existit,
676 1895 763 1946 sed
814 1893 959 1944 etiam
1004 1893 1245 1958 particula
1296 1893 1356 1942 de
1406 1894 1644 1944 subeunte
1692 1896 1847 1945 altera
1882 1896 2213 1957 revolutione,
2266 1901 2428 1945 tamen

177 1972 442 2020 astronomi
490 1975 772 2033 comparant
821 1974 978 2017 totum
1033 1967 1129 2017 diei
1176 1973 1365 2030 tempus
1416 1968 1628 2030 perfecto
1680 1976 1728 2018 et
1774 1970 1821 2016 in
1873 1984 1926 2018 se
1971 1969 2430 2030 redeunti-circulo,

178 2045 261 2107 qui
300 2043 578 2093 traducatur
611 2056 700 2106 per
736 2043 993 2090 terminum
1032 2039 1211 2104 gradus
1250 2039 1394 2100 Solis,
1433 2041 1705 2102 proximum
1742 2041 1852 2091 loco
1889 2040 2019 2091 Solis
2056 2056 2143 2106 per
2181 2040 2308 2091 diem
2353 2044 2430 2090 in-

178 2125 394 2181 tegram,
436 2131 494 2166 ac
532 2117 573 2164 si
609 2114 731 2163 nihil
770 2117 815 2163 ei
853 2113 1032 2163 circulo
1070 2115 1266 2176 insuper
1303 2111 1578 2175 accederet,
1630 2113 1708 2163 vel
1747 2129 1806 2163 ac
1843 2116 1884 2163 si
1924 2114 2009 2164 Sol
2047 2115 2234 2164 ratione
2271 2120 2432 2164 motus

175 2191 357 2254 proprii
397 2191 665 2252 quiesceret
701 2189 751 2234 in
790 2201 887 2235 uno
927 2184 1148 2249 quolibet
1185 2187 1323 2234 initio
1361 2184 1541 2248 gradus
1594 2186 1848 2250 eclipticae
1885 2201 1973 2251 per
2008 2189 2247 2251 integram
2285 2185 2428 2249 diem,

175 2271 350 2326 postea
385 2261 630 2311 subitoet
667 2262 716 2308 in
755 2266 999 2309 momento
1038 2258 1216 2307 saltum
1254 2258 1434 2307 faceret
1471 2257 1534 2307 ad
1573 2260 1764 2309 initium
1800 2260 1981 2324 gradus
2018 2262 2283 2324 sequentis.

322 2337 407 2396 An
446 2348 562 2384 vero
599 2337 669 2383 sic
703 2347 810 2382 non
835 2332 1078 2381 turbatur
1112 2331 1356 2380 certitudo
1381 2335 1777 2393 comparationis
1812 2337 2174 2397 rationumque
2199 2340 2430 2384 astrono-

177 2407 464 2457 micarum?
514 2405 757 2470 Quicquid
794 2420 879 2469 per
917 2405 1042 2453 hanc
1079 2403 1323 2453 fictionem
1361 2410 1618 2468 peccatur,
1657 2405 1706 2454 id
1744 2408 1937 2471 penitus
1976 2405 2258 2456 insensibile
2296 2413 2346 2455 et
2382 2408 2430 2454 in

177 2495 276 2531 una
313 2480 413 2542 die,
461 2493 611 2543 quare
655 2485 845 2528 veteres
890 2476 942 2526 id
979 2491 1076 2543 11011
1114 2476 1378 2526 curandum
1418 2485 1730 2538 censuerunt,
1785 2479 1916 2543 quod
1968 2478 2046 2528 hic
2085 2478 2434 2542 unaquaelibet

179 2555 282 2603 dies
319 2554 521 2603 seorsim
558 2551 911 2610 consideretur,
967 2564 1064 2599 non
1105 2565 1219 2600 vero
1260 2556 1314 2600 ut
1350 2552 1483 2615 prius
1520 2551 1789 2612 naturales,
1843 2553 1914 2603 sic
1960 2551 2040 2602 1110
2090 2554 2238 2602 etiam
2277 2551 2432 2602 artifi-

180 2626 327 2677 ciales
366 2626 555 2689 aliquot
592 2624 971 2675 accumulentur.

328 2699 589 2763 Quomodo
618 2700 882 2762 perficitur
918 2710 1158 2745 mensura
1204 2695 1303 2744 diei
1346 2697 1601 2759 noctisque
1637 2698 1955 2759 artificialis?
2009 2699 2050 2746 1.
2094 2697 2189 2746 Vel
2239 2698 2431 2758 01101110,

182 2775 224 2822 si
262 2772 530 2840 descriptus
569 2774 633 2821 sit
668 2774 716 2819 in
760 2770 968 2834 sphaera
1016 2768 1221 2817 circulus
1261 2767 1357 2816 diei
1408 2768 1657 2818 naturalis.
1734 2769 1860 2818 Nam
1900 2785 2025 2834 quae
2070 2776 2145 2819 est
2182 2770 2431 2833 proportio

187 2852 545 2909 segmentorum
584 2844 819 2907 cujusque
859 2841 1048 2903 circuli,
1100 2841 1333 2889 factorum
1373 2841 1436 2890 ab
1474 2840 1749 2902 horizonte,
1804 2842 1866 2891 ad
1905 2858 1957 2892 se
2010 2850 2178 2891 mutuo
2216 2845 2265 2890 in
2306 2856 2432 2906 quo-

185 2918 305 2967 libet
341 2918 521 2968 Terrae
558 2917 692 2979 loco,
741 2916 911 2967 eadem
951 2921 1026 2964 est
1063 2915 1134 2962 ibi
1172 2921 1220 2962 et
1258 2915 1508 2976 proportio
1548 2913 1644 2962 diei
1684 2913 1746 2962 ad
1785 2931 1924 2964 suam
1964 2923 2179 2976 noctem,
2231 2914 2345 2965 Sole
2383 2916 2432 2962 in

183 2991 267 3039 illo
306 2991 559 3054 eclipticae
597 2990 751 3054 gradu
777 2993 1022 3053 versante,
1058 3001 1145 3050 per
1169 3000 1315 3049 quem
1353 2988 1523 3035 transit
1549 2987 1772 3039 circulus.
1848 2988 1991 3037 Hanc
2027 2991 2264 3037 rationem
2293 2994 2433 3037 vete-

181 3078 258 3112 res
296 3070 552 3113 tenuerunt
590 3065 854 3127 praecipue
892 3063 942 3109 in
980 3059 1224 3110 metienda
1266 3059 1569 3122 longitudine
1609 3059 1706 3108 diei
1742 3064 1997 3124 noctisque
2037 3068 2084 3110 et
2121 3061 2433 3124 longissimae

182 3141 230 3184 et
267 3136 599 3197 brevissimae,
638 3150 695 3186 eo
735 3134 865 3199 quod
904 3148 1068 3184 eorum
1108 3131 1301 3194 circuli,
1346 3132 1440 3181 hoc
1478 3139 1551 3181 est
1589 3134 1783 3196 tropici,
1824 3135 1870 3180 in
1911 3134 2120 3197 sphaera
2158 3135 2434 3198 expriman-

182 3215 273 3270 tur,
313 3209 614 3271 potissimum
654 3210 716 3258 ob
755 3209 885 3257 hunc
921 3222 1081 3256 usum,
1159 3209 1206 3255 2.
1250 3205 1343 3254 Vel
1381 3204 1566 3254 calculo
1607 3212 1656 3254 et
1693 3213 1956 3268 aequatore
1986 3206 2179 3267 circulo,
2219 3221 2308 3256 seu
2346 3221 2434 3255 as-

185 3282 493 3330 censionibus
532 3281 743 3344 obliquis
782 3280 1192 3330 semicirculorum
1231 3278 1505 3343 eclipticae,
1557 3292 1760 3341 quorum
1802 3281 1884 3342 qui
1923 3279 2086 3327 locum
2123 3277 2253 3327 Solis
2293 3285 2435 3327 ante-

186 3353 328 3415 cedit,
370 3355 704 3403 ascensionem
727 3355 974 3416 obliquam
1013 3353 1175 3413 habet‚
1216 3353 1373 3399 noctis
1412 3350 1619 3400 indicem
1660 3357 1707 3399 et
1744 3364 2033 3412 mensuram,
2075 3352 2158 3414 qui
2198 3353 2430 3414 sequitur,

184 3426 292 3478 diei.
366 3426 429 3474 Et
474 3431 588 3474 tunc
631 3428 692 3474 15
731 3429 946 3490 praecise
995 3430 1214 3488 tempora
1261 3425 1540 3486 aequatoris
1589 3423 1772 3472 faciunt
1821 3423 1988 3472 horam
2029 3438 2175 3473 unam
2220 3423 2442 3472 mediam.

186 3513 274 3550 seu
314 3497 734 3562 aequinoctialem,
775 3502 915 3560 quasi
951 3498 1139 3546 nullum
1179 3496 1431 3546 accederet
1468 3497 1878 3557 additamentum3
1932 3498 2049 3559 quia
2087 3495 2250 3546 Solem
2287 3495 2432 3559 fingi-

183 3587 294 3621 mus
332 3573 382 3619 in
419 3573 563 3620 unico
603 3576 783 3634 puncto
822 3570 1074 3633 eclipticae
1112 3585 1198 3633 per
1236 3569 1364 3618 diem
1401 3569 1640 3633 integrum
1679 3570 1944 3631 quiescere.

335 3645 478 3709 Quae
515 3650 583 3692 est
618 3645 752 3691 ratio
788 3643 1023 3690 metiendi
1060 3642 1190 3691 diem
1229 3643 1306 3690 vel
1342 3649 1536 3692 noctem
1572 3643 1733 3705 illam,
1772 3657 1902 3704 quae
1939 3647 2131 3691 constat
2163 3655 2224 3690 ea:
2260 3640 2431 3690 multis

187 3718 359 3767 diebus
396 3715 763 3766 naturalibus?
812 3713 941 3775 Quia
988 3714 1151 3763 circuli
1199 3715 1384 3763 dierum
1431 3713 1725 3763 naturalium
1772 3728 1863 3763 nec
1899 3727 2100 3762 numero
2137 3713 2430 3776 respondent

189 3791 359 3839 diebus
371 3827 385 3851 ,
437 3802 528 3839 nec
565 3790 614 3836 in
659 3787 868 3851 sphaera
906 3788 1256 3851 exprimuntur,
1308 3789 1369 3836 iis
1407 3789 1554 3850 igitur
1589 3787 1777 3847 missiS,
1818 3789 2065 3849 quaeritur
2101 3798 2241 3835 arcus
2279 3781 2431 3848 eclip—

185 3865 312 3912 ticae
361 3868 595 3926 perpetuo
646 3874 887 3925 apparens
933 3873 1021 3926 per
1059 3858 1331 3908 doctrinam
1363 3868 1503 3922 parte
1547 3857 1763 3909 secunda
1798 3858 2042 3918 traditam.
2119 3857 2310 3908 Deinde
2345 3866 2430 3920 per
