2554 4140
915 144 1053 191 Liber
1079 145 1267 192 Primus.
1326 146 1439 192 Pars
1469 147 1635 194 Tertia.
1676 207 1681 213 ι
2298 153 2396 202 149

156 309 451 360 compressa,
504 294 816 343 sormamiovi
863 293 1221 365 quodammodo
1258 296 1466 345 imitans.
1541 295 1652 344 Hoc
1701 296 1849 359 igitur
1904 302 2131 346 causatur
2167 295 2395 346 refractio

154 370 412 418 radiorum.
486 367 611 416 Nam
651 367 795 416 docet
834 369 1009 432 optica,
1050 367 1361 418 refractiones
1399 370 1446 414 in
1486 382 1665 431 magna
1690 367 1817 418 Solis
1855 368 2112 419 altitudine
2153 384 2248 418 non
2290 384 2396 418 esse

154 442 425 502 sensibileS,
465 440 551 489 sed
590 447 692 487 tum
731 440 923 488 demum
962 440 1217 490 sensibiles
1257 440 1486 500 evadere,
1528 455 1635 489 cum
1674 440 1758 490 Sol
1797 440 2034 490 horizonti
2074 444 2266 491 vicinus
2304 448 2394 490 est.

154 515 329 577 Itaque
367 527 464 575 quo
502 512 733 561 humilius
773 519 847 562 est
885 513 1113 576 quodque
1152 520 1398 577 punctum,
1440 513 1534 573 h‘oc
1571 515 1726 576 magis
1764 513 2038 576 refringitur
2080 516 2188 578 eJus
2214 514 2394 575 radius,

151 587 244 635 hoc
290 588 435 636 etiam
484 585 721 635 elevatius
773 587 907 648 justo
959 586 1078 634 illud
1129 593 1343 650 apparet.
1423 585 1544 634 Cum
1594 588 1741 649 igitur
1796 588 2015 649 superior
2052 587 2180 636 Solis
2230 602 2396 650 margo

154 675 325 722 parum
364 660 600 708 elevatior
633 659 768 722 justo
808 665 1057 724 appareat,
1096 660 1223 707 imus
1263 658 1467 707 multum
1507 659 1742 707 elevatior
1775 659 1925 722 just0,
1967 660 2091 706 imus
2129 661 2283 722 igitur.
2312 674 2397 725 per
2418 702 2435 713 χ

149 733 484 781 refractionem
522 733 912 796 appropinquare
952 733 1188 794 superiori
1225 716 1492 793 videbitur,
1549 733 1716 795 itaque
1758 731 1990 780 distantia
2027 735 2288 794 superioris
2328 733 2390 781 ab

150 806 388 865 inferiori,
449 804 543 852 hoc
581 810 654 853 est
705 804 938 854 diameter
989 811 1147 854 erecta
1185 804 1376 854 videtur
1426 802 1695 867 contracta,
1726 802 2022 852 ‘transversa
2071 819 2166 853 non
2214 805 2394 867 itidem,

149 879 265 940 quia
303 885 606 927 transversae
646 884 861 926 extrema
899 878 1151 926 elevantur
1188 877 1470 940 aequaliter.
1828 871 1829 875 ¹

211 1010 221 1016 ο
296 953 350 1013 5)
391 950 559 1014 Tycho
606 950 768 1001 Brahe
814 950 1012 998 modum
1065 952 1281 1012 aperuit,
1335 950 1644 1005 refractiones
1703 948 1996 1000 observandi
2042 949 2287 1012 quotidie,
2344 951 2393 996 in

147 1022 300 1072 stellis
355 1026 612 1086 praecipue
651 1023 773 1071 fixiS.
849 1023 1001 1071 Verbi
1039 1037 1211 1079 causa,
1268 1022 1423 1072 cauda
1460 1023 1639 1072 Leonis
1679 1028 1725 1071 et
1763 1023 1911 1086 Spica
1947 1021 2166 1085 Virginis
2204 1036 2396 1086 semper

149 1095 331 1144 distant
367 1098 491 1144 inter
529 1112 580 1145 se
619 1110 733 1144 arcu
773 1095 943 1145 eodem
983 1095 1146 1144 circuli
1185 1097 1362 1157 magni,
1403 1098 1487 1158 qui
1527 1102 1599 1145 est
1640 1094 1733 1144 35⁰
1771 1099 1836 1145 2‘.
1913 1095 2022 1143 Hoc
2065 1097 2395 1143 instrumentis

59 1208 63 1212 .
148 1169 582 1236 deprehendimuS‚
622 1170 813 1231 quoties
853 1168 1141 1229 culminant,
1182 1170 1374 1230 quoties
1414 1175 1462 1217 et
1499 1168 1747 1228 occidunt,
1789 1170 1905 1231 q'uia
1943 1159 2042 1217 fe're
2081 1167 2225 1215 simul
2265 1169 2396 1216 ocei-
2424 1172 2437 1179 ’“
2513 1174 2519 1180 ·

148 1241 280 1289 dunt.
357 1242 569 1290 At-cum
609 1244 658 1289 in
686 1241 908 1291 orientali
947 1247 1082 1305 parte
1109 1237 1412 1289 coeli'cauda
1438 1241 1616 1290 Leonis
1643 1244 1850 1304 acquirit
1874 1240 2180 1299 altitudinem
2210 1236 2393 1307 34¹s2⁰²

146 1315 292 1377 Spica
331 1315 543 1378 Virginis
577 1315 681 1377 jam
720 1315 875 1364 videri
914 1316 1082 1379 incipit
1117 1315 1166 1361 in
1206 1314 1376 1362 eodem
1413 1314 1511 1363 sere
1551 1314 1924 1379 perpendicuIO,
1979 1315 2119 1376 quasi
2173 1315 2392 1372 oriretur,

146 1402 254 1436 cum
292 1395 454 1436 tamen
493 1402 543 1436 re
581 1403 698 1436 vera
737 1390 799 1436 sit
837 1387 998 1436 adhuc
1034 1387 1172 1448 infra,
1214 1388 1329 1449 quia
1366 1388 1476 1451 plus
1517 1402 1663 1451 quam
1704 1387 1798 1435 34⁰
1824 1385 1924 1447 3'0‘,
1966 1388 2191 1434 nimirum
2219 1383 2313 1434 350
2343 1388 2394 1432 2‘
2467 1397 2501 1427 Ἀ

42 1497 62 1505 Δ»
145 1475 176 1508 a
213 1461 370 1510 cauda
406 1461 585 1510 Leonis
624 1461 788 1509 distat.
868 1460 1028 1509 Causa
1079 1474 1267 1508 rursum
1307 1467 1379 1508 est
1422 1460 1565 1521 haec,
1627 1462 1743 1523 quia
1779 1459 1943 1508 radius
1991 1458 2175 1507 caudae
2215 1458 2397 1507 Leonis

144 1548 268 1596 pene
305 1534 424 1583 nihil
464 1535 761 1597 refringitur,
815 1540 1010 1598 propter
1048 1532 1352 1582 altitudinem
1391 1532 1560 1582 stellae
1600 1533 1986 1596 satis-‘magnam
2029 1532 2090 1580 ab
2130 1532 2397 1592 horizonte,

144 1606 319 1670 Spicae
360 1621 473 1656 vero
521 1607 686 1656 radius
724 1607 929 1655 multum
967 1607 1267 1673 refringitur,
1325 1607 1442 1668 quia
1481 1608 1640 1655 oriens
1693 1608 1743 1653 in
1779 1606 2035 1669 sphaeram
2075 1606 2200 1654 ae‘ris
2238 1600 2397 1652 radiat

16 1655 42 1685 ι’
112 1679 494 1743 -obliquissime,
533 1680 738 1729 multum
777 1682 925 1743 igitur
963 1680 1164 1728 videtur·
1195 1679 1376 1728 elevari
1415 1694 1562 1743 supra
1599 1680 1762 1728 locum
1796 1680 1984 1742 justum
2025 1670 2071 1727 et
2111 1680 2181 1727 sic
2207 1676 2421 1726 videtur·

46 1954 62 2012 ⁹.
141 1968 263 2013 dium
305 1968 410 2019 ΑΗ,
454 1969 699 2015 refractum
743 1970 922 2026 quidem
967 1971 1024 2014 in·
1059 1970 1173 2015 aeris

54 2064 57 2065 7
140 2038 306 2091 puncto
336 2033 371 2089 I,
405 2033 484 2078 sed
515 2047 687 2091 parum,
719 2040 764 2079 et
786 2040 970 2095 putetur
999 2048 1099 2080 esse
1129 2035 1175 2078 in

60 2127 71 2132 -
139 2099 196 2142 H.
259 2098 295 2142 G
318 2098 464 2156 Spica,
496 2113 611 2156 quae
632 2114 715 2157 per
738 2101 819 2145 AG
839 2101 1015 2147 radium
1035 2101 1175 2146 videri

24 2278 52 2335 ⁸.
135 2297 379 2354 impeditur
413 2304 589 2344 tumore
629 2301 797 2346 Terrae
838 2302 934 2347 AN.
1005 2291 1199 2347 Nihilo-¹

27 2450 30 2471 ι
62 2439 257 2491 “.⁴esse,
303 2431 408 2486 quia
441 2430 520 2474 GE
560 2431 823 2489 refringitur
851 2433 898 2477 in
929 2433 992 2490 E,
1037 2439 1082 2479 et
1111 2448 1178 2479 re-

41 2537 50 2548 ,
135 2495 307 2540 fractus
336 2496 420 2541 EA
449 2496 653 2553 pervenit
695 2497 753 2542 ad
785 2498 965 2544 oculum
994 2499 1057 2556 A,
1105 2501 1181 2556 qui

143 1755 531 1817 appropinquare
571 1753 755 1802 caudae
795 1767 942 1816 supra
979 1767 1031 1801 se
1070 1754 1233 1819 stanti.

258 1836 326 1881 Sit
344 1837 384 1881 A
413 1837 534 1881 visus
564 1836 611 1881 in
633 1836 788 1890 Terrag
818 1836 939 1881 AEC
957 1835 1077 1880 linea
1097 1836 1175 1881 ho·
1591 1844 1594 1850 ¹
1699 1835 1785 1877 Fig.
1811 1833 1866 1868 20·

139 1903 344 1959 rizontis,
385 1903 529 1949 cauda
558 1903 724 1948 Leonis
762 1903 968 1949 videatur
995 1915 1076 1960 per
1105 1915 1174 1946 ra-

140 2165 308 2222 debuit,
339 2172 387 2210 at
414 2179 507 2211 non
536 2166 726 2224 videtur,
757 2181 857 2212 cum
888 2168 1086 2213 nondum
1117 2168 1176 2211 sit
1203 2203 1205 2205 .

140 2235 241 2276 orta
276 2245 412 2288 super
447 2233 524 2278 AC
560 2234 863 2286 horizontem,
903 2235 1055 2291 itaque
1093 2233 1176 2278 AG

137 2365 284 2408 minus
316 2363 493 2409 videtur
537 2378 618 2422 per
646 2366 728 2410 ΑΕ
774 2372 819 2411 et
849 2373 1038 2424 putatur
1066 2369 1113 2414 in
1145 2370 1178 2414 C

83 2561 86 2563 ’
136 2562 295 2607 oculus
326 2569 459 2619 putat
479 2563 576 2614 ΑΕ,
608 2562 691 2607 EG
714 2576 815 2609 esse
846 2578 982 2610 unam
1010 2571 1181 2611 rectam

137 2628 270 2673 AEC.
331 2630 492 2684 Itaque
530 2642 612 2686 pro
651 2629 815 2686 angulo
854 2631 982 2675 HAG
1022 2630 1180 2689 depre-

139 2694 352 2739 henditux
383 2695 573 2752 angulus
605 2696 726 2741 HAC
762 2696 918 2742 minor.

292 2771 430 2821 Unde
476 2765 699 2834 primum
749 2775 974 2823 innotuit
1013 2781 1176 2824 astro-

138 2847 299 2894 nomis
339 2845 554 2895 altitudo
591 2846 761 2894 aeris?
797 2848 869 2895 Ex
895 2851 1256 2911 comparatione
1295 2862 1585 2922 quantitatis
1623 2863 1966 2913 refractionum
2000 2866 2055 2913 vet
2094 2879 2202 2914 cum
2242 2866 2396 2915 oritur

138 2917 270 2966 sidus
311 2925 359 2966 et
398 2934 504 2968 cum
544 2920 591 2966 in
630 2918 846 2981 aliquam
884 2919 1069 2968 tollitur
1106 2921 1426 2981 altitudinem.

287 2991 429 3054 Quae
466 2997 586 3040 sunt
622 3007 681 3040 ex
718 2995 891 3055 opticis
926 2998 1268 3061 praesciencia,
1309 3012 1367 3053 ut
1391 3007 1648 3056 methodus
1673 3010 1768 3056 ista
1796 3009 1933 3057 tradi
1955 3011 2147 3072 possit?
2207 3009 2389 3072 Prinne,

140 3077 235 3127 quo
276 3068 431 3129 magis
470 3063 730 3114 inclinatur
766 3066 931 3114 radius
969 3066 1098 3116 Solis
1137 3075 1216 3124 vel
1254 3077 1425 3126 stellae
1464 3093 1608 3142 super
1636 3081 1939 3143 superficiem
1971 3084 2112 3144 ae‘ris,
2153 3087 2207 3132 ut
2245 3084 2391 3134 medii

140 3136 389 3200 densioriS,
430 3138 523 3187 hoc
560 3139 715 3201 magis
755 3139 1058 3205 refringitur3
1099 3142 1263 3211 itaque
1287 3150 1467 3210 radiuS,
1509 3154 1592 3214 qui
1620 3154 1877 3215 sphaeram
1902 3156 2028 3204 aeris
2067 3158 2235 3219 tangit,
2276 3158 2392 3220 plu-

139 3211 308 3259 rimum
347 3214 395 3259 in
436 3217 659 3260 contactu
700 3212 988 3275 refringitur.
1064 3216 1207 3268 Radii
1257 3227 1416 3271 tamen
1457 3225 1504 3270 in
1543 3232 1723 3287 puncto
1772 3227 2071 3277 refractionis
2127 3244 2295 3278 omnes
2337 3246 2389 3280 sc

72 3305 78 3309 ‚
138 3289 306 3332 mutuo
345 3292 512 3334 secant
549 3291 597 3333 et
635 3288 933 3347 superiorum
972 3287 1019 3334 in
1048 3304 1155 3340 raro
1193 3295 1380 3344 refracti
1407 3297 1454 3343 in
1484 3296 1632 3346 denso
1660 3305 1773 3348 sunt
1813 3298 2076 3351 inferiores.
2141 3293 2384 3364 Secundo,

137 3359 384 3420 proportio
424 3359 645 3408 binorum
682 3359 980 3408 refractionis
1019 3366 1308 3425 angulorum
1346 3372 1648 3435 componitur
1688 3387 1747 3421 ex
1774 3356 2386 3439 duabus'proportionibus

57 3497 72 3514 .
139 3428 263 3490 aliis,
305 3445 505 3493 quarum
544 3446 640 3479 una
680 3438 753 3480 est
791 3434 914 3481 inter
952 3435 1157 3498 angulos
1195 3439 1591 3505 inclinationum,
1647 3459 1851 3507 quarum
1887 3454 2001 3496 sunt
2048 3449 2378 3510 refractioneS‚

141 3504 425 3552 constitutos
473 3508 597 3553 intra
652 3504 862 3554 medium
922 3507 1144 3570 densum,
1203 3512 1355 3561 altera
1408 3517 1530 3565 inter
1581 3530 1748 3566 eorum
1798 3520 2086 3583 angulorum
2139 3527 2378 3573 secantes,

139 3574 310 3639 Itaque
364 3577 478 3626 data
525 3578 810 3628 refractione
862 3581 1004 3628 unius
1057 3583 1381 3634 inclinationis
1433 3595 1619 3650 certae,
1676 3590 1851 3640 dantur
1890 3595 2034 3642 etiam
2074 3593 2386 3643 refractiones

35 3647 63 3728 ἕ·
141 3654 408 3698 ceterarum
446 3651 828 3701 inclinationum.
905 3654 1084 3716 Tertio,
1126 3671 1233 3706 cum
1272 3662 1395 3708 aeris
1420 3660 1628 3724 sphaera
1667 3665 1928 3714 circumdet
1962 3665 2162 3729 globum
2190 3667 2386 3731 Terrae,

139 3734 262 3769 unus
301 3724 446 3785 igitur
483 3731 532 3774 et
568 3724 696 3773 idem
736 3725 898 3775 radius
937 3729 986 3774 in
1026 3732 1135 3778 a‘ere
1174 3730 1314 3780 aliter
1351 3748 1495 3796 super
1518 3735 1720 3784 Terram
1755 3738 2028 3798 inclinatur,
2069 3739 2208 3787 aliter
2236 3753 2380 3800 super

139 3795 262 3842 aeris
301 3810 472 3844 cavam
510 3798 838 3861 superficiem,
883 3805 930 3849 ct
968 3803 1049 3862 qui
1088 3804 1243 3866 tangit
1279 3804 1503 3867 Terram,
1545 3807 1708 3857 radius
1747 3824 1919 3874 nempe
1958 3810 2129 3860 sideris
2171 3812 2383 3872 orientis„

138 3865 179 3916 is
223 3875 356 3918 secat
409 3873 534 3921 aeris
588 3873 905 3936 superficiem.
983 3874 1188 3941 Quart0,
1244 3890 1351 3930 cum
1403 3880 1718 3932 observamus
1765 3884 2077 3940 rest-actiones
2124 3883 2382 3947 radiorum,
