2554 4140
228 141 331 189 320
1095 130 1330 187 Epitomes
1360 133 1673 177 Astronomiae

379 281 643 347 Quomodo
680 281 799 329 hinc
835 281 1114 329 exstruitur
1148 281 1330 342 species
1359 280 1512 339 plani
1548 279 1924 331 dodecae'driei?
1961 281 2147 344 Anguli
2183 283 2382 346 figurae,
2422 291 2476 334 ut

223 358 327 420 jam
367 356 548 404 dictum
595 359 691 415 est,
741 352 919 402 debent
967 367 1072 402 csse
1112 353 1204 412 20,
1252 353 1394 399 trium
1433 351 1614 414 singuli
1663 352 1926 415 linearum,
1979 370 2182 418 quarum
2231 356 2477 419 quaelibet

229 429 291 478 ad
341 429 482 489 binos
533 425 772 476 concurrit
819 425 1052 488 angulos,
1103 432 1199 474 tres
1246 425 1438 472 termini
1491 426 1642 474 vicies
1679 433 1793 475 sunt
1830 429 1919 488 60,
1974 429 2074 476 bini
2124 444 2240 478 vero
2288 431 2476 478 termini

229 499 463 550 claudunt
511 513 660 548 unam
709 497 915 547 lineam:
969 513 1084 561 ergo
1133 496 1292 544 lineae
1338 511 1427 545 seu
1473 498 1627 546 latera
1675 498 1858 561 figurae
1896 508 2009 549 sunt
2050 502 2143 561 30,
2196 516 2321 564 quae
2367 509 2479 550 sunt

227 579 472 636 potestate
512 573 595 632 60,
634 577 858 636 respectu
896 570 1152 634 planorum
1189 568 1401 630 figurae;
1441 569 1696 631 quodlibet
1729 574 1856 620 enim
1893 572 2077 635 figurae
2115 572 2243 622 latus
2281 573 2344 622 ad
2384 573 2479 622 duo

225 646 374 709 plana
411 646 670 695 concurrit.
748 644 1016 706 Sexaginta
1066 654 1183 691 vero
1221 640 1381 691 lineae
1431 657 1518 691 seu
1557 643 1711 692 latera
1747 645 1895 707 plana
1933 644 2092 694 divisa
2139 648 2188 693 in
2227 645 2482 696 duodecim

227 721 392 782 plana,
429 718 614 781 figurae
652 717 768 766 huic
803 715 990 765 solidae
1026 715 1316 776 necessaria,
1356 721 1558 777 quotum
1595 715 1814 765 indicant
1841 719 2068 780 quinque.
2143 718 2300 768 Plana
2337 720 2482 782 igitur

226 798 342 840 sunt
379 789 767 855 quinquelatera.
842 790 916 837 Ex
954 789 1111 837 auctis
1137 789 1286 851 igitur
1323 801 1512 836 rursum
1540 789 1748 852 primum
1787 789 1862 839 est
1889 789 2263 863 dodecaiidrum2
2297 791 2492 841 babens·

225 863 375 927 plana
413 861 872 928 quinquangularia.

374 937 499 1002 Quis
536 943 605 985 est
642 942 784 985 ortus
820 932 1247 983 secundariorum
1285 938 1331 980 et
1356 947 1517 995 quare
1552 939 1753 984 tantum
1778 935 1951 983 duae?
2003 935 2180 985 Tribus
2201 936 2276 986 his
2304 936 2482 1000 figuris,

228 1011 377 1072 cub0‚
429 1007 698 1069 tetrae'dro,
757 1004 1088 1065 dodecae‘dro,
1141 1011 1237 1055 tres
1276 1004 1472 1069 quidem
1509 1005 1636 1056 aliae
1670 1006 1990 1071 respondent,
2037 1009 2123 1058 sed
2156 1016 2268 1059 'una
2320 1023 2484 1059 earum

226 1082 456 1133 coincidit
494 1097 602 1131 cum
641 1095 733 1129 sua
758 1080 1012 1142 primaria3
1054 1085 1102 1127 et
1139 1079 1274 1141 ipsae
1312 1092 1506 1142 quoque
1544 1078 1808 1143 gignuntur
1847 1080 2164 1133 diminutione
2202 1086 2348 1131 trium
2383 1084 2486 1146 pri-

224 1157 500 1216 mariarum‚
540 1153 627 1203 sed
657 1153 973 1202 diminutione
1012 1153 1203 1215 generis
1230 1150 1424 1212 diversi,
1464 1152 1548 1201 nbi
1574 1167 1670 1202 non
1709 1153 1839 1203 latus
1867 1168 1955 1216 pro
1994 1154 2142 1217 plano
2169 1155 2483 1219 relinquatur,

223 1228 309 1279 sed
358 1227 590 1291 angulus,
642 1241 730 1290 pro
786 1224 1041 1289 superficie
1095 1224 1284 1274 scilicet
1330 1226 1588 1287 primariae
1627 1225 1811 1288 figurae
1850 1241 1946 1275 non
1985 1226 2117 1277 linea
2153 1229 2483 1289 secundariae,

477 1328 559 1368 mg.
583 1326 639 1359 56.
1186 1325 1268 1366 rig.
1294 1325 1351 1358 57.
1624 1298 1711 1348 sed
1734 1306 1982 1363 punctum,
2022 1308 2247 1351 manente
2282 1302 2487 1351 laterum

1625 1387 1853 1435 numer03
1890 1373 2034 1422 simul
2059 1381 2221 1424 autem
2246 1373 2317 1442 (ut
2338 1374 2487 1438 prius)

1550 1568 1559 1583 ἱ
1626 1533 1715 1581 pro
1754 1519 1933 1582 angulo
1971 1522 2255 1584 primariae,
2294 1527 2344 1570 et
2379 1519 2491 1584 pla-

1545 1662 1550 1673 ³
1629 1664 1837 1728 angulus
1887 1668 2103 1730 primarii
2144 1668 2219 1716 sui
2258 1673 2332 1719 est
2369 1665 2491 1714 trili-

1542 1733 1550 1790 ³J
1628 1739 1813 1800 neatis,
1858 1742 2090 1789 connexis
2127 1741 2281 1789 tribus
2320 1741 2492 1788 centris

1629 1812 1774 1860 trium
1811 1812 2065 1875 planorum
2099 1814 2371 1877 primariae,
2409 1825 2493 1860 so-

1542 1888 1545 1890 “
1630 1884 1782 1932 lidum
1803 1882 2034 1949 angulum
2054 1884 2487 1936 circumstantibus.

1630 1956 1755 2006 Sunt
1779 1959 1927 2021 igitur
1962 1961 2084 2009 istae
2110 1957 2323 2009 secundo
2353 1957 2492 2020 geni-

1631 2035 1710 2080 tae
1727 2030 1878 2080 veluti
1900 2031 2140 2095 quaedam
2157 2034 2371 2096 priorum
2389 2031 2491 2079 vis-

1754 2109 1906 2154 cera.'
1941 2105 2064 2155 Nam
2091 2105 2221 2155 cadit
2257 2104 2316 2154 de
2350 2103 2491 2163 cubo,

1748 2178 1982 2240 quicquid
2024 2180 2235 2228 exterius
2273 2182 2491 2240 apparet,

1745 2249 2084 2314 relinquuntur
2122 2251 2182 2300 de
2215 2265 2272 2300 eo
2312 2247 2420 2298 sola
2458 2249 2487 2296 6

1745 2331 1923 2385 centra,
1966 2324 2102 2374 velut
2122 2323 2342 2373 umbilici
2379 2322 2490 2384 qui-

1512 2443 1523 2457 ,
1747 2395 1861 2446 dam
1906 2398 1935 2445 6
1962 2397 2236 2461 planorum,
2275 2395 2487 2457 fiuntque

1535 2485 1569 2539 χ
1750 2470 1919 2533 anguli
1955 2484 2117 2520 novae
2157 2470 2341 2533 figurae
2378 2481 2486 2516 sex:

1751 2549 1800 2591 et
1851 2544 1967 2663 quia
2024 2544 2176 2592 cubus
2233 2541 2407 2591 habuit
2430 2539 2492 2659 ἰ8’

1607 2618 1627 2651 N
2202 2616 2214 2627 '
2447 2611 2488 2659 is

1483 2646 1675 2759 NS>
1755 2616 2487 2752 323222⁸’8⁶{·1¹;2;⁸323.12„1.

1220 2742 1695 2780 ‘·“'“···-’··³⁸
1756 2761 2070 2824 aequilatera,
2090 2761 2360 2823 diciturque
2373 2755 2483 2806 inde

1263 2837 1540 2901 octaedron,
1579 2837 1708 2902 quod
1757 2841 1831 2883 est
1862 2840 2007 2891 sexta
2042 2850 2156 2899 pars
2197 2833 2309 2882 cubi
2347 2831 2438 2880 sui.
2477 2881 2482 2887 ,

1409 2912 1490 2961 Sic
1543 2910 1602 2961 de
1653 2907 1925 2962 tetraedro:
1975 2922 2062 2971 pro
2102 2909 2134 2956 4
2184 2907 2290 2969 ejus
2326 2902 2483 2973 planis

1266 2984 1671 3047 triangularibus,
1712 2982 2069 3034 constituuntur
2107 2982 2140 3028 4
2165 2978 2360 3042 anguli3
2398 2988 2484 3046 pro

1269 3058 1302 3104 4
1329 3055 1524 3121 angulis
1562 3059 1595 3105 4
1623 3054 1882 3120 triangula,
1922 3056 2168 3116 oriturque
2208 3051 2362 3114 figura
2401 3062 2484 3099 ea·

1269 3129 1377 3178 dem
1401 3144 1510 3178 cum
1536 3144 1627 3178 sua
1652 3130 1903 3194 primaria:
1943 3128 2108 3190 itaque
2134 3139 2221 3189 pro
2241 3138 2371 3173 nova
2389 3131 2482 3170 nou

1269 3211 1505 3252 censetur.
1571 3203 1659 3252 Est
1692 3209 1855 3252 autem
1878 3214 1991 3263 pars
2018 3199 2249 3248 vicesima
2279 3195 2483 3260 septima

1217 3275 1222 3298 ¹
1267 3275 1510 3336 tetrae'dri,
1529 3278 1605 3324 cui
1621 3277 1900 3339 inscriptum
1916 3278 2005 3322 est.
2023 3272 2104 3321 Sic
2121 3277 2195 3321 est
2212 3272 2357 3320 etiam
2377 3280 2480 3317 cum

1271 3347 1600 3413 dodecae'dro‚
1638 3348 1770 3412 quod
1803 3344 1866 3410 de·
1899 3347 2000 3394 suis
2043 3346 2105 3392 12
2146 3343 2348 3394 basibus
2382 3339 2480 3388 lar-

1271 3417 1402 3484 gitur
1438 3435 1599 3470 novae
1635 3422 1820 3484 figurae
1852 3410 1926 3466 512
1968 3417 2198 3480 angulos,
2249 3429 2336 3479 pro
2381 3412 2480 3462 suis

1271 3495 1340 3542 20
1393 3493 1588 3557 angulis
1633 3495 1838 3557 largitur
1882 3489 2201 3539 secundariae
2246 3501 2364 3536 suae
2412 3482 2478 3532 20

1270 3566 1412 3614 bases
1462 3567 1755 3629 triangulam,
1808 3562 1937 3612 unde
1990 3563 2145 3626 figura
2197 3557 2476 3610 icosaedron

1421 3785 1805 3832 Primariarum
1853 3797 1963 3831 una
2000 3782 2333 3831 diminutione
2369 3771 2479 3823 cubi

1267 3857 1373 3918 fuit
1408 3860 1593 3919 yenita,
1630 3853 2188 3932 unqfflnzentatione.
2254 3852 2350 3899 Hic
2363 3850 2475 3907 jam

1527 1467 1541 1473 =>
1626 1444 1828 1508 planum
1871 1446 2186 1497 secundariae
2233 1454 2489 1512 generatur
2547 1491 2549 1497 .

1547 1586 1556 1646 ‚³
1627 1606 1744 1641 num
1783 1592 1978 1655 quidem
2017 1594 2337 1657 triangulare,
2378 1594 2492 1655 quia
2550 1651 2554 1657 ᾖ

1272 3638 1469 3694 dicitur:
1509 3646 1680 3702 estque
1716 3636 1864 3702 paulo
1904 3638 2062 3684 minus
2090 3633 2290 3683 dimidio
2327 3627 2478 3680 dode-
2536 3664 2554 3690 s·

1274 3711 1435 3760 caedri
1473 3714 1566 3762 sui.
2460 3735 2463 3738 -
2535 3730 2539 3739 ·

2532 3777 2554 3843 ’4
