2560 4100
199 119 267 168 50
826 112 1060 169 Epistolae
1089 112 1275 170 Kepleri
1304 112 1583 169 aliorumque
1613 117 1796 158 mutuae

322 261 439 312 ‚Sed
483 261 649 309 finiam
698 275 807 309 cum
860 262 1042 325 pagina
1086 261 1339 310 historiam
1387 261 1569 309 itineris
1606 262 1718 310 mei.
1794 261 1868 309 Ex
1906 275 2004 324 quo
2052 275 2160 310 sum
2196 275 2436 321 reversuS,

197 335 385 384 nullum
423 348 520 382 non
556 347 732 383 moveo
766 334 993 398 lapidem,
1035 340 1093 383 ut
1128 334 1192 383 ad
1230 335 1492 384 editionem
1530 333 1804 382 tabularum
1835 336 2046 383 veniam.
2120 335 2245 383 Nam
2271 335 2442 382 triente

197 414 389 472 recepto
427 408 783 470 assignatorum
833 414 1080 458 sumtuum
1119 422 1275 470 eoque
1314 405 1606 469 Campiduni
1644 406 1907 468 collocato,
1956 408 2060 470 jam
2109 407 2168 456 de
2215 408 2358 456 bonis
2397 412 2445 455 et

203 481 437 531 reditibus
474 481 524 527 in
562 480 656 530 hac
691 482 945 544 provincia
981 486 1168 530 sumtus
1195 478 1415 542 expedio.
1492 478 1590 527 Sed
1615 479 1949 528 difficillimam
1973 479 2067 530 hoc
2092 486 2307 544 tempore
2346 494 2444 527 rem

202 559 364 603 tento:
421 554 601 616 quippe
647 555 1000 603 reformationis
1047 554 1310 602 acerbitate
1363 566 1552 600 summa
1606 553 1718 600 imis
1761 558 2028 602 vertuntur.
2103 554 2167 602 Et
2215 551 2447 601 audivisti

201 627 364 675 forsan
419 626 752 691 (divulgarunt
807 629 933 677 enim
989 625 1363 690 Ephemeridum
1415 625 1694 687 scriptores)
1752 627 2159 689 circumscriptam
2222 632 2270 675 et
2326 625 2446 673 mihi

199 694 560 760 bibliothecam,
602 702 824 763 quamvis
861 701 978 749 mihi
1018 699 1180 748 aulica
1215 699 1462 746 functione
1499 698 1708 746 subnixo
1733 698 2010 747 immunitas
2036 705 2164 748 esset
2188 699 2445 762 promissa.

203 772 382 820 Verum
421 771 554 821 illam
592 773 866 823 molestiam
902 775 1117 822 levatam
1157 767 1404 832 existim03
1443 785 1571 819 nunc
1611 770 1669 819 de
1710 773 1919 834 pecunia
1956 773 2128 834 agitur,
2170 787 2316 834 quam
2357 771 2445 819 de-

198 846 316 894 bent
362 860 614 909 proceres,
672 861 828 909 eaque
881 861 978 895 non
1022 846 1345 894 incertissima
1391 843 1568 904 fretus,
1621 858 1861 907 papyrum
1913 850 1963 892 et
2009 859 2182 907 operas
2222 844 2445 893 conduxi.

200 918 414 981 Paginas
453 918 691 969 excudam
728 921 1013 979 numer-icas,
1052 932 1170 966 usus
1208 919 1338 981 typis
1377 918 1499 965 meis
1537 919 1757 980 propriis,
1799 917 1976 980 quibus
2004 917 2180 966 excudi
2220 919 2251 965 4
2290 931 2447 966 anno·

198 1006 307 1040 rum
342 991 707 1077 Ephemeridas.
781 992 879 1042 Sed
929 997 1060 1041 tenet
1106 1005 1183 1039 me
1221 989 1483 1039 sollicitum
1530 990 1828 1055 typographi
1875 991 2092 1051 fortuna,
2148 992 2232 1053 qui
2270 993 2361 1040 etsi
2401 996 2449 1039 et

201 1066 308 1127 ipse
347 1066 548 1114 obtentu
586 1067 679 1114 mei
721 1068 879 1128 operis
916 1053 1162 1114 licentia'm
1201 1063 1351 1112 habet
1389 1063 1733 1125 commorandi,
1772 1066 2006 1127 premitur
2042 1069 2204 1112 tamen
2243 1063 2449 1111 militum

200 1138 445 1186 alimentis
484 1145 532 1186 et
558 1138 1020 1201 importunitatibus,
1061 1151 1206 1187 onere
1233 1138 1409 1202 civico,
1448 1138 1510 1186 ob
1537 1135 1749 1199 domum,
1789 1152 1935 1200 quam
1962 1136 2197 1200 possidet
2263 1136 2450 1198 Quodsi

197 1210 464 1274 procedant
501 1223 694 1273 operae,
734 1218 808 1260 est
845 1225 942 1274 quo
984 1210 1044 1259 de
1082 1212 1264 1274 gratias
1301 1225 1505 1273 agamus
1540 1212 1741 1269 numini,
1780 1213 1854 1260 sin
1888 1210 2212 1273 impediantur
2249 1209 2448 1270 diutius,

200 1290 252 1332 tu
309 1285 357 1331 in
397 1298 652 1333 aerumnas
701 1284 848 1346 hujus
895 1286 1180 1347 provinciae
1228 1285 1476 1346 totiusque
1529 1282 1654 1331 adeo
1703 1282 1998 1332 Germaniae
2049 1285 2246 1332 intentis
2295 1283 2450 1332 oculis

198 1358 394 1406 veniam
429 1356 549 1405 mihi
586 1356 740 1406 dabis.
815 1356 931 1406 Jam
969 1372 1098 1406 nunc
1135 1371 1387 1406 excurrere
1425 1357 1588 1419 cogito
1625 1355 1688 1405 ad
1717 1356 1927 1405 fusorem
1952 1356 2326 1417 Passavium,a
2295 1368 2448 1418 aquo

199 1429 494 1492 alloquendo
533 1432 582 1477 in
622 1430 856 1479 descensu
892 1431 1165 1493 prohibitus
1204 1445 1341 1492 sum,
1376 1430 1462 1478 ob
1499 1430 1651 1493 pestis
1688 1431 2014 1493 suspicionem
2052 1430 2173 1480 urbe
2224 1428 2450 1479 exclusus

202 1518 311 1551 cum
348 1502 605 1551 comitibus
645 1505 884 1552 omnibus.

346 1575 486 1625 Nunc
522 1575 584 1624 ad
624 1582 723 1625 tua.
801 1576 946 1639 Quod
983 1576 1046 1625 ad
1085 1574 1438 1639 computandas
1477 1575 1845 1625 observationes
1867 1575 2195 1625 Ptolemaicas
2229 1575 2363 1638 justo
2401 1580 2449 1624 te

200 1663 452 1712 comparas
490 1655 744 1715 apparatu,
785 1650 905 1698 facis
942 1665 1045 1699 rem
1082 1656 1168 1698 tua
1206 1655 1254 1698 et
1291 1649 1594 1713 professione
1633 1655 1682 1698 et
1706 1651 2064 1700 existimatione
2093 1649 2449 1712 dignam.arti-

202 1737 299 1786 que
337 1723 531 1783 utilem,
587 1737 826 1786 speroque
874 1723 1048 1772 librum
1086 1723 1272 1786 publici
1316 1723 1440 1786 Juris
1478 1723 1719 1785 futurum3
1770 1722 1856 1772 sed
1912 1722 2061 1772 nolim
2114 1737 2172 1771 eo
2218 1723 2454 1787 tantisper

201 1810 377 1857 acrere,
417 1796 589 1845 saltem
628 1798 809 1845 exitum
847 1797 1022 1845 calculi
1061 1796 1181 1844 mihi
1218 1795 1512 1858 descriptum
1549 1798 1838 1848 transmitte.

349 1870 425 1919 De
465 1869 888 1918 observationibus
916 1868 1114 1933 quidem
1139 1869 1389 1932 Tychonis
1416 1868 1615 1918 edendis
1652 1869 1747 1918 hoc
1779 1877 1994 1932 tempore
2022 1868 2294 1932 desperavi,
2336 1869 2453 1931 quia

202 1945 394 1994 bessem
440 1945 798 2006 assignatorum
851 1949 1098 1992 sumtuum
1147 1956 1244 1990 non
1299 1944 1497 2005 recipio,
1574 1942 1628 1991 Si
1663 1949 1824 1991 tamen
1876 1957 1989 2006 spes
2028 1940 2203 1991 edendi
2250 1943 2298 1989 in
2335 1956 2454 2006 pro-

205 2019 366 2069 cinctu
405 2022 562 2077 esset,
589 2022 766 2079 >posset
803 2022 915 2065 tuus
955 2018 1046 2065 iste
1085 2022 1388 2064 vetustarum
1426 2015 1823 2065 observationum
1864 2015 2081 2065 calculus
2119 2014 2337 2079 adjungi.
2400 2013 2452 2063 Si

206 2090 462 2140 commodo
502 2095 588 2138 tuo
626 2089 728 2138 fieri
765 2095 943 2152 potest,
983 2089 1071 2139 ede
1108 2087 1226 2137 folio
1264 2089 1511 2150 mediocri,
1551 2091 1622 2138 sic
1658 2096 1714 2138 ut
1750 2089 1812 2137 ad
1842 2088 2181 2138 Mechanicam
2207 2088 2454 2152 Tycbonis

206 2164 427 2228 quadret,
473 2163 634 2225 cogito
675 2163 801 2211 enim
839 2162 1012 2212 eadem
1050 2163 1205 2211 forma
1243 2163 1609 2212 observationes
1648 2162 1816 2225 edere,
1857 2161 2121 2226 siquando
2160 2177 2299 2211 suam
2327 2159 2454 2210 Ura-

202 2239 334 2288 niam
369 2236 596 2300 respiciat
632 2235 842 2298 Jupiter.
1608 2258 1612 2262 -

350 2310 428 2359 De
465 2308 734 2372 Hipparchi
772 2309 1094 2372 aequinoctiis
1133 2308 1204 2357 sic
1242 2308 1396 2358 habe:
1449 2308 1697 2358 ordinatas
1735 2323 1766 2357 a
1802 2323 1879 2358 me
1917 2323 2025 2358 esse
2071 2308 2283 2373 epochas
2322 2307 2453 2357 Solis

209 2385 307 2446 sic,
346 2389 422 2445 ut,
464 2384 821 2432 eccentricitate
859 2381 1095 2431 hodierna
1131 2390 1359 2431 manente
1397 2379 1527 2448 (nam
1567 2383 1675 2445 quis
1713 2381 1900 2444 credat,
1954 2383 2068 2431 olim
2106 2383 2258 2431 fuisse
2295 2381 2455 2444 majo-

211 2472 337 2519 rem,
389 2471 497 2506 cum
547 2461 653 2504 tota
696 2455 821 2505 haec
868 2454 1126 2504 diversitas
1172 2456 1345 2504 minori
1394 2457 1761 2505 observatarum
1817 2453 2129 2504 altitudinum
2181 2457 2453 2518 quantitate
2493 2493 2502 2502 ,

210 2532 406 2591 nitatur,
447 2543 593 2592 quam
632 2543 758 2592 quae
797 2545 827 2577 a
849 2528 1134 2577 Ptolemaeo
1172 2530 1280 2591 ipso
1317 2529 1409 2578 fuit
1446 2531 1494 2575 in
1532 2531 1716 2578 incerto
1752 2530 1960 2591 posita),
2000 2530 2277 2592 utinquam
2312 2534 2451 2577 tanto

204 2605 446 2666 posterius
485 2609 760 2666 computem
797 2601 1067 2665 Hipparchi
1106 2616 1334 2663 vernum,
1383 2607 1566 2664 quanto
1603 2602 1838 2650 maturius
1887 2609 2115 2665 computo
2154 2600 2452 2651 autumnale.

210 2674 274 2725 Ut
310 2677 361 2725 id
399 2676 681 2737 obtinerem,
720 2689 816 2724 non
853 2676 991 2739 potui
1029 2689 1198 2724 verum
1237 2675 1365 2724 Solis
1403 2675 1566 2724 locum
1603 2677 1654 2722 in
1694 2674 1880 2738 epocha
1911 2676 2170 2724 creationis
2206 2676 2256 2723 in
2298 2671 2356 2724 0⁰
2383 2670 2450 2740 ΕΞ

206 2763 408 2812 ponere,
462 2749 548 2798 sed
597 2754 851 2798 contentus
894 2749 963 2797 fui
1014 2748 1191 2797 medio.
1268 2749 1468 2797 Frustra
1513 2749 1640 2797 circa
1691 2748 2004 2797 refractiones
2053 2749 2132 2798 hic
2178 2747 2452 2812 scrupulosi

210 2837 403 2883 sumus,
458 2823 643 2885 majora
689 2823 1016 2885 ambiguntur.
1093 2820 1238 2883 Quod
1285 2836 1346 2870 ex
1385 2820 1668 2886 Opticorum
1705 2835 1923 2870 meorum
1963 2821 2046 2870 fol.
2091 2822 2191 2872 146
2233 2825 2301 2879 (11.
2332 2823 2450 2879 219.)

207 2894 423 2956 adduciS,
461 2896 605 2943 sicuti
641 2899 695 2943 tu
731 2895 968 2944 hactenus
1004 2894 1262 2944 conciliare
1299 2893 1560 2944 identidem
1596 2909 1701 2943 sum
1729 2908 2001 2958 aggressus,
2041 2899 2096 2943 ut
2119 2893 2450 2958 Hipparchus,

211 2969 544 3024 minutissimis
580 2969 829 3030 particulis
867 2967 1070 3027 diffisus,
1109 2983 1267 3030 mane,
1307 2982 1524 3032 vespere,
1549 2967 1816 3030 meridiem,
1854 2967 2200 3016 medinoctium
2241 2967 2453 3030 allegare

219 3047 475 3090 contentus
512 3041 681 3102 fuerit,
736 3056 879 3091 mane
924 3042 998 3090 illi
1035 3042 1116 3103 fit,
1165 3040 1396 3104 quicquid
1432 3041 1487 3089 fit
1536 3041 1599 3090 ab
1637 3048 1745 3090 ortu
1790 3055 1961 3090 versus
1999 3040 2278 3102 meridiem,
2329 3054 2453 3101 cum,

213 3129 339 3177 quae
375 3113 448 3161 illi
487 3119 560 3162 est
595 3113 714 3162 hora
754 3115 802 3175 5,
842 3117 905 3163 sit
939 3115 1083 3163 nobis
1125 3115 1207 3163 11.
1245 3113 1643 3165 antemeridiana.

353 3186 474 3235 Loci
513 3191 573 3235 e'x
599 3186 862 3236 Censorino
901 3187 1153 3237 admonuit
1188 3203 1264 3237 me
1292 3187 1399 3237 Jos.
1429 3187 1647 3250 Scaliger
1684 3187 2000 3250 agnoscitque
2037 3202 2125 3249 pro
2165 3187 2454 3250 sphalmate,

212 3265 264 3307 ut
301 3264 390 3322 tu3.
420 3273 526 3322 eg0,
567 3260 608 3307 si
644 3264 814 3322 potero
854 3275 1083 3310 excusare
1120 3261 1472 3322 Ptolemaeum,
1512 3275 1574 3311 ne
1608 3275 1756 3324 cogar
1794 3274 1904 3309 eum
1941 3260 2222 3309 insimulare
2258 3259 2456 3321 fraudis,

212 3332 333 3380 mihi
370 3332 664 3394 gratulabor.
740 3332 826 3380 Sin
876 3333 962 3382 illa
1012 3333 1299 3397 sphalmatis
1346 3337 1393 3382 in
1435 3335 1700 3384 Censorino
1744 3332 2116 3382 verisimilitudo
2169 3333 2459 3395 colliquabit

214 3404 333 3453 mihi
370 3405 463 3454 hoc
508 3404 711 3453 fulcrum
760 3406 1104 3471 butyraceum‚
1156 3409 1431 3471 confugiam
1471 3407 1535 3456 ad
1572 3408 1889 3471 aequationcs
1929 3405 2226 3466 seculorum,
2267 3405 2328 3454 ad
2369 3421 2456 3454 ex-

213 3479 481 3540 perimenta
515 3478 566 3524 in
605 3478 827 3527 omnibus
863 3478 1073 3540 planetis
1112 3481 1313 3542 similia,
1341 3483 1412 3528 'in
1450 3483 1556 3544 ipso
1595 3481 1743 3541 Sole,
1798 3481 1882 3542 qui
1919 3493 2005 3542 per
2043 3479 2249 3542 eclipses
2287 3479 2455 3528 Lunae
2546 3510 2551 3514 -

214 3550 587 3616 deprehenditur
622 3552 672 3598 in
708 3552 906 3599 minutis
946 3553 1155 3601 arcubus
1192 3554 1516 3617 inaequaliter
1553 3553 1615 3603 ad
1629 3554 1764 3602 fixas
1802 3552 2046 3614 accedere,
2087 3551 2218 3614 quod
2246 3553 2278 3600 4
2316 3552 2395 3602 vel
2425 3553 2454 3600 5

213 3625 519 3698 eclipsibus
509 3623 679 3673 Lunae
717 3624 994 3686 comprobo.

357 3697 434 3746 De
472 3673 573 3746 fato
610 3702 696 3745 tuo
734 3696 1000 3747 domestico
1036 3698 1126 3746 tibi
1164 3703 1214 3747 et
1252 3699 1490 3759 condoleo
1529 3705 1579 3748 et
1614 3698 1831 3762 gratulor
1867 3697 2205 3761 Veneremque
2244 3696 2454 3747 Uraniae

215 3776 404 3819 vestrae
442 3772 700 3833 propitiam
735 3784 922 3835 precor,
960 3777 1013 3819 ut
1048 3784 1147 3820 non
1184 3773 1316 3834 prius
1355 3778 1408 3821 tu
1446 3788 1507 3823 cx
1544 3771 1633 3821 illa
1667 3777 1809 3836 pater
1841 3785 1948 3821 esse
1985 3770 2122 3833 velie,
2164 3785 2308 3834 quam
2332 3772 2455 3820 Pto-

211 3842 466 3892 lemaicum
506 3842 742 3892 calculum
781 3843 1025 3893 absolvas,
