2554 4140
243 125 344 174 178
576 157 590 164 κ
1055 175 1058 178 p
1080 119 1316 177 Epitomes
1347 117 1664 177 Astronomiae

254 270 343 329 rix,
385 267 607 330 adeoque
633 268 812 329 etipse
848 267 1269 332 transscendenter
1306 273 1382 316 est
1419 266 1695 317 essentialis
1723 259 1899 329 motus,
1939 267 2032 317 hoc
2070 273 2146 318 est
2170 273 2368 318 aeterna
2404 283 2495 331 ge·

243 343 463 402 neratio,
520 340 658 402 cujus
696 341 917 390 umbrae
935 347 1050 390 sunt
1089 355 1255 390 omnes
1295 342 1485 389 animae
1522 341 1844 403 spiritusque,
1893 346 2138 405 gestantes
2178 341 2283 404 ejus
2325 347 2496 405 typum

73 454 77 459 .
165 439 186 479 3
241 413 532 476 aliqualiter,
571 419 626 461 ut
663 410 862 463 umbrae
902 428 1192 478 corporum.-

203 540 206 543 Α
385 484 596 548 Quarto,
647 485 803 535 tendit
849 486 1020 536 eodem
1070 494 1119 536 et
1168 484 1381 535 officium
1433 466 1611 547 hujus
1629 485 1845 534 motoris.
1919 485 2038 534 Esto
2077 491 2132 534 ut
2169 485 2494 549 aequabilitas

238 557 325 607 illa
350 557 638 621 duratioque
676 553 934 609 rotationis
961 575 1060 609 non
1085 559 1304 622 indigeat
1329 558 1426 606 alia
1450 572 1517 619 re,
1555 559 1650 606 nisi
1675 572 1825 608 causa
1854 558 2064 607 naturali
2096 558 2252 621 bruta,
2290 561 2495 622 ipsaque

239 631 364 698 adeo
402 631 653 680 levissima
692 633 797 695 eJus
836 635 1044 681 intensio
1085 638 1134 681 et
1171 632 1410 696 remissio,
1448 637 1771 694 attemperata
1792 631 1856 680 ad
1894 645 2143 680 accessum
2183 638 2231 680 et
2254 646 2496 681 recessum

238 703 384 765 Solis,
424 703 525 753 re'm
561 707 920 767 geometricam,
960 708 1192 754 materiae
1231 703 1575 765 characterem,
1614 711 1666 752 at
1703 710 1830 754 certe
1867 711 2088 767 superest
2126 703 2375 754 inclinatio
2412 704 2498 754 illa

240 768 523 832 tardissima
559 792 648 827 seu
685 777 806 838 axis,
844 794 932 828 seu
970 777 1118 827 medii
1157 777 1322 826 circuli
1359 786 1535 836 motus,
1579 776 1774 839 de·qua
1811 792 1978 826 sumus
2015 778 2198 839 incerti,
2238 777 2411 827 saltem
2449 780 2497 825 in

175 870 178 874 ·
236 849 333 901 hac
370 852 694 901 astronomiae
733 858 884 914 parte,
926 866 988 900 an
1026 865 1123 899 non
1161 849 1232 897 illi
1272 852 1446 898 mentis
1484 849 1816 900 moderatione
1854 853 1918 899 sit
1955 864 2093 912 opus.

389 923 532 987 Quae
569 924 628 972 de
666 926 950 974 constantia
987 930 1152 973 motus
1177 923 1363 984 dixisti,
1404 923 1640 972 videntur
1663 926 1900 994 enervari
1924 923 2146 986 exemplo
2172 924 2496 986 animalium,

225 1000 403 1060 'quae,‘
449 998 683 1060 quamvis
720 1000 901 1046 anima
934 997 1195 1060 praedita,
1242 996 1535 1059 fatiyantur
1571 1002 1757 1054 tamen.
1832 996 2080 1045 Animalia
2136 995 2497 1060 defatigationis

206 1078 210 1083 ’
243 1084 362 1130 suae
401 1084 574 1118 causas
613 1069 796 1119 habent
835 1070 1086 1119 evidentes
1126 1072 1172 1116 in
1213 1069 1489 1118 conditione
1528 1083 1727 1119 suorum
1766 1083 2042 1132 corporum,
2088 1083 2217 1131 quae
2253 1084 2368 1118 suas
2405 1069 2496 1120 ha-

237 1142 354 1192 bent
393 1142 778 1202 vicissitudines,
831 1157 927 1191 non
970 1157 1083 1192 vero
1122 1143 1172 1190 in
1211 1144 1639 1206 anima-motrice3
1691 1142 1815 1192 tales
1854 1156 1969 1191 vero
2018 1156 2196 1192 causae
2236 1141 2411 1192 desunt
2446 1144 2496 1190 in

156 1221 158 1223 ’
236 1214 385 1277 globo
412 1215 636 1276 Telluris,
678 1217 761 1278 qui
787 1215 849 1263 ad
875 1223 1060 1265 motum
1085 1215 1165 1264 vel
1203 1218 1415 1278 quietem
1440 1217 1604 1279 potius
1644 1224 1717 1264 est
1744 1222 1977 1279 perpetuo
2017 1215 2282 1278 dispositus
2308 1230 2496 1279 aequa-

186 1306 191 1313 ‚
237 1287 360 1352 liter.
437 1287 566 1337 Nam
602 1290 878 1351 privativae
903 1288 1216 1338 habitudines
1241 1291 1290 1336 in
1327 1290 1532 1338 materia
1559 1288 1877 1338 durabiliores
1915 1294 2027 1338 sunt
2065 1302 2212 1351 quam
2235 1291 2495 1353 positivae,

148 1425 153 1428 Δ
237 1360 497 1410 formarum
534 1360 747 1423 soboles,
788 1376 914 1425 quae
954 1363 1198 1426 exspirare
1235 1368 1455 1426 possunt.

385 1433 528 1498 Quae
580 1440 702 1482 sunt
756 1436 847 1483 illa
900 1437 1008 1485 alia
1061 1435 1253 1485 indicia
1306 1437 1514 1484 animae
1570 1437 1819 1483 versantis
1873 1436 1929 1483 in
1979 1448 2186 1497 corpore
2245 1433 2494 1484 Telluris?

385 1510 430 1558 1.
487 1506 631 1555 Calor
654 1507 997 1557 subterraneus
1034 1516 1297 1572 perpetuus
1328 1514 1378 1556 et
1413 1507 1673 1557 sensibilis.
1725 1506 1964 1557 Materiae
1989 1521 2214 1571 namque,
2253 1514 2495 1570 quatenus

115 1589 119 1594 ’
173 1620 175 1622 ,
235 1579 362 1641 talis',
402 1582 649 1643 proprium
688 1587 762 1629 est
799 1580 973 1644 frigus:
1016 1585 1174 1630 omnis
1211 1587 1379 1631 contra
1416 1579 1548 1631 calor
1573 1587 1650 1630 est
1687 1583 1879 1631 animae
1917 1582 2190 1644 vestigium,
2233 1580 2311 1630 vel
2348 1595 2496 1643 prae-

234 1668 430 1719 gressae
470 1652 549 1703 vel
587 1655 882 1717 praesentis3
935 1669 1045 1703 nam
1085 1657 1231 1705 etiam
1270 1656 1395 1717 ignis
1444 1657 1721 1717 materiam,
1773 1669 1871 1718 qua
1922 1657 2138 1718 pascitur
2173 1659 2223 1703 et
2258 1660 2494 1718 superest,

164 1722 169 1728 ’
236 1730 426 1777 animae
464 1726 779 1775 facultatibus
816 1730 1122 1790 progenitam
1159 1729 1361 1777 obtinet.

381 1802 429 1847 2.
484 1797 647 1863 Opera
685 1801 875 1849 animae
914 1803 1125 1864 propria,
1162 1808 1218 1850 ut
1254 1806 1368 1850 sunt
1402 1801 1655 1864 generatio
1691 1799 2040 1862 (metallorum,
2094 1798 2399 1850 mineralium
2447 1804 2496 1849 et

235 1872 500 1934 fossilium,
541 1871 798 1922 exsudatio
835 1873 1073 1935 humoris,
1114 1874 1244 1924 unde
1282 1880 1416 1923 ortus
1455 1874 1708 1923 fluminum
1745 1889 1807 1923 ex
1842 1875 2090 1923 montibus
2126 1874 2367 1937 perennis,
2407 1887 2495 1922 ex-

236 1946 429 1996 sudatio
468 1946 754 1995 nebularum
793 1952 844 1996 et
880 1946 1216 1998 exhalationes
1253 1945 1485 1997 humidae
1533 1945 1613 1997 vel
1661 1946 1826 1996 aridae
1863 1953 2148 2011 perpetuae,
2202 1946 2332 1996 unde
2371 1946 2496 1996 varii

235 2020 426 2084 generis
464 2025 693 2069 meteora.
771 2018 854 2069 Sic
892 2034 952 2070 ex
988 2024 1243 2085 sanguine,
1282 2020 1368 2070 bili
1404 2022 1597 2083 pituita,
1639 2034 1699 2070 ex
1735 2034 1894 2083 muc0,
1932 2020 2125 2083 sudore,
2164 2019 2349 2082 saliva,
2405 2033 2495 2069 ex-

238 2093 494 2144 crementis
531 2094 876 2142 ratiocinamur
916 2093 975 2143 de
1013 2096 1162 2144 variis
1200 2094 1393 2143 animae
1429 2093 1758 2143 facultatibus.

383 2168 430 2215 3.
482 2165 766 2215 Facultates
804 2181 995 2228 eorum,
1035 2182 1164 2230 quae
1202 2182 1264 2218 ex
1300 2167 1478 2216 Terrae
1516 2167 1787 2216 visceribus
1827 2171 2076 2232 eruuntur,
2114 2172 2168 2215 ut
2206 2163 2339 2229 quod
2377 2171 2493 2216 sunt
2539 2184 2550 2196 ·

237 2238 396 2288 calida
432 2243 704 2302 potestate,
755 2239 1124 2290 inflammabilia
1161 2243 1307 2303 inque
1344 2239 1518 2301 lucem,
1558 2242 1636 2290 cui
1673 2247 1747 2290 est
1783 2241 1947 2289 anima
1983 2246 2208 2303 cognata,
2247 2239 2495 2290 converti-

235 2311 377 2361 bilia:
430 2310 550 2360 talia
587 2318 700 2360 sunt
735 2311 962 2376 sulphur,
1019 2316 1333 2374 marcasitae,
1382 2312 1619 2363 scintillas
1657 2314 1874 2376 percussi
1910 2312 2190 2375 reddentes,
2226 2314 2367 2377 ignes
2405 2311 2495 2362 de-

231 2387 381 2449 nique
419 2385 513 2448 ipsi
566 2385 884 2435 subterranei.
964 2386 1025 2435 Et
1071 2387 1193 2437 haec
1237 2391 1516 2450 spectantur
1554 2386 1890 2436 tantummodo
1939 2388 1989 2435 in
2040 2388 2263 2437 exteriori
2314 2387 2518 2452 cortice,

236 2457 439 2518 Terrae3
482 2464 664 2520 quanto
712 2458 1012 2508 mirabiliora
1049 2474 1217 2510 censes
1254 2459 1397 2510 condi
1435 2461 1791 2523 spatiosissimo
1829 2460 1935 2523 ejus
1973 2462 2083 2510 sinu
2119 2460 2363 2522 interiore,
2402 2472 2491 2524 per

233 2530 366 2580 mille
421 2531 732 2594 septingenta
787 2531 1055 2583 milliaria?
1124 2533 1276 2582 Recte
1337 2534 1485 2596 igitur
1530 2548 1561 2582 a
1612 2540 1788 2584 natura
1836 2540 2175 2597 generatorum
2229 2546 2491 2597 argumen-

233 2602 392 2654 tamur
429 2603 493 2652 ad
533 2618 731 2654 causam
769 2612 1096 2668 generantem.
1172 2606 1255 2655 Sic
1292 2607 1418 2655 enim
1459 2607 1607 2656 etiam
1643 2606 1768 2656 alias
1804 2613 1935 2657 recte
1970 2609 2328 2663 ratiocinamur,
2368 2619 2496 2670 quae

233 2692 310 2739 res
349 2677 510 2727 oleum
549 2678 675 2726 intra
711 2693 763 2728 se
792 2685 1089 2743 concoquat,
1129 2678 1260 2742 quod
1299 2686 1375 2729 est
1412 2678 1625 2729 calidum
1661 2686 1904 2744 potestate
1943 2686 1992 2730 et
2028 2679 2390 2743 inflammahile,
2430 2678 2495 2728 ss-

232 2750 332 2800 lam
368 2748 657 2800 conformari
695 2751 758 2800 ab
795 2754 975 2802 anima.

358 2825 426 2882 ,4.
479 2823 709 2873 Facultas
746 2824 995 2874 formatrix
1032 2827 1081 2873 in
1120 2828 1246 2885 aere,
1287 2823 1414 2873 unde
1453 2823 1702 2886 locustae,
1755 2839 1955 2876 muscae
1993 2825 2215 2889 adeoque
2254 2831 2304 2875 et
2338 2825 2497 2889 figura

233 2892 362 2945 nivis
400 2896 694 2960 sexangula;
733 2899 805 2947 sic
841 2897 1053 2963 pediculi
1091 2899 1194 2947 nati
1233 2899 1282 2944 in
1321 2911 1520 2960 corpore
1557 2897 1767 2946 hominis
1804 2896 2039 2948 indicium
2065 2900 2248 2948 faciunt
2284 2897 2494 2961 alicujus
2544 2900 2554 2906 ’

233 2968 479 3018 facultatis
531 2971 722 3020 animae
772 2973 1043 3034 praesentis
1093 2973 1142 3021 in
1191 2970 1277 3019 illo
1328 2984 1543 3033 corpore.
1619 2971 1894 3020 Formatrix
1943 2973 2151 3022 facultas
2198 2974 2246 3020 in
2293 2971 2494 3021 marinis

237 3048 286 3092 et
339 3041 620 3092 fluvialibus
674 3046 844 3107 aquis,
898 3044 1026 3095 unde
1074 3041 1285 3094 oceanus
1338 3052 1662 3093 monstrorum
1716 3052 1854 3106 pater
1910 3044 2092 3107 dictus3
2146 3045 2395 3095 formatrix
2443 3044 2506 3097 ὶιι,

239 3113 416 3164 Terrae
453 3115 733 3179 superficie,
773 3115 902 3167 unde
941 3124 1013 3167 tot
1051 3119 1274 3182 stirpium
1310 3131 1490 3180 genera
1527 3122 1826 3180 spontanea,
1866 3123 1940 3166 tot
1976 3120 2188 3181 insecta3
2242 3117 2493 3168 formatrix
2552 3155 2554 3166 .

233 3188 284 3235 in
323 3189 504 3236 intimis
541 3187 719 3240 Terrae
758 3191 1042 3252 visceribus,
1082 3191 1228 3255 plane
1265 3190 1437 3239 similis
1476 3192 1537 3250 ei,
1576 3204 1704 3252 quae
1742 3197 1815 3239 est
1852 3191 1899 3238 in
1938 3190 2175 3252 femellis,
2217 3198 2271 3240 nt
2305 3192 2508 3256 species
2549 3206 2554 3243 Δ

237 3260 355 3310 foris
403 3270 711 3311 occursantes
766 3265 897 3313 intus
949 3266 1212 3329 exprimat,
1265 3278 1445 3325 naves,
1499 3264 1673 3326 pisceS,
1710 3277 1864 3325 reges,
1903 3263 2172 3326 pontifices,
2211 3263 2495 3325 monachos,
2547 3281 2554 3335 q

235 3332 413 3384 milites
452 3333 657 3384 fossiles.
2546 3343 2554 3402 1

204 3415 209 3421 “
381 3406 429 3454 5.
482 3404 790 3457 Geometriae
829 3411 1124 3471 exercitium,
1167 3408 1300 3473 quod
1338 3411 1458 3459 citra
1494 3409 1668 3458 mentis
1707 3413 1756 3457 et
1791 3409 1863 3457 sic
1891 3410 2084 3458 animae
2122 3423 2320 3472 operam
2346 3421 2495 3472 praetw

236 3479 354 3529 stari
389 3480 572 3541 nequit.
646 3481 887 3542 Exprimit
925 3484 1054 3532 enim
1092 3484 1307 3546 quinque
1345 3496 1549 3546 corpora
1585 3481 1829 3544 regularia
1863 3482 1912 3528 in
1950 3481 2156 3544 lapillis,
2195 3481 2502 3546 sexangulas

204 3552 412 3621 ⁴figuras
450 3553 499 3600 in
538 3552 763 3602 cristallis
801 3560 850 3603 et
885 3555 1086 3604 salibus.
1164 3555 1246 3606 Sic
1283 3557 1412 3604 enim
1441 3557 1588 3605 etiam
1626 3569 1686 3604 ex
1711 3553 1982 3617 sexangula
2017 3554 2173 3617 figura
2209 3555 2490 3604 cellularum
2544 3558 2552 3602 ἑ

234 3633 364 3680 recte
402 3623 752 3687 concludimus,
791 3641 911 3689 apes
950 3626 1155 3679 fictrices
1195 3643 1302 3678 esse
1329 3630 1491 3678 anima
1527 3625 1774 3692 praeditas
1812 3633 1861 3676 et
1897 3630 2194 3691 geometriae
2217 3642 2308 3678 suo
2345 3626 2500 3688 modo·
2538 3629 2554 3678 l

236 3711 458 3764 capaces.
534 3726 538 3727 ν
2474 3719 2499 3748 .·.
2536 3732 2548 3758 ,

268 3794 271 3796 ·
308 3819 314 3826 ‚
381 3773 428 3821 6.
484 3768 792 3820 Geometriae
831 3776 1092 3821 extraneae
1121 3777 1169 3822 et
1207 3772 1447 3836 coelestis,
1488 3787 1614 3836 quae
1639 3773 1862 3822 consistit
1887 3774 1936 3820 in
1960 3772 2229 3825 radiorum.
2239 3785 2499 3834 concursu„
2535 3786 2554 3843 (ι

235 3851 284 3895 et
334 3846 580 3909 perceptio
629 3850 679 3894 et
722 3843 988 3894 secundum
1033 3845 1171 3894 illam
1208 3848 1414 3909 agitatio
1450 3847 1682 3897 materiae
1735 3845 2094 3897 subterraneae.
2170 3846 2295 3897 Nam
2340 3846 2499 3897 'rems
2538 3859 2554 3890 .:
