2560 4100
165 131 230 179 76
798 119 1035 180 Epistolae
1063 119 1251 179 Kepleri
1280 120 1561 179 aliorumque
1590 125 1777 167 mutuae

162 273 226 324 ad
271 273 438 334 orbes,
491 271 586 321 hoc
616 271 723 334 Jam
758 270 1048 334 relinquitur
1084 270 1409 335 archetypieis
1445 269 1640 334 legibus
1678 277 1727 320 et
1764 270 1970 321 consilio
2008 269 2420 322 conformandum.

162 348 273 396 Etsi
311 346 407 396 boc
445 343 726 393 adhucdum
763 350 840 394 est
877 339 1201 407 compositum
1238 359 1301 393 ex
1337 344 1498 392 causis
1536 343 1852 394 dissimilibus
1889 344 2105 394 duabus:
2160 342 2208 409 l)
2245 343 2423 407 ampli-

160 419 327 468 tudine
365 418 641 482 globorum,
682 417 743 466 de
780 431 880 480 qua
916 417 1001 467 fol.
1042 418 1163 478 484,
1203 421 1254 465 et
1291 414 1343 479 2)
1381 415 1620 466 densitate
1657 419 1909 478 materiae,
1946 417 2007 467 de
2042 433 2141 481 qua
2176 416 2423 467 sol..486.

161 493 225 541 Et
259 492 366 554 jam
405 491 538 540 clara
586 491 751 540 futura
784 496 935 553 puto,
994 504 1122 551 quae
1162 495 1275 538 sunt
1312 488 1395 538 fol.
1435 490 1559 540 484.
1606 505 1667 539 ex
1704 492 1791 551 iis,
1849 505 1977 554 quae
2014 490 2075 540 de
2111 490 2423 554 proportione

161 563 372 627 simplici
412 563 574 627 deque
609 562 916 626 reduplicata
941 561 1056 611 dixi.
1132 561 1230 611 Sed
1255 575 1364 624 age,
1402 562 1553 611 simus
1578 563 1768 626 prolixi,
1808 570 1862 612 ut
1892 565 2252 627 perspicuitatis
2277 561 2420 610 finem

161 651 532 700 consequamur.
609 636 669 685 In
707 635 934 699 exemplo
971 635 1170 684 Saturni
1208 641 1307 683 tres
1343 649 1488 684 casus
1525 643 1638 684 sunt
1687 636 1751 684 ob
1789 636 1957 685 oculos
1992 638 2155 700 positi.
2228 635 2421 684 Primus

158 711 309 760 habet
346 709 454 770 hoc,
494 712 856 773 proportionem
899 706 1267 756 intervallorum
1305 722 1336 755 a
1362 707 1478 756 Sole
1518 710 1665 771 (quae
1690 716 1805 758 sunt
1840 709 2183 760 semidiametri
2211 707 2421 771 orbium)

165 783 584 833 accommodatam
627 797 736 832 esse
774 783 925 831 etiam
965 779 1338 830 semidiametris
1375 794 1463 830 seu
1502 780 1751 831 diametris
1787 781 2082 845 globorum.¹
2130 781 2228 830 Hic
2263 783 2420 844 primo

160 862 274 906 sunt
309 858 650 920 proportiones
692 853 940 918 simplices
979 853 1226 902 intervalli
1263 850 1335 920 Ε)
1360 851 1407 919 5
1445 853 1509 902 ad
1548 854 1832 904 diametrum
1861 853 1906 922 5
1932 855 2147 920 eorporis
2182 860 2232 902 et
2268 856 2420 903 inter-

160 925 283 979 valli
328 930 391 993 Θ
419 926 458 997 ἦ
496 929 560 979 ad
600 928 888 978 diametrum
933 923 971 992 Β
1012 929 1243 989 corporis.
1317 925 1453 975 Inter
1502 926 1592 976 bas
1630 927 1753 976 duas
1791 929 2037 993 simplices
2083 929 2422 991 proportiones

160 1003 302 1067 ponit
337 1005 429 1052 iste
464 1017 612 1055 casus
656 1003 1019 1065 proportionem
1059 999 1412 1063 reduplicatam
1451 1014 1587 1060 eam,
1627 1016 1754 1064 quae
1794 1008 1870 1050 est
1905 1000 2246 1065 aequalitatis;
2292 1014 2420 1063 quae

159 1091 268 1126 cum
317 1078 382 1124 sit
427 1076 682 1125 notissima
739 1080 790 1124 et
821 1074 1157 1123 usitatissima
1206 1075 1256 1121 in
1306 1074 1440 1123 omni
1476 1073 1647 1136 regula
1683 1077 2074 1138 proportionum,
2126 1080 2290 1123 tamen
2327 1086 2416 1136 pro

158 1150 471 1213 proportione
528 1149 697 1210 aliqua
745 1161 845 1196 non
896 1148 1201 1210 agnoscitur,
1258 1160 1318 1197 eo
1363 1147 1473 1210 ipso
1530 1149 1674 1210 quia,
1723 1162 1835 1197 cum
1873 1148 2172 1211 aequalitate
2211 1152 2418 1208 constet,

156 1223 277 1271 nihil
322 1221 472 1270 babet
508 1223 557 1269 in
596 1236 648 1270 se
687 1219 1120 1281 dissimilitudinis,
1171 1235 1263 1270 nec
1300 1234 1424 1284 opus
1462 1227 1560 1280 est,
1611 1227 1667 1269 ut
1703 1235 1810 1270 eam
1848 1223 2059 1270 numeris
2097 1218 2415 1283 explicemus.

158 1296 220 1344 Et
259 1301 422 1344 tamen
460 1294 554 1343 hoc
589 1308 871 1358 possumus:
910 1308 1027 1343 nam
1051 1300 1157 1344 esto
1183 1293 1495 1343 intervallum
1521 1292 1564 1360 5
1597 1294 1660 1356 Ε)
1692 1295 1849 1355 3469,
1889 1294 2247 1344 semidiameter
2286 1290 2329 1359 5
2364 1294 2417 1353 13

157 1374 262 1418 esto
301 1370 449 1417 etiam
500 1366 813 1416 intervallum
851 1364 885 1428 Γ)
912 1365 983 1434 Ε)
1023 1367 1200 1417 31965
1239 1381 1281 1416 c.
1335 1371 1385 1417 et
1422 1366 1592 1416 semid.
1641 1368 1855 1430 corporis
1894 1364 1931 1434 Γ)
1973 1365 2106 1436 975.
2184 1365 2278 1430 Hie
2327 1366 2420 1413 etsi

157 1442 347 1491 termini
386 1440 594 1489 duarum
629 1441 1022 1504 proportionum,
1072 1442 1114 1490 si
1152 1454 1378 1489 numeros
1416 1440 1662 1505 simplices
1700 1446 1914 1503 spectes,
1963 1446 2077 1489 sunt
2114 1437 2416 1501 inaequalis-

156 1516 265 1563 simi
301 1511 558 1581 (quantum
585 1515 714 1563 enim
739 1513 888 1562 distat
919 1516 942 1562 1
968 1530 998 1563 a
1020 1515 1160 1562 3469
1175 1511 1246 1579 ‘?),
1284 1519 1448 1563 tamen
1475 1512 1634 1564 dicere
1667 1512 1983 1563 nihilominus
2006 1527 2207 1577 possum
2246 1513 2296 1559 in
2322 1525 2417 1560 nu-

155 1589 325 1648 meris,
383 1585 515 1649 quod
552 1589 802 1651 proportio
847 1590 871 1636 1
913 1587 977 1636 ad
1017 1587 1157 1636 3469
1196 1588 1264 1635 sit
1310 1585 1374 1636 ad
1411 1601 1549 1651 prop.
1591 1581 1698 1656 9¹l5
1743 1586 1807 1637 ad
1847 1588 2049 1648 31965‚
2098 1592 2154 1635 ut
2196 1587 2220 1634 1
2252 1583 2327 1649 ‚ad
2373 1586 2417 1645 l,

156 1662 239 1723 qui
283 1661 474 1709 numeri
512 1666 627 1709 sunt
661 1662 859 1723 penitus
895 1659 1145 1723 aequales.
1222 1659 1321 1709 Sed
1359 1659 1423 1709 ad
1461 1659 1836 1724 explicationem
1885 1659 2033 1724 huius
2071 1672 2215 1709 casus
2252 1671 2419 1707 rever-

155 1742 343 1783 tamur:
384 1734 502 1797 quia
537 1735 665 1783 enim
705 1739 924 1783 tenemus
962 1735 1011 1781 in
1049 1733 1143 1782 hoc
1180 1747 1295 1783 casu
1334 1748 1472 1798 prop.
1510 1732 1780 1798 simplicem
1819 1732 2163 1784 diametrorum
2211 1732 2261 1780 in
2298 1730 2412 1794 glo-

153 1807 245 1868 bis,
295 1806 429 1869 quod
467 1807 531 1855 sit
568 1806 758 1868 eadem,
798 1821 926 1870 quae
965 1806 1310 1856 diametrorum
1347 1808 1397 1855 in
1434 1807 1650 1867 orbibus,
1689 1822 1838 1871 quam
1862 1807 1990 1856 lueis
2015 1819 2168 1857 eausa
2202 1804 2418 1868 expressi

153 1881 366 1929 numeris
405 1879 625 1929 rotundis
677 1886 727 1929 et
763 1880 964 1943 integris
1009 1883 1035 1928 1
1077 1886 1126 1930 et
1167 1881 1233 1929 10
1271 1881 1412 1941 (vere
1450 1881 1580 1930 enim
1620 1879 1818 1931 deberet
1867 1895 1976 1931 esse
2020 1883 2043 1929 1
2086 1878 2151 1929 ad
2192 1873 2296 1946 91]ὃ
2334 1879 2417 1938 0.),

153 1959 421 2016 sequuntur
477 1967 605 2002 nunc
657 1955 949 2003 necessitate
987 1954 1285 2015 geometrica
1334 1955 1482 2004 etiam
1531 1953 1917 2017 superficierum,
1974 1955 2123 2003 etiam
2162 1965 2417 2015 corporum

152 2027 490 2090 proportiones
540 2026 804 2091 simplices.
879 2027 1127 2077 Docemur
1164 2028 1292 2076 enim
1330 2028 1378 2075 in
1415 2028 1698 2091 geometria,
1739 2026 1872 2091 quod
1894 2028 2146 2092 proportio
2174 2020 2419 2092 (simplex)

152 2099 515 2164 superficierum
562 2101 627 2148 sit
662 2101 991 2164 proportionis
1026 2097 1300 2167 (simplicis)
1338 2099 1683 2150 diametrorum
1710 2099 1861 2165 dupla
1885 2099 2052 2168 (sensu
2069 2094 2419 2170 reduplicato),

157 2179 206 2223 et
242 2172 374 2236 quod
420 2174 671 2237 proportio
711 2169 969 2241 (simplex)
1008 2187 1264 2238 corporum
1303 2174 1367 2222 sit
1390 2175 1720 2238 proportionis
1754 2174 2036 2238 (simplicis)
2075 2172 2418 2222 diametrorum

157 2245 304 2310 tripla
342 2246 507 2312 (sensu
546 2249 720 2295 iterum
757 2244 1094 2313 reduplicato).
1170 2245 1287 2297 Jam
1325 2261 1474 2311 supra
1511 2261 1628 2297 vero
1668 2247 1828 2309 docui,
1868 2247 2105 2312 duplicari
2139 2245 2418 2310 proportio-

155 2334 290 2379 nem,
347 2321 390 2368 si
436 2321 626 2369 termini
675 2320 802 2381 bini,
855 2319 1114 2384 triplicari,
1161 2321 1204 2369 si
1242 2322 1432 2370 termini
1469 2322 1592 2370 terni
1642 2322 1691 2369 in
1730 2336 1784 2371 se
1833 2320 2230 2385 multiplicentur.
2306 2318 2417 2367 Duc
2523 2313 2532 2331 ⁰

155 2394 300 2457 igitur
344 2395 367 2441 1
410 2393 459 2440 iu
503 2395 527 2442 1
553 2432 565 2449 ‚
617 2394 682 2442 10
720 2394 771 2441 in
813 2394 905 2455 10,
956 2395 1136 2444 orietur
1170 2391 1377 2458 simplex
1414 2395 1664 2458 proportio
1701 2394 2067 2458 superficierum
2111 2396 2133 2442 1
2177 2391 2240 2442 ad
2283 2392 2414 2452 1003

157 2465 251 2515 duc
298 2467 322 2514 1
364 2466 415 2513 in
457 2467 482 2514 1
524 2471 575 2515 et
615 2467 672 2527 1,
723 2468 794 2515 sic
836 2467 902 2516 10
940 2468 990 2515 in
1033 2468 1100 2516 10
1140 2473 1190 2517 et
1215 2468 1324 2535 .¹02
1370 2468 1550 2518 orietur
1588 2467 1793 2532 simplex
1829 2482 1968 2532 prop.
2008 2465 2416 2532 corpulentiarum

161 2541 185 2589 1
228 2538 293 2588 ad
337 2538 492 2588 1000.
574 2538 739 2602 Atque
776 2538 857 2588 bie
893 2545 969 2589 est
1002 2542 1187 2604 primus
1221 2554 1381 2591 casus.

305 2610 561 2661 Secundus
612 2626 755 2662 casus
805 2612 955 2663 babet
991 2613 1111 2674 boc,
1166 2614 1529 2680 proportionem
1580 2613 1945 2663 intervallorum
1982 2612 2030 2680 (l
2073 2612 2138 2662 ad
2181 2607 2267 2678 10)
2303 2624 2410 2660 esse

160 2684 581 2735 accommodatam
621 2685 967 2750 superficiebus
1004 2685 1261 2750 globorum
1300 2685 1344 2755 5
1383 2692 1432 2736 et
1467 2683 1529 2752 ἢ.
1605 2687 1851 2736 Docemur
1886 2701 2004 2736 vero
2042 2688 2091 2735 in
2127 2685 2411 2750 geometria,

158 2757 291 2821 quod
333 2760 583 2823 proportio
621 2757 863 2825 (simplex)
902 2759 1264 2824 superficierum
1300 2761 1365 2809 sit
1399 2762 1724 2824 proportionis
1750 2757 2024 2826 (simplicis)
2063 2759 2411 2810 diametrorum

159 2830 310 2894 dupla
351 2834 522 2893 (sensu
559 2831 902 2897 reduplicato).
980 2833 1168 2896 Quare,
1207 2839 1262 2882 ut
1298 2833 1536 2883 habeatur
1572 2833 1653 2883 bic
1690 2835 1939 2898 proportio
1977 2833 2185 2896 simplex
2222 2832 2412 2882 diame-

156 2910 367 2965 trorum,
429 2911 621 2968 oportet
657 2906 875 2957 bisecare
925 2920 1065 2971 prop.
1103 2906 1373 2971 simplicem
1419 2909 1441 2955 l
1483 2905 1548 2956 ad
1590 2908 1670 2956 10.
1746 2906 1815 2957 At
1852 2922 2001 2971 supra
2038 2905 2209 2968 docui,
2255 2905 2413 2955 secari

156 2979 523 3041 proportionem
561 2980 610 3026 in
648 2979 879 3043 aequalia
916 2979 1031 3042 duo,
1069 2980 1111 3029 si
1148 2994 1236 3044 pro
1262 2981 1477 3030 terminis
1503 2981 1829 3044 proportionis
1862 2980 2219 3030 constituantur
2243 2992 2412 3029 eorum

156 3049 344 3100 radices
383 3050 666 3113 quadratae.
741 3054 831 3102 Est
866 3068 985 3104 vero
1022 3053 1160 3103 radix
1198 3053 1438 3117 quadrata
1484 3053 1545 3103 de
1589 3057 1611 3102 1
1655 3053 1824 3104 itidem
1867 3056 1922 3115 1,
1972 3059 2022 3102 et
2058 3053 2118 3103 de
2163 3054 2228 3102 10
2272 3049 2413 3100 radix

159 3121 400 3187 quadrata
439 3126 468 3174 3
502 3125 586 3182 ψ.
660 3125 801 3176 Haec
836 3129 983 3190 igitur
1020 3129 1070 3175 in
1108 3126 1322 3177 secundo
1361 3141 1479 3177 casu
1514 3126 1599 3177 fiet
1632 3129 1880 3191 proportio
1919 3123 2181 3194 (simplex)
2222 3124 2413 3175 diame-

160 3204 344 3246 trorum
382 3198 432 3244 in
469 3196 650 3260 globis.
724 3199 789 3256 Et
818 3200 938 3263 jam,
979 3202 1097 3263 quia
1134 3215 1390 3265 corporum
1425 3201 1675 3264 proportio
1713 3206 1789 3250 est
1827 3200 2170 3249 diametrorum
2206 3212 2415 3262 propor-

159 3271 305 3324 tionis
345 3268 514 3333 (sensu
551 3270 779 3334 simplici)
819 3273 967 3336 tripla
1004 3272 1178 3336 (sensu
1214 3271 1575 3342 reduplicato),
1622 3288 1774 3337 quare
1813 3273 1972 3323 ductis
2021 3274 2070 3321 in
2107 3287 2161 3323 se
2209 3272 2324 3321 binc
2366 3273 2411 3330 1,

165 3346 209 3403 1,
255 3345 298 3404 1,
340 3341 452 3392 inde
492 3357 611 3393 vero
650 3345 680 3392 3
712 3346 804 3405 -}-‚
860 3347 891 3395 3
923 3348 1015 3407 4,
1069 3349 1100 3396 3
1134 3350 1191 3407 4-
1213 3383 1226 3410 ,
1280 3349 1493 3398 orientur
1526 3349 1718 3397 termini
1755 3347 2084 3411 proportionis
2123 3342 2412 3413 (simplicis)

159 3429 430 3479 corporum,
471 3429 538 3465 sc.
565 3419 611 3464 .1
654 3423 703 3466 et
741 3420 806 3465 27
841 3420 899 3477 -Ι-
921 3455 933 3479 ,
971 3419 1023 3468 id
1059 3426 1135 3470 est
1172 3435 1212 3469 c.
1255 3422 1340 3470 30.
1415 3421 1479 3470 Et
1513 3420 1608 3470 boc
1643 3423 1694 3469 in
1728 3418 1942 3470 secundo
1981 3433 2113 3469 casu.

303 3488 498 3538 Tertius
547 3490 695 3552 igitur
743 3505 909 3551 casus,
961 3507 1106 3555 quem
1151 3495 1424 3544 rationibus
1473 3493 1798 3558 archetypieis
1849 3492 2083 3557 probasse
2125 3505 2414 3556 persuasum

161 3562 346 3622 habeo,
400 3560 518 3609 dicit
554 3562 672 3612 hoc:
728 3566 1092 3627 proportionem
1138 3567 1507 3617 intervallorum
1548 3569 1574 3616 1
1615 3566 1680 3616 ad
1722 3569 1787 3617 10
1838 3564 2254 3615 accommodatam
2304 3578 2413 3613 esse

163 3637 313 3685 etiam
363 3635 483 3698 ipsis
522 3635 837 3698 corpulentiis
875 3637 1156 3700 globorum,
1211 3646 1288 3701 ut,
1338 3643 1466 3690 sicut
1514 3654 1567 3690 se
1604 3640 1756 3690 habet
1801 3638 2161 3689 semidiameter
2198 3637 2331 3687 orbis
2367 3635 2410 3703 5

160 3707 225 3758 ad
263 3707 675 3758 semidiametrum
713 3711 843 3760 orbis
880 3707 944 3776 Υ),
982 3713 1053 3761 sic
1090 3726 1144 3761 se
1169 3711 1350 3763 babeat
1375 3716 1535 3778 ipsum
1561 3726 1737 3779 corpus
1762 3711 1834 3780 5,
1873 3727 2024 3762 causa
2047 3713 2223 3761 interni
2248 3711 2412 3774 spatii,
2516 3729 2524 3763 .·

164 3780 230 3831 ad
266 3783 432 3845 ipsum
470 3795 645 3845 corpus
683 3778 738 3847 Β.
813 3783 922 3833 Hoc
958 3786 1148 3848 posito,
1196 3787 1530 3851 quaerendum
1568 3792 1671 3848 est,
1718 3790 1931 3850 quantae
1967 3787 2065 3835 sint
2099 3784 2411 3849 appariturae

160 3857 210 3904 in
247 3854 409 3906 Terris
462 3869 718 3919 corporum
769 3855 1018 3922 diametri3
1073 3860 1351 3922 quaerenda
1402 3866 1477 3913 est
1523 3861 1671 3925 igitur
1706 3861 1955 3926 proportio
2001 3860 2110 3924 ipsa
2147 3871 2266 3911 vera
2304 3855 2414 3909 dia·
2511 3860 2520 3927 ξ
