<?xml version="1.0" encoding="UTF-8"?>
<!DOCTYPE html PUBLIC "-//W3C//DTD XHTML 1.0 Transitional//EN"
    "http://www.w3.org/TR/xhtml1/DTD/xhtml1-transitional.dtd">
<html xmlns="http://www.w3.org/1999/xhtml" xml:lang="en" lang="en">
 <head>
  <title>
</title>
<meta http-equiv="Content-Type" content="text/html;charset=utf-8" />
  <meta name='ocr-system' content='tesseract 3.04.00' />
  <meta name='ocr-capabilities' content='ocr_page ocr_carea ocr_par ocr_line ocrx_word'/>
</head>
<body>
  <div class='ocr_page' id='page_1' title='image "./operaomniaedidit06kepluoft_0537.png"; bbox 0 0 2554 4140; ppageno 0'>
   <div class='ocr_carea' id='block_1_1' title="bbox 1059 118 2430 174">
    <p class='ocr_par' dir='ltr' id='par_1_1' title="bbox 1059 118 2430 174">
     <span class='ocr_line' id='line_1_1' title="bbox 1059 118 2430 174; baseline 0.006 -12"><span class='ocrx_word' id='word_1_1' title='bbox 1059 118 1201 164; x_wconf 89' lang='lat' dir='ltr'><strong>Liber</strong></span> <span class='ocrx_word' id='word_1_2' title='bbox 1232 118 1475 174; x_wconf 82' lang='lat' dir='ltr'><strong>Septimus.</strong></span> <span class='ocrx_word' id='word_1_3' title='bbox 2285 121 2387 170; x_wconf 84' lang='lat'><strong>523</strong></span> <span class='ocrx_word' id='word_1_4' title='bbox 2428 121 2430 123; x_wconf 72' lang='grc'><strong>’</strong></span> 
     </span>
    </p>
   </div>
   <div class='ocr_carea' id='block_1_2' title="bbox 46 264 2414 1787">
    <p class='ocr_par' dir='ltr' id='par_1_2' title="bbox 125 264 2391 691">
     <span class='ocr_line' id='line_1_2' title="bbox 138 264 2390 330; baseline 0.001 -17"><span class='ocrx_word' id='word_1_5' title='bbox 138 264 200 314; x_wconf 88' lang='lat' dir='ltr'><strong>ad</strong></span> <span class='ocrx_word' id='word_1_6' title='bbox 243 279 385 314; x_wconf 85' lang='lat' dir='ltr'><strong>axem</strong></span> <span class='ocrx_word' id='word_1_7' title='bbox 422 265 764 314; x_wconf 89' lang='lat' dir='ltr'><strong>turbinationis</strong></span> <span class='ocrx_word' id='word_1_8' title='bbox 802 264 932 315; x_wconf 87' lang='lat' dir='ltr'><strong>Solis</strong></span> <span class='ocrx_word' id='word_1_9' title='bbox 980 281 1069 316; x_wconf 89' lang='lat' dir='ltr'><strong>seu</strong></span> <span class='ocrx_word' id='word_1_10' title='bbox 1107 266 1276 330; x_wconf 75' lang='lat' dir='ltr'><strong>polum</strong></span> <span class='ocrx_word' id='word_1_11' title='bbox 1313 269 1499 329; x_wconf 85' lang='lat' dir='ltr'><strong>regium</strong></span> <span class='ocrx_word' id='word_1_12' title='bbox 1537 267 1582 316; x_wconf 90' lang='lat' dir='ltr'><strong>A</strong></span> <span class='ocrx_word' id='word_1_13' title='bbox 1621 267 1695 330; x_wconf 87' lang='lat' dir='ltr'><strong>(id</strong></span> <span class='ocrx_word' id='word_1_14' title='bbox 1734 267 1865 330; x_wconf 91' lang='lat' dir='ltr'><strong>quod</strong></span> <span class='ocrx_word' id='word_1_15' title='bbox 1903 281 1989 330; x_wconf 90' lang='lat' dir='ltr'><strong>per</strong></span> <span class='ocrx_word' id='word_1_16' title='bbox 2025 281 2077 316; x_wconf 89' lang='lat' dir='ltr'><strong>se</strong></span> <span class='ocrx_word' id='word_1_17' title='bbox 2119 266 2390 328; x_wconf 82' lang='lat' dir='ltr'><strong>verisimile,</strong></span> 
     </span>
     <span class='ocr_line' id='line_1_3' title="bbox 137 337 2390 403; baseline 0.002 -17"><span class='ocrx_word' id='word_1_18' title='bbox 137 352 247 386; x_wconf 90' lang='lat' dir='ltr'><strong>cum</strong></span> <span class='ocrx_word' id='word_1_19' title='bbox 283 337 406 386; x_wconf 89' lang='lat' dir='ltr'><strong>haec</strong></span> <span class='ocrx_word' id='word_1_20' title='bbox 441 338 537 385; x_wconf 89' lang='lat' dir='ltr'><strong>sint</strong></span> <span class='ocrx_word' id='word_1_21' title='bbox 576 337 672 386; x_wconf 94' lang='lat' dir='ltr'><strong>duo</strong></span> <span class='ocrx_word' id='word_1_22' title='bbox 710 339 948 402; x_wconf 88' lang='lat' dir='ltr'><strong>principia</strong></span> <span class='ocrx_word' id='word_1_23' title='bbox 983 342 1140 403; x_wconf 89' lang='lat' dir='ltr'><strong>prima</strong></span> <span class='ocrx_word' id='word_1_24' title='bbox 1164 346 1384 389; x_wconf 91' lang='lat' dir='ltr'><strong>motuum</strong></span> <span class='ocrx_word' id='word_1_25' title='bbox 1421 341 1783 390; x_wconf 65' lang='lat' dir='ltr'><strong>mundanorum&gt;</strong></span> <span class='ocrx_word' id='word_1_26' title='bbox 1804 342 2031 400; x_wconf 90' lang='lat' dir='ltr'><strong>omnium,</strong></span> <span class='ocrx_word' id='word_1_27' title='bbox 2073 345 2127 388; x_wconf 93' lang='lat' dir='ltr'><strong>ut</strong></span> <span class='ocrx_word' id='word_1_28' title='bbox 2152 340 2275 388; x_wconf 91' lang='lat' dir='ltr'><strong>libro</strong></span> <span class='ocrx_word' id='word_1_29' title='bbox 2300 340 2390 390; x_wconf 88' lang='lat' dir='ltr'><strong>IV.</strong></span> 
     </span>
     <span class='ocr_line' id='line_1_4' title="bbox 137 410 2389 476; baseline 0.002 -18"><span class='ocrx_word' id='word_1_30' title='bbox 137 410 518 458; x_wconf 89' lang='lat' dir='ltr'><strong>demonstratum</strong></span> <span class='ocrx_word' id='word_1_31' title='bbox 558 412 654 471; x_wconf 89' lang='lat' dir='ltr'><strong>est)</strong></span> <span class='ocrx_word' id='word_1_32' title='bbox 693 416 741 459; x_wconf 92' lang='lat' dir='ltr'><strong>et</strong></span> <span class='ocrx_word' id='word_1_33' title='bbox 778 411 871 460; x_wconf 89' lang='lat' dir='ltr'><strong>hoc</strong></span> <span class='ocrx_word' id='word_1_34' title='bbox 908 415 1064 462; x_wconf 86' lang='lat' dir='ltr'><strong>secuti</strong></span> <span class='ocrx_word' id='word_1_35' title='bbox 1100 427 1268 462; x_wconf 89' lang='lat' dir='ltr'><strong>sumus</strong></span> <span class='ocrx_word' id='word_1_36' title='bbox 1303 412 1428 462; x_wconf 89' lang='lat' dir='ltr'><strong>libro</strong></span> <span class='ocrx_word' id='word_1_37' title='bbox 1470 413 1562 461; x_wconf 84' lang='lat'>111.</span> <span class='ocrx_word' id='word_1_38' title='bbox 1603 414 1684 462; x_wconf 85' lang='lat' dir='ltr'><strong>fol.</strong></span> <span class='ocrx_word' id='word_1_39' title='bbox 1728 415 1847 476; x_wconf 82' lang='lat'><strong>229,</strong></span> <span class='ocrx_word' id='word_1_40' title='bbox 1887 428 1975 462; x_wconf 87' lang='lat' dir='ltr'><strong>seu</strong></span> <span class='ocrx_word' id='word_1_41' title='bbox 2014 412 2145 476; x_wconf 92' lang='lat' dir='ltr'><strong>quod</strong></span> <span class='ocrx_word' id='word_1_42' title='bbox 2183 411 2389 462; x_wconf 87' lang='lat' dir='ltr'><strong>circulus</strong></span> 
     </span>
     <span class='ocr_line' id='line_1_5' title="bbox 134 482 2390 548; baseline 0.002 -18"><span class='ocrx_word' id='word_1_43' title='bbox 134 482 289 542; x_wconf 88' lang='lat' dir='ltr'><strong>LCM,</strong></span> <span class='ocrx_word' id='word_1_44' title='bbox 329 483 420 531; x_wconf 92' lang='lat' dir='ltr'><strong>sub</strong></span> <span class='ocrx_word' id='word_1_45' title='bbox 460 496 556 545; x_wconf 90' lang='lat' dir='ltr'><strong>quo</strong></span> <span class='ocrx_word' id='word_1_46' title='bbox 595 482 738 545; x_wconf 90' lang='lat' dir='ltr'><strong>polus</strong></span> <span class='ocrx_word' id='word_1_47' title='bbox 775 484 942 533; x_wconf 91' lang='lat' dir='ltr'><strong>mundi</strong></span> <span class='ocrx_word' id='word_1_48' title='bbox 979 500 1065 548; x_wconf 90' lang='lat' dir='ltr'><strong>per</strong></span> <span class='ocrx_word' id='word_1_49' title='bbox 1098 485 1221 541; x_wconf 86' lang='lat' dir='ltr'><strong>fixas</strong></span> <span class='ocrx_word' id='word_1_50' title='bbox 1259 485 1453 546; x_wconf 85' lang='lat' dir='ltr'>incedit,</span> <span class='ocrx_word' id='word_1_51' title='bbox 1493 488 1558 533; x_wconf 86' lang='lat' dir='ltr'><strong>sit</strong></span> <span class='ocrx_word' id='word_1_52' title='bbox 1595 501 1652 534; x_wconf 89' lang='lat' dir='ltr'><strong>ex</strong></span> <span class='ocrx_word' id='word_1_53' title='bbox 1695 486 1738 534; x_wconf 91' lang='lat' dir='ltr'><strong>A</strong></span> <span class='ocrx_word' id='word_1_54' title='bbox 1775 486 1890 548; x_wconf 91' lang='lat' dir='ltr'><strong>polo</strong></span> <span class='ocrx_word' id='word_1_55' title='bbox 1929 488 2063 548; x_wconf 86' lang='lat' dir='ltr'><strong>regio</strong></span> <span class='ocrx_word' id='word_1_56' title='bbox 2104 486 2390 548; x_wconf 88' lang='lat' dir='ltr'><strong>descriptus,</strong></span> 
     </span>
     <span class='ocr_line' id='line_1_6' title="bbox 139 555 2391 621; baseline 0.002 -18"><span class='ocrx_word' id='word_1_57' title='bbox 139 555 196 616; x_wconf 82' lang='lat'><strong>2)</strong></span> <span class='ocrx_word' id='word_1_58' title='bbox 236 555 367 617; x_wconf 90' lang='lat' dir='ltr'><strong>quod</strong></span> <span class='ocrx_word' id='word_1_59' title='bbox 417 555 559 618; x_wconf 90' lang='lat' dir='ltr'><strong>polus</strong></span> <span class='ocrx_word' id='word_1_60' title='bbox 609 556 860 619; x_wconf 90' lang='lat' dir='ltr'><strong>eclipticae</strong></span> <span class='ocrx_word' id='word_1_61' title='bbox 911 560 1233 621; x_wconf 85' lang='lat' dir='ltr'><strong>temporariae</strong></span> <span class='ocrx_word' id='word_1_62' title='bbox 1270 557 1312 606; x_wconf 94' lang='lat' dir='ltr'>P</span> <span class='ocrx_word' id='word_1_63' title='bbox 1349 559 1412 607; x_wconf 88' lang='lat' dir='ltr'><strong>sit</strong></span> <span class='ocrx_word' id='word_1_64' title='bbox 1452 558 1653 607; x_wconf 86' lang='lat' dir='ltr'><strong>celerior</strong></span> <span class='ocrx_word' id='word_1_65' title='bbox 1703 560 1831 607; x_wconf 84' lang='lat' dir='ltr'><strong>circa</strong></span> <span class='ocrx_word' id='word_1_66' title='bbox 1858 562 1914 606; x_wconf 78' lang='lat' dir='ltr'><strong>A</strong></span> <span class='ocrx_word' id='word_1_67' title='bbox 1953 560 2000 605; x_wconf 89' lang='lat' dir='ltr'><strong>in</strong></span> <span class='ocrx_word' id='word_1_68' title='bbox 2040 558 2391 620; x_wconf 82' lang='lat' dir='ltr'><strong>antecedentia,</strong></span> 
     </span>
     <span class='ocr_line' id='line_1_7' title="bbox 125 624 1208 691; baseline 0.003 -15"><span class='ocrx_word' id='word_1_69' title='bbox 125 642 288 691; x_wconf 83' lang='lat' dir='ltr'><strong>quam</strong></span> <span class='ocrx_word' id='word_1_70' title='bbox 323 624 466 691; x_wconf 88' lang='lat' dir='ltr'><strong>polus</strong></span> <span class='ocrx_word' id='word_1_71' title='bbox 504 628 673 677; x_wconf 91' lang='lat' dir='ltr'><strong>mundi</strong></span> <span class='ocrx_word' id='word_1_72' title='bbox 712 629 766 677; x_wconf 88' lang='lat' dir='ltr'><strong>E.</strong></span> <span class='ocrx_word' id='word_1_73' title='bbox 816 633 910 689; x_wconf 77' lang='lat' dir='ltr'><strong>(cfr.</strong></span> <span class='ocrx_word' id='word_1_74' title='bbox 941 641 1085 679; x_wconf 83' lang='lat' dir='ltr'><strong>annot.</strong></span> <span class='ocrx_word' id='word_1_75' title='bbox 1109 634 1208 690; x_wconf 82' lang='lat'><strong>37.)</strong></span> 
     </span>
    </p>

    <p class='ocr_par' dir='ltr' id='par_1_3' title="bbox 46 702 2398 1204">
     <span class='ocr_line' id='line_1_8' title="bbox 280 702 2394 765; baseline 0.001 -16"><span class='ocrx_word' id='word_1_76' title='bbox 280 703 487 763; x_wconf 74' lang='lat' dir='ltr'><strong>Quanta</strong></span> <span class='ocrx_word' id='word_1_77' title='bbox 524 708 594 750; x_wconf 81' lang='lat' dir='ltr'><strong>est</strong></span> <span class='ocrx_word' id='word_1_78' title='bbox 631 702 849 751; x_wconf 86' lang='lat' dir='ltr'><strong>latitudo</strong></span> <span class='ocrx_word' id='word_1_79' title='bbox 885 717 974 751; x_wconf 80' lang='lat' dir='ltr'><strong>seu</strong></span> <span class='ocrx_word' id='word_1_80' title='bbox 1010 704 1277 753; x_wconf 77' lang='lat' dir='ltr'><em>inclinatio</em></span> <span class='ocrx_word' id='word_1_81' title='bbox 1313 706 1546 753; x_wconf 74' lang='lat' dir='ltr'><strong>maxima</strong></span> <span class='ocrx_word' id='word_1_82' title='bbox 1571 703 1760 762; x_wconf 74' lang='lat' dir='ltr'><strong>limitis,</strong></span> <span class='ocrx_word' id='word_1_83' title='bbox 1798 717 1886 751; x_wconf 80' lang='lat' dir='ltr'><strong>seu</strong></span> <span class='ocrx_word' id='word_1_84' title='bbox 1925 711 2124 765; x_wconf 82' lang='lat' dir='ltr'><strong>quanta</strong></span> <span class='ocrx_word' id='word_1_85' title='bbox 2149 705 2394 752; x_wconf 77' lang='lat' dir='ltr'><em>distantia</em></span> 
     </span>
     <span class='ocr_line' id='line_1_9' title="bbox 128 771 2394 839; baseline 0 -15"><span class='ocrx_word' id='word_1_86' title='bbox 128 775 368 838; x_wconf 78' lang='lat' dir='ltr'><strong>polorum</strong></span> <span class='ocrx_word' id='word_1_87' title='bbox 408 774 503 822; x_wconf 89' lang='lat' dir='ltr'><strong>PA</strong></span> <span class='ocrx_word' id='word_1_88' title='bbox 541 775 791 838; x_wconf 81' lang='lat' dir='ltr'><strong>eclipticae</strong></span> <span class='ocrx_word' id='word_1_89' title='bbox 827 782 873 823; x_wconf 82' lang='lat' dir='ltr'><strong>et</strong></span> <span class='ocrx_word' id='word_1_90' title='bbox 911 777 1114 838; x_wconf 75' lang='lat' dir='ltr'><strong>reyiae?</strong></span> <span class='ocrx_word' id='word_1_91' title='bbox 1159 783 1206 825; x_wconf 85' lang='lat' dir='ltr'><strong>et</strong></span> <span class='ocrx_word' id='word_1_92' title='bbox 1241 783 1440 839; x_wconf 78' lang='lat' dir='ltr'><strong>quanta</strong></span> <span class='ocrx_word' id='word_1_93' title='bbox 1471 776 1582 839; x_wconf 82' lang='lat' dir='ltr'><strong>poli</strong></span> <span class='ocrx_word' id='word_1_94' title='bbox 1619 775 1802 823; x_wconf 84' lang='lat' dir='ltr'><strong>mundi</strong></span> <span class='ocrx_word' id='word_1_95' title='bbox 1843 771 1897 823; x_wconf 81' lang='lat' dir='ltr'><em>F</em></span> <span class='ocrx_word' id='word_1_96' title='bbox 1929 776 2172 825; x_wconf 79' lang='lat' dir='ltr'><em>distantia</em></span> <span class='ocrx_word' id='word_1_97' title='bbox 2209 792 2241 824; x_wconf 88' lang='grc' dir='ltr'><em>α</em></span> <span class='ocrx_word' id='word_1_98' title='bbox 2274 778 2394 838; x_wconf 82' lang='lat' dir='ltr'><strong>polo</strong></span> 
     </span>
     <span class='ocr_line' id='line_1_10' title="bbox 133 848 2389 912; baseline 0.001 -16"><span class='ocrx_word' id='word_1_99' title='bbox 133 850 271 911; x_wconf 73' lang='lat' dir='ltr'><strong>reyio</strong></span> <span class='ocrx_word' id='word_1_100' title='bbox 310 848 377 909; x_wconf 84' lang='lat' dir='ltr'><strong>A,</strong></span> <span class='ocrx_word' id='word_1_101' title='bbox 426 853 474 895; x_wconf 82' lang='lat' dir='ltr'><strong>et</strong></span> <span class='ocrx_word' id='word_1_102' title='bbox 521 848 658 896; x_wconf 81' lang='lat' dir='ltr'><strong>unde</strong></span> <span class='ocrx_word' id='word_1_103' title='bbox 702 848 1003 897; x_wconf 76' lang='lat' dir='ltr'><em>deducitur?</em></span> <span class='ocrx_word' id='word_1_104' title='bbox 1056 849 1208 898; x_wconf 83' lang='lat' dir='ltr'><strong>Varla</strong></span> <span class='ocrx_word' id='word_1_105' title='bbox 1253 855 1424 912; x_wconf 87' lang='lat' dir='ltr'><strong>posset</strong></span> <span class='ocrx_word' id='word_1_106' title='bbox 1474 850 1599 897; x_wconf 88' lang='lat' dir='ltr'><strong>sumi</strong></span> <span class='ocrx_word' id='word_1_107' title='bbox 1650 850 1897 910; x_wconf 81' lang='lat' dir='ltr'><em>quantitas</em></span> <span class='ocrx_word' id='word_1_108' title='bbox 1948 849 2119 897; x_wconf 89' lang='lat' dir='ltr'><strong>horum</strong></span> <span class='ocrx_word' id='word_1_109' title='bbox 2175 864 2389 899; x_wconf 88' lang='lat' dir='ltr'><strong>arcuum.</strong></span> 
     </span>
     <span class='ocr_line' id='line_1_11' title="bbox 133 920 2395 985; baseline 0 -15"><span class='ocrx_word' id='word_1_110' title='bbox 133 920 346 970; x_wconf 83' lang='lat' dir='ltr'><strong>Valeant</strong></span> <span class='ocrx_word' id='word_1_111' title='bbox 383 921 531 982; x_wconf 87' lang='lat' dir='ltr'><strong>igitur</strong></span> <span class='ocrx_word' id='word_1_112' title='bbox 568 921 905 985; x_wconf 79' lang='lat' dir='ltr'><strong>conjecturae,</strong></span> <span class='ocrx_word' id='word_1_113' title='bbox 944 921 1171 983; x_wconf 84' lang='lat' dir='ltr'><em>qualibus</em></span> <span class='ocrx_word' id='word_1_114' title='bbox 1210 936 1301 971; x_wconf 91' lang='lat' dir='ltr'><strong>nec</strong></span> <span class='ocrx_word' id='word_1_115' title='bbox 1344 921 1761 985; x_wconf 79' lang='lat' dir='ltr'><strong>Alphonsininec</strong></span> <span class='ocrx_word' id='word_1_116' title='bbox 1801 921 2098 983; x_wconf 87' lang='lat' dir='ltr'><strong>Copernicus</strong></span> <span class='ocrx_word' id='word_1_117' title='bbox 2138 923 2395 971; x_wconf 90' lang='lat' dir='ltr'><strong>abstinue-</strong></span> 
     </span>
     <span class='ocr_line' id='line_1_12' title="bbox 134 992 2397 1056; baseline 0 -14"><span class='ocrx_word' id='word_1_118' title='bbox 134 999 259 1042; x_wconf 89' lang='lat' dir='ltr'><strong>runt.</strong></span> <span class='ocrx_word' id='word_1_119' title='bbox 333 992 414 1040; x_wconf 91' lang='lat' dir='ltr'><strong>Illi</strong></span> <span class='ocrx_word' id='word_1_120' title='bbox 452 1008 663 1056; x_wconf 90' lang='lat' dir='ltr'><strong>namque</strong></span> <span class='ocrx_word' id='word_1_121' title='bbox 701 993 832 1042; x_wconf 89' lang='lat' dir='ltr'><strong>mille</strong></span> <span class='ocrx_word' id='word_1_122' title='bbox 866 993 1186 1056; x_wconf 89' lang='lat' dir='ltr'><strong>jubilaeis·et</strong></span> <span class='ocrx_word' id='word_1_123' title='bbox 1223 994 1354 1043; x_wconf 88' lang='lat' dir='ltr'><strong>mille</strong></span> <span class='ocrx_word' id='word_1_124' title='bbox 1381 993 1771 1044; x_wconf 85' lang='lat' dir='ltr'><strong>hebdomadibus</strong></span> <span class='ocrx_word' id='word_1_125' title='bbox 1810 1009 2046 1043; x_wconf 89' lang='lat' dir='ltr'><strong>annorum</strong></span> <span class='ocrx_word' id='word_1_126' title='bbox 2074 994 2397 1043; x_wconf 86' lang='lat' dir='ltr'><strong>definiverunt</strong></span> 
     </span>
     <span class='ocr_line' id='line_1_13' title="bbox 134 1065 2398 1131; baseline -0.001 -15"><span class='ocrx_word' id='word_1_127' title='bbox 134 1066 316 1116; x_wconf 88' lang='lat' dir='ltr'><strong>reditus</strong></span> <span class='ocrx_word' id='word_1_128' title='bbox 353 1065 556 1114; x_wconf 88' lang='lat' dir='ltr'><strong>fixarum</strong></span> <span class='ocrx_word' id='word_1_129' title='bbox 596 1073 645 1116; x_wconf 92' lang='lat' dir='ltr'><strong>et</strong></span> <span class='ocrx_word' id='word_1_130' title='bbox 683 1066 1008 1122; x_wconf 76' lang='lat' dir='ltr'><strong>cimeliorum,</strong></span> <span class='ocrx_word' id='word_1_131' title='bbox 1065 1066 1364 1131; x_wconf 86' lang='lat' dir='ltr'><strong>Gopernicus</strong></span> <span class='ocrx_word' id='word_1_132' title='bbox 1404 1083 1519 1116; x_wconf 88' lang='lat' dir='ltr'><strong>vero</strong></span> <span class='ocrx_word' id='word_1_133' title='bbox 1559 1067 2044 1129; x_wconf 77' lang='lat' dir='ltr'><strong>commensurabilem</strong></span> <span class='ocrx_word' id='word_1_134' title='bbox 2090 1068 2204 1116; x_wconf 84' lang='lat' dir='ltr'><strong>fecit</strong></span> <span class='ocrx_word' id='word_1_135' title='bbox 2243 1067 2398 1130; x_wconf 89' lang='lat' dir='ltr'><strong>eclip-</strong></span> 
     </span>
     <span class='ocr_line' id='line_1_14' title="bbox 46 1138 2396 1204; baseline 0.001 -19"><span class='ocrx_word' id='word_1_136' title='bbox 46 1181 50 1185; x_wconf 90' lang='grc'>,</span> <span class='ocrx_word' id='word_1_137' title='bbox 134 1143 260 1190; x_wconf 89' lang='lat' dir='ltr'><strong>ticae</strong></span> <span class='ocrx_word' id='word_1_138' title='bbox 299 1138 685 1201; x_wconf 87' lang='lat' dir='ltr'><strong>obliquationem</strong></span> <span class='ocrx_word' id='word_1_139' title='bbox 719 1145 767 1188; x_wconf 90' lang='lat' dir='ltr'><strong>et</strong></span> <span class='ocrx_word' id='word_1_140' title='bbox 805 1141 1222 1200; x_wconf 86' lang='lat' dir='ltr'><strong>aequinoctiorum</strong></span> <span class='ocrx_word' id='word_1_141' title='bbox 1247 1143 1638 1203; x_wconf 81' lang='lat' dir='ltr'><strong>praecessionem</strong></span> <span class='ocrx_word' id='word_1_142' title='bbox 1676 1142 1864 1190; x_wconf 89' lang='lat' dir='ltr'><strong>ratione</strong></span> <span class='ocrx_word' id='word_1_143' title='bbox 1894 1142 2150 1204; x_wconf 86' lang='lat' dir='ltr'><strong>temporis:</strong></span> <span class='ocrx_word' id='word_1_144' title='bbox 2192 1147 2396 1203; x_wconf 88' lang='lat' dir='ltr'><strong>uterque</strong></span> 
     </span>
    </p>

    <p class='ocr_par' dir='ltr' id='par_1_4' title="bbox 132 1212 2114 1278">
     <span class='ocr_line' id='line_1_15' title="bbox 132 1212 2114 1278; baseline -0.001 -16"><span class='ocrx_word' id='word_1_145' title='bbox 132 1212 528 1278; x_wconf 84' lang='lat' dir='ltr'><strong>probabilitatem</strong></span> <span class='ocrx_word' id='word_1_146' title='bbox 565 1218 763 1261; x_wconf 88' lang='lat' dir='ltr'><strong>secutus</strong></span> <span class='ocrx_word' id='word_1_147' title='bbox 802 1219 890 1274; x_wconf 86' lang='lat' dir='ltr'><strong>est,</strong></span> <span class='ocrx_word' id='word_1_148' title='bbox 930 1213 1051 1261; x_wconf 90' lang='lat' dir='ltr'><strong>citra</strong></span> <span class='ocrx_word' id='word_1_149' title='bbox 1082 1215 1425 1263; x_wconf 54' lang='lat' dir='ltr'><strong>vnecessitatem</strong></span> <span class='ocrx_word' id='word_1_150' title='bbox 1465 1214 1911 1265; x_wconf 85' lang='lat' dir='ltr'><strong>demonstrativam.</strong></span> <span class='ocrx_word' id='word_1_151' title='bbox 2110 1230 2114 1233; x_wconf 71' lang='grc'><strong>’</strong></span> 
     </span>
    </p>

    <p class='ocr_par' dir='ltr' id='par_1_5' title="bbox 135 1284 2395 1424">
     <span class='ocr_line' id='line_1_16' title="bbox 275 1284 2395 1357; baseline 0 -24"><span class='ocrx_word' id='word_1_152' title='bbox 275 1286 509 1351; x_wconf 88' lang='lat' dir='ltr'><strong>Dicamus</strong></span> <span class='ocrx_word' id='word_1_153' title='bbox 547 1286 805 1348; x_wconf 83' lang='lat' dir='ltr'><strong>itaqueet</strong></span> <span class='ocrx_word' id='word_1_154' title='bbox 829 1300 933 1357; x_wconf 75' lang='lat' dir='ltr'><strong>noe,</strong></span> <span class='ocrx_word' id='word_1_155' title='bbox 972 1286 1142 1349; x_wconf 90' lang='lat' dir='ltr'><strong>polum</strong></span> <span class='ocrx_word' id='word_1_156' title='bbox 1167 1287 1421 1350; x_wconf 89' lang='lat' dir='ltr'><strong>eclipticae</strong></span> <span class='ocrx_word' id='word_1_157' title='bbox 1461 1290 1598 1338; x_wconf 88' lang='lat' dir='ltr'><strong>initio</strong></span> <span class='ocrx_word' id='word_1_158' title='bbox 1625 1287 1792 1336; x_wconf 88' lang='lat' dir='ltr'><strong>mundi</strong></span> <span class='ocrx_word' id='word_1_159' title='bbox 1830 1287 1981 1336; x_wconf 88' lang='lat' dir='ltr'><strong>fuisse</strong></span> <span class='ocrx_word' id='word_1_160' title='bbox 2022 1287 2070 1332; x_wconf 88' lang='lat' dir='ltr'><strong>in</strong></span> <span class='ocrx_word' id='word_1_161' title='bbox 2099 1284 2158 1347; x_wconf 86' lang='lat' dir='ltr'><strong>Q,</strong></span> <span class='ocrx_word' id='word_1_162' title='bbox 2199 1284 2395 1347; x_wconf 91' lang='lat' dir='ltr'><strong>quando</strong></span> 
     </span>
     <span class='ocr_line' id='line_1_17' title="bbox 135 1354 2392 1424; baseline -0.001 -16"><span class='ocrx_word' id='word_1_163' title='bbox 135 1359 278 1424; x_wconf 88' lang='lat' dir='ltr'><strong>polus</strong></span> <span class='ocrx_word' id='word_1_164' title='bbox 302 1357 508 1406; x_wconf 90' lang='lat' dir='ltr'><strong>mundi</strong></span> <span class='ocrx_word' id='word_1_165' title='bbox 495 1373 545 1405; x_wconf 89' lang='lat' dir='ltr'><strong>m</strong></span> <span class='ocrx_word' id='word_1_166' title='bbox 571 1358 624 1420; x_wconf 92' lang='grc' dir='ltr'><strong>Ο,</strong></span> <span class='ocrx_word' id='word_1_167' title='bbox 664 1366 718 1406; x_wconf 91' lang='lat' dir='ltr'><strong>ut</strong></span> <span class='ocrx_word' id='word_1_168' title='bbox 745 1358 878 1420; x_wconf 84' lang='grc' dir='ltr'><strong>ΩΑΟ</strong></span> <span class='ocrx_word' id='word_1_169' title='bbox 905 1365 1030 1408; x_wconf 89' lang='lat' dir='ltr'><strong>essst</strong></span> <span class='ocrx_word' id='word_1_170' title='bbox 1066 1365 1240 1421; x_wconf 89' lang='lat' dir='ltr'><strong>rectus,</strong></span> <span class='ocrx_word' id='word_1_171' title='bbox 1283 1366 1331 1410; x_wconf 89' lang='lat' dir='ltr'><strong>et</strong></span> <span class='ocrx_word' id='word_1_172' title='bbox 1353 1366 1468 1409; x_wconf 90' lang='lat' dir='ltr'><strong>tunc</strong></span> <span class='ocrx_word' id='word_1_173' title='bbox 1496 1358 1590 1410; x_wconf 84' lang='grc' dir='ltr'><strong>ΑΟ</strong></span> <span class='ocrx_word' id='word_1_174' title='bbox 1621 1361 1700 1409; x_wconf 73' lang='lat' dir='ltr'><strong>vel</strong></span> <span class='ocrx_word' id='word_1_175' title='bbox 1729 1358 1813 1422; x_wconf 88' lang='grc' dir='ltr'><strong>ΩΟ</strong></span> <span class='ocrx_word' id='word_1_176' title='bbox 1841 1360 1991 1408; x_wconf 84' lang='lat' dir='ltr'><strong>fuisse</strong></span> <span class='ocrx_word' id='word_1_177' title='bbox 2033 1354 2127 1407; x_wconf 86' lang='grc'>240</span> <span class='ocrx_word' id='word_1_178' title='bbox 2159 1360 2242 1407; x_wconf 81' lang='grc'><strong>17’</strong></span> <span class='ocrx_word' id='word_1_179' title='bbox 2269 1360 2392 1419; x_wconf 81' lang='lat'><strong>40“,</strong></span> 
     </span>
    </p>

    <p class='ocr_par' dir='ltr' id='par_1_6' title="bbox 134 1430 2398 1572">
     <span class='ocr_line' id='line_1_18' title="bbox 134 1430 2398 1511; baseline 0 -31.016"><span class='ocrx_word' id='word_1_180' title='bbox 134 1439 188 1482; x_wconf 91' lang='lat' dir='ltr'><strong>ut</strong></span> <span class='ocrx_word' id='word_1_181' title='bbox 225 1434 295 1480; x_wconf 90' lang='lat' dir='ltr'><strong>ita</strong></span> <span class='ocrx_word' id='word_1_182' title='bbox 331 1430 612 1495; x_wconf 87' lang='lat' dir='ltr'><strong>superficies</strong></span> <span class='ocrx_word' id='word_1_183' title='bbox 649 1446 904 1481; x_wconf 88' lang='lat' dir='ltr'><strong>zonarum</strong></span> <span class='ocrx_word' id='word_1_184' title='bbox 919 1437 1295 1496; x_wconf 89' lang='lat' dir='ltr'><strong>temperatarum</strong></span> <span class='ocrx_word' id='word_1_185' title='bbox 1333 1439 1602 1509; x_wconf 86' lang='lat' dir='ltr'><strong>aequarent</strong></span> <span class='ocrx_word' id='word_1_186' title='bbox 1650 1432 1931 1499; x_wconf 89' lang='lat' dir='ltr'><strong>superficies</strong></span> <span class='ocrx_word' id='word_1_187' title='bbox 1970 1433 2398 1511; x_wconf 88' lang='lat' dir='ltr'><strong>intemperatarum</strong></span> 
     </span>
     <span class='ocr_line' id='line_1_19' title="bbox 141 1504 893 1572; baseline -0.003 -18"><span class='ocrx_word' id='word_1_188' title='bbox 141 1505 274 1572; x_wconf 89' lang='lat' dir='ltr'><strong>(vide</strong></span> <span class='ocrx_word' id='word_1_189' title='bbox 311 1504 437 1553; x_wconf 88' lang='lat' dir='ltr'><strong>libro</strong></span> <span class='ocrx_word' id='word_1_190' title='bbox 474 1504 567 1552; x_wconf 91' lang='lat' dir='ltr'><strong>III.</strong></span> <span class='ocrx_word' id='word_1_191' title='bbox 606 1504 688 1553; x_wconf 91' lang='lat' dir='ltr'><strong>fol.</strong></span> <span class='ocrx_word' id='word_1_192' title='bbox 731 1506 893 1566; x_wconf 83' lang='grc'>272..)</span> 
     </span>
    </p>

    <p class='ocr_par' dir='ltr' id='par_1_7' title="bbox 134 1560 2414 1787">
     <span class='ocr_line' id='line_1_20' title="bbox 276 1560 2414 1640; baseline 0 -14"><span class='ocrx_word' id='word_1_193' title='bbox 276 1578 512 1627; x_wconf 87' lang='lat' dir='ltr'><strong>Dicamus</strong></span> <span class='ocrx_word' id='word_1_194' title='bbox 550 1577 781 1638; x_wconf 85' lang='lat' dir='ltr'><strong>secundo,</strong></span> <span class='ocrx_word' id='word_1_195' title='bbox 824 1576 928 1640; x_wconf 89' lang='grc' dir='ltr'><strong>ΑΩ,</strong></span> <span class='ocrx_word' id='word_1_196' title='bbox 974 1577 1076 1638; x_wconf 86' lang='grc' dir='ltr'><strong>ΑΡ,</strong></span> <span class='ocrx_word' id='word_1_197' title='bbox 1118 1578 1206 1626; x_wconf 89' lang='grc' dir='ltr'><strong>ΑΒ</strong></span> <span class='ocrx_word' id='word_1_198' title='bbox 1246 1592 1354 1627; x_wconf 90' lang='lat' dir='ltr'><strong>esse</strong></span> <span class='ocrx_word' id='word_1_199' title='bbox 1400 1574 1453 1626; x_wconf 91' lang='lat'><strong>1⁰</strong></span> <span class='ocrx_word' id='word_1_200' title='bbox 1492 1580 1580 1626; x_wconf 67' lang='lat'><strong>471</strong></span> <span class='ocrx_word' id='word_1_201' title='bbox 1620 1580 1742 1640; x_wconf 71' lang='lat'><strong>40⁰,</strong></span> <span class='ocrx_word' id='word_1_202' title='bbox 1781 1560 1837 1626; x_wconf 85' lang='lat' dir='ltr'><strong>ut</strong></span> <span class='ocrx_word' id='word_1_203' title='bbox 1874 1579 1945 1627; x_wconf 91' lang='lat' dir='ltr'><strong>sic</strong></span> <span class='ocrx_word' id='word_1_204' title='bbox 1981 1577 2179 1627; x_wconf 89' lang='lat' dir='ltr'><strong>residua</strong></span> <span class='ocrx_word' id='word_1_205' title='bbox 2205 1575 2293 1639; x_wconf 85' lang='lat' dir='ltr'><strong>QL</strong></span> <span class='ocrx_word' id='word_1_206' title='bbox 2320 1576 2414 1626; x_wconf 75' lang='lat' dir='ltr'><strong>vel</strong></span> 
     </span>
     <span class='ocr_line' id='line_1_21' title="bbox 134 1648 2394 1716; baseline -0.001 -14"><span class='ocrx_word' id='word_1_207' title='bbox 134 1653 215 1702; x_wconf 92' lang='grc' dir='ltr'><strong>ΡΟ</strong></span> <span class='ocrx_word' id='word_1_208' title='bbox 255 1650 335 1700; x_wconf 87' lang='lat' dir='ltr'><strong>vel</strong></span> <span class='ocrx_word' id='word_1_209' title='bbox 372 1651 463 1698; x_wconf 92' lang='lat' dir='ltr'><strong>BD</strong></span> <span class='ocrx_word' id='word_1_210' title='bbox 503 1653 566 1699; x_wconf 91' lang='lat' dir='ltr'><strong>sit</strong></span> <span class='ocrx_word' id='word_1_211' title='bbox 604 1648 699 1698; x_wconf 93' lang='grc'><strong>220</strong></span> <span class='ocrx_word' id='word_1_212' title='bbox 736 1652 824 1699; x_wconf 81' lang='lat'><strong>30‘</strong></span> <span class='ocrx_word' id='word_1_213' title='bbox 838 1687 849 1711; x_wconf 92' lang='lat'><strong>,</strong></span> <span class='ocrx_word' id='word_1_214' title='bbox 896 1666 1009 1713; x_wconf 89' lang='lat' dir='ltr'><strong>pars</strong></span> <span class='ocrx_word' id='word_1_215' title='bbox 1049 1656 1225 1700; x_wconf 88' lang='lat' dir='ltr'><strong>octava</strong></span> <span class='ocrx_word' id='word_1_216' title='bbox 1262 1651 1429 1700; x_wconf 90' lang='lat' dir='ltr'><strong>circuli</strong></span> <span class='ocrx_word' id='word_1_217' title='bbox 1468 1651 1650 1716; x_wconf 87' lang='lat' dir='ltr'><strong>coluri,</strong></span> <span class='ocrx_word' id='word_1_218' title='bbox 1701 1653 1786 1714; x_wconf 90' lang='lat' dir='ltr'><strong>qui</strong></span> <span class='ocrx_word' id='word_1_219' title='bbox 1839 1666 2073 1700; x_wconf 85' lang='lat' dir='ltr'><strong>zonarum</strong></span> <span class='ocrx_word' id='word_1_220' title='bbox 2112 1649 2394 1699; x_wconf 88' lang='lat' dir='ltr'><strong>latitudines</strong></span> 
     </span>
     <span class='ocr_line' id='line_1_22' title="bbox 134 1714 2398 1787; baseline -0.001 -12"><span class='ocrx_word' id='word_1_221' title='bbox 134 1726 354 1785; x_wconf 89' lang='lat' dir='ltr'><strong>metitur,</strong></span> <span class='ocrx_word' id='word_1_222' title='bbox 400 1738 688 1786; x_wconf 89' lang='lat' dir='ltr'><strong>rursumque</strong></span> <span class='ocrx_word' id='word_1_223' title='bbox 739 1725 976 1773; x_wconf 85' lang='lat' dir='ltr'><strong>existente</strong></span> <span class='ocrx_word' id='word_1_224' title='bbox 1017 1723 1248 1773; x_wconf 87' lang='lat' dir='ltr'><strong>distantia</strong></span> <span class='ocrx_word' id='word_1_225' title='bbox 1285 1725 1510 1787; x_wconf 90' lang='lat' dir='ltr'><strong>polorum</strong></span> <span class='ocrx_word' id='word_1_226' title='bbox 1549 1725 1666 1786; x_wconf 90' lang='lat' dir='ltr'><strong>BD,</strong></span> <span class='ocrx_word' id='word_1_227' title='bbox 1691 1723 1794 1786; x_wconf 82' lang='lat' dir='ltr'><strong>-QL</strong></span> <span class='ocrx_word' id='word_1_228' title='bbox 1833 1724 1916 1774; x_wconf 87' lang='lat' dir='ltr'><strong>vel</strong></span> <span class='ocrx_word' id='word_1_229' title='bbox 1952 1723 2064 1784; x_wconf 90' lang='grc' dir='ltr'><strong>ΡΟ,</strong></span> <span class='ocrx_word' id='word_1_230' title='bbox 2111 1714 2398 1774; x_wconf 86' lang='lat' dir='ltr'><strong>tantundem</strong></span> 
     </span>
    </p>
   </div>
   <div class='ocr_carea' id='block_1_3' title="bbox 136 1796 2518 1892">
    <p class='ocr_par' dir='ltr' id='par_1_8' title="bbox 136 1796 2518 1892">
     <span class='ocr_line' id='line_1_23' title="bbox 136 1796 2518 1892; baseline -0 -44"><span class='ocrx_word' id='word_1_231' title='bbox 136 1799 195 1848; x_wconf 90' lang='lat' dir='ltr'><strong>de</strong></span> <span class='ocrx_word' id='word_1_232' title='bbox 231 1799 327 1847; x_wconf 93' lang='lat' dir='ltr'><strong>hoc</strong></span> <span class='ocrx_word' id='word_1_233' title='bbox 365 1796 532 1845; x_wconf 92' lang='lat' dir='ltr'><strong>coluro</strong></span> <span class='ocrx_word' id='word_1_234' title='bbox 570 1798 905 1859; x_wconf 88' lang='lat' dir='ltr'><strong>intercipiatur</strong></span> <span class='ocrx_word' id='word_1_235' title='bbox 943 1813 974 1845; x_wconf 92' lang='lat' dir='ltr'><strong>a</strong></span> <span class='ocrx_word' id='word_1_236' title='bbox 1012 1799 1294 1861; x_wconf 83' lang='lat' dir='ltr'><strong>temperatis</strong></span> <span class='ocrx_word' id='word_1_237' title='bbox 1319 1800 1471 1859; x_wconf 86' lang='lat' dir='ltr'><strong>zonis,</strong></span> <span class='ocrx_word' id='word_1_238' title='bbox 1513 1805 1747 1861; x_wconf 88' lang='lat' dir='ltr'><strong>quantum</strong></span> <span class='ocrx_word' id='word_1_239' title='bbox 1787 1798 1849 1847; x_wconf 88' lang='lat' dir='ltr'><strong>ab</strong></span> <span class='ocrx_word' id='word_1_240' title='bbox 1882 1798 2230 1892; x_wconf 76' lang='lat' dir='ltr'><strong>intemperatiS,</strong></span> <span class='ocrx_word' id='word_1_241' title='bbox 2271 1810 2422 1860; x_wconf 63' lang='lat' dir='ltr'><strong>quae-</strong></span> <span class='ocrx_word' id='word_1_242' title='bbox 2513 1823 2518 1829; x_wconf 55' lang='lat'><em>1</em></span> 
     </span>
    </p>
   </div>
   <div class='ocr_carea' id='block_1_4' title="bbox 135 1870 2404 3905">
    <p class='ocr_par' dir='ltr' id='par_1_9' title="bbox 136 1870 1121 1933">
     <span class='ocr_line' id='line_1_24' title="bbox 136 1870 1121 1933; baseline -0.003 -12"><span class='ocrx_word' id='word_1_243' title='bbox 136 1871 437 1922; x_wconf 89' lang='lat' dir='ltr'><strong>concinnitas</strong></span> <span class='ocrx_word' id='word_1_244' title='bbox 476 1875 551 1919; x_wconf 89' lang='lat' dir='ltr'><strong>est</strong></span> <span class='ocrx_word' id='word_1_245' title='bbox 588 1870 834 1933; x_wconf 89' lang='lat' dir='ltr'><strong>explicata</strong></span> <span class='ocrx_word' id='word_1_246' title='bbox 873 1870 956 1919; x_wconf 83' lang='lat' dir='ltr'><strong>fol.</strong></span> <span class='ocrx_word' id='word_1_247' title='bbox 999 1873 1121 1921; x_wconf 85' lang='lat'><strong>271</strong></span> 
     </span>
    </p>

    <p class='ocr_par' dir='ltr' id='par_1_10' title="bbox 135 1939 2403 2515">
     <span class='ocr_line' id='line_1_25' title="bbox 276 1939 2401 2004; baseline -0.001 -12"><span class='ocrx_word' id='word_1_248' title='bbox 276 1943 403 1992; x_wconf 90' lang='lat' dir='ltr'><strong>Nam</strong></span> <span class='ocrx_word' id='word_1_249' title='bbox 439 1945 483 1992; x_wconf 92' lang='lat' dir='ltr'><strong>si</strong></span> <span class='ocrx_word' id='word_1_250' title='bbox 519 1942 770 1992; x_wconf 85' lang='lat' dir='ltr'><strong>inclinatio</strong></span> <span class='ocrx_word' id='word_1_251' title='bbox 810 1946 931 1999; x_wconf 86' lang='lat' dir='ltr'><strong>axis,</strong></span> <span class='ocrx_word' id='word_1_252' title='bbox 971 1942 1134 1993; x_wconf 90' lang='lat' dir='ltr'><strong>media</strong></span> <span class='ocrx_word' id='word_1_253' title='bbox 1172 1944 1295 1992; x_wconf 90' lang='lat' dir='ltr'><strong>inter</strong></span> <span class='ocrx_word' id='word_1_254' title='bbox 1331 1942 1453 1990; x_wconf 91' lang='lat' dir='ltr'><strong>nihil</strong></span> <span class='ocrx_word' id='word_1_255' title='bbox 1492 1950 1540 1992; x_wconf 86' lang='lat' dir='ltr'><strong>et</strong></span> <span class='ocrx_word' id='word_1_256' title='bbox 1569 1939 1676 2004; x_wconf 87' lang='lat'><strong>900,</strong></span> <span class='ocrx_word' id='word_1_257' title='bbox 1716 1941 1878 1992; x_wconf 91' lang='lat' dir='ltr'><strong>media</strong></span> <span class='ocrx_word' id='word_1_258' title='bbox 1901 1957 2092 1991; x_wconf 88' lang='lat' dir='ltr'><strong>rursum</strong></span> <span class='ocrx_word' id='word_1_259' title='bbox 2131 1946 2254 1993; x_wconf 88' lang='lat' dir='ltr'><strong>inter</strong></span> <span class='ocrx_word' id='word_1_260' title='bbox 2277 1942 2401 1991; x_wconf 90' lang='lat' dir='ltr'><strong>nihil</strong></span> 
     </span>
     <span class='ocr_line' id='line_1_26' title="bbox 139 2013 2401 2077; baseline -0.002 -9"><span class='ocrx_word' id='word_1_261' title='bbox 139 2025 187 2068; x_wconf 90' lang='lat' dir='ltr'><strong>et</strong></span> <span class='ocrx_word' id='word_1_262' title='bbox 225 2016 478 2066; x_wconf 90' lang='lat' dir='ltr'><strong>dimidium</strong></span> <span class='ocrx_word' id='word_1_263' title='bbox 517 2015 575 2064; x_wconf 92' lang='lat' dir='ltr'><strong>de</strong></span> <span class='ocrx_word' id='word_1_264' title='bbox 617 2013 738 2076; x_wconf 85' lang='lat'><strong>90⁰,</strong></span> <span class='ocrx_word' id='word_1_265' title='bbox 791 2031 858 2066; x_wconf 90' lang='lat' dir='ltr'><strong>sc.</strong></span> <span class='ocrx_word' id='word_1_266' title='bbox 901 2014 1023 2077; x_wconf 85' lang='lat'><strong>45⁰,</strong></span> <span class='ocrx_word' id='word_1_267' title='bbox 1075 2022 1204 2065; x_wconf 89' lang='lat' dir='ltr'><strong>certo</strong></span> <span class='ocrx_word' id='word_1_268' title='bbox 1245 2031 1443 2065; x_wconf 89' lang='lat' dir='ltr'><strong>causam</strong></span> <span class='ocrx_word' id='word_1_269' title='bbox 1483 2017 1657 2064; x_wconf 90' lang='lat' dir='ltr'><strong>habuit</strong></span> <span class='ocrx_word' id='word_1_270' title='bbox 1694 2016 1820 2065; x_wconf 91' lang='lat' dir='ltr'><strong>hanc</strong></span> <span class='ocrx_word' id='word_1_271' title='bbox 1857 2015 2078 2076; x_wconf 90' lang='lat' dir='ltr'><strong>finalem,</strong></span> <span class='ocrx_word' id='word_1_272' title='bbox 2133 2023 2188 2065; x_wconf 91' lang='lat' dir='ltr'><strong>ut</strong></span> <span class='ocrx_word' id='word_1_273' title='bbox 2238 2021 2401 2065; x_wconf 90' lang='lat' dir='ltr'><strong>essent</strong></span> 
     </span>
     <span class='ocr_line' id='line_1_27' title="bbox 135 2089 2399 2153; baseline -0.001 -12"><span class='ocrx_word' id='word_1_274' title='bbox 135 2106 286 2141; x_wconf 83' lang='lat' dir='ltr'><strong>zonae</strong></span> <span class='ocrx_word' id='word_1_275' title='bbox 324 2095 621 2153; x_wconf 87' lang='lat' dir='ltr'><strong>temperatae</strong></span> <span class='ocrx_word' id='word_1_276' title='bbox 660 2091 787 2138; x_wconf 88' lang='lat' dir='ltr'><strong>inter</strong></span> <span class='ocrx_word' id='word_1_277' title='bbox 823 2091 1183 2152; x_wconf 74' lang='lat' dir='ltr'><strong>intemperatae,</strong></span> <span class='ocrx_word' id='word_1_278' title='bbox 1235 2089 1348 2138; x_wconf 90' lang='lat' dir='ltr'><strong>hinc</strong></span> <span class='ocrx_word' id='word_1_279' title='bbox 1385 2089 1586 2151; x_wconf 87' lang='lat' dir='ltr'><strong>frigidas</strong></span> <span class='ocrx_word' id='word_1_280' title='bbox 1628 2089 1740 2138; x_wconf 88' lang='lat' dir='ltr'><strong>inde</strong></span> <span class='ocrx_word' id='word_1_281' title='bbox 1776 2089 2021 2149; x_wconf 84' lang='lat' dir='ltr'><strong>torridam,</strong></span> <span class='ocrx_word' id='word_1_282' title='bbox 2062 2090 2399 2152; x_wconf 85' lang='lat' dir='ltr'><strong>interpositae,</strong></span> 
     </span>
     <span class='ocr_line' id='line_1_28' title="bbox 136 2160 2398 2228; baseline -0.001 -16"><span class='ocrx_word' id='word_1_283' title='bbox 136 2164 265 2228; x_wconf 88' lang='lat' dir='ltr'><strong>quod</strong></span> <span class='ocrx_word' id='word_1_284' title='bbox 303 2162 497 2225; x_wconf 90' lang='lat' dir='ltr'><strong>quidem</strong></span> <span class='ocrx_word' id='word_1_285' title='bbox 538 2161 667 2211; x_wconf 89' lang='lat' dir='ltr'><strong>dicto</strong></span> <span class='ocrx_word' id='word_1_286' title='bbox 705 2161 830 2210; x_wconf 90' lang='lat' dir='ltr'><strong>libro</strong></span> <span class='ocrx_word' id='word_1_287' title='bbox 870 2162 961 2210; x_wconf 87' lang='lat' dir='ltr'>III.</span> <span class='ocrx_word' id='word_1_288' title='bbox 1002 2178 1032 2211; x_wconf 91' lang='lat' dir='ltr'><strong>a</strong></span> <span class='ocrx_word' id='word_1_289' title='bbox 1068 2162 1152 2211; x_wconf 85' lang='lat' dir='ltr'><strong>fol.</strong></span> <span class='ocrx_word' id='word_1_290' title='bbox 1195 2164 1303 2210; x_wconf 82' lang='lat'><strong>268</strong></span> <span class='ocrx_word' id='word_1_291' title='bbox 1338 2162 1526 2225; x_wconf 86' lang='lat' dir='ltr'><strong>prolixe</strong></span> <span class='ocrx_word' id='word_1_292' title='bbox 1566 2167 1638 2212; x_wconf 88' lang='lat' dir='ltr'><strong>est</strong></span> <span class='ocrx_word' id='word_1_293' title='bbox 1678 2167 1950 2211; x_wconf 89' lang='lat' dir='ltr'><strong>ostensum:</strong></span> <span class='ocrx_word' id='word_1_294' title='bbox 2003 2162 2123 2210; x_wconf 88' lang='lat' dir='ltr'><strong>nihil</strong></span> <span class='ocrx_word' id='word_1_295' title='bbox 2166 2160 2398 2225; x_wconf 70' lang='lat' dir='ltr'><strong>,equidem</strong></span> 
     </span>
     <span class='ocr_line' id='line_1_29' title="bbox 138 2235 2400 2298; baseline -0.003 -10"><span class='ocrx_word' id='word_1_296' title='bbox 138 2238 419 2288; x_wconf 87' lang='lat' dir='ltr'><strong>concinnius</strong></span> <span class='ocrx_word' id='word_1_297' title='bbox 458 2235 653 2284; x_wconf 84' lang='lat' dir='ltr'><strong>videtur</strong></span> <span class='ocrx_word' id='word_1_298' title='bbox 690 2236 955 2298; x_wconf 85' lang='lat' dir='ltr'><strong>excogitari</strong></span> <span class='ocrx_word' id='word_1_299' title='bbox 993 2250 1160 2298; x_wconf 88' lang='lat' dir='ltr'><strong>posse,</strong></span> <span class='ocrx_word' id='word_1_300' title='bbox 1212 2251 1360 2298; x_wconf 88' lang='lat' dir='ltr'><strong>quam</strong></span> <span class='ocrx_word' id='word_1_301' title='bbox 1410 2241 1464 2284; x_wconf 92' lang='lat' dir='ltr'><strong>ut</strong></span> <span class='ocrx_word' id='word_1_302' title='bbox 1502 2237 1648 2285; x_wconf 89' lang='lat' dir='ltr'><strong>etiam</strong></span> <span class='ocrx_word' id='word_1_303' title='bbox 1690 2242 1864 2285; x_wconf 89' lang='lat' dir='ltr'><strong>exacta</strong></span> <span class='ocrx_word' id='word_1_304' title='bbox 1903 2237 2151 2298; x_wconf 88' lang='lat' dir='ltr'><strong>quantitas</strong></span> <span class='ocrx_word' id='word_1_305' title='bbox 2190 2235 2400 2284; x_wconf 91' lang='lat' dir='ltr'><strong>inclina-</strong></span> 
     </span>
     <span class='ocr_line' id='line_1_30' title="bbox 137 2308 2398 2371; baseline -0.002 -12"><span class='ocrx_word' id='word_1_306' title='bbox 137 2309 381 2360; x_wconf 88' lang='lat' dir='ltr'><strong>tionis-ab</strong></span> <span class='ocrx_word' id='word_1_307' title='bbox 421 2314 595 2358; x_wconf 91' lang='lat' dir='ltr'><strong>exacta</strong></span> <span class='ocrx_word' id='word_1_308' title='bbox 633 2309 932 2371; x_wconf 88' lang='lat' dir='ltr'><strong>aequalitate</strong></span> <span class='ocrx_word' id='word_1_309' title='bbox 971 2308 1154 2371; x_wconf 88' lang='lat' dir='ltr'><strong>duplici</strong></span> <span class='ocrx_word' id='word_1_310' title='bbox 1193 2322 1426 2357; x_wconf 88' lang='lat' dir='ltr'><strong>zonarum</strong></span> <span class='ocrx_word' id='word_1_311' title='bbox 1467 2308 1727 2369; x_wconf 90' lang='lat' dir='ltr'><strong>derivetur,</strong></span> <span class='ocrx_word' id='word_1_312' title='bbox 1769 2323 1973 2370; x_wconf 89' lang='lat' dir='ltr'><strong>quarum</strong></span> <span class='ocrx_word' id='word_1_313' title='bbox 2001 2324 2099 2362; x_wconf 85' lang='lat' dir='ltr'><strong>una</strong></span> <span class='ocrx_word' id='word_1_314' title='bbox 2124 2310 2186 2357; x_wconf 92' lang='lat' dir='ltr'><strong>sit</strong></span> <span class='ocrx_word' id='word_1_315' title='bbox 2224 2323 2398 2371; x_wconf 89' lang='lat' dir='ltr'><strong>super-</strong></span> 
     </span>
     <span class='ocr_line' id='line_1_31' title="bbox 137 2376 2403 2446; baseline -0.002 -13"><span class='ocrx_word' id='word_1_316' title='bbox 137 2385 370 2442; x_wconf 88' lang='lat' dir='ltr'><strong>ficierum,</strong></span> <span class='ocrx_word' id='word_1_317' title='bbox 423 2381 578 2431; x_wconf 91' lang='lat' dir='ltr'><strong>altera</strong></span> <span class='ocrx_word' id='word_1_318' title='bbox 623 2381 814 2431; x_wconf 90' lang='lat' dir='ltr'><strong>mediae</strong></span> <span class='ocrx_word' id='word_1_319' title='bbox 864 2381 1136 2431; x_wconf 90' lang='lat' dir='ltr'><strong>latitudinis</strong></span> <span class='ocrx_word' id='word_1_320' title='bbox 1182 2397 1270 2431; x_wconf 89' lang='lat' dir='ltr'><strong>seu</strong></span> <span class='ocrx_word' id='word_1_321' title='bbox 1312 2376 1694 2444; x_wconf 89' lang='lat' dir='ltr'><strong>dimetientium,</strong></span> <span class='ocrx_word' id='word_1_322' title='bbox 1749 2383 1834 2446; x_wconf 90' lang='lat' dir='ltr'><strong>qui</strong></span> <span class='ocrx_word' id='word_1_323' title='bbox 1872 2388 1987 2444; x_wconf 83' lang='lat' dir='ltr'><strong>sunt</strong></span> <span class='ocrx_word' id='word_1_324' title='bbox 2024 2396 2165 2431; x_wconf 89' lang='lat' dir='ltr'><strong>arcus</strong></span> <span class='ocrx_word' id='word_1_325' title='bbox 2204 2382 2403 2431; x_wconf 86' lang='lat' dir='ltr'><strong>maximi</strong></span> 
     </span>
     <span class='ocr_line' id='line_1_32' title="bbox 139 2453 1038 2515; baseline -0.008 -8"><span class='ocrx_word' id='word_1_326' title='bbox 139 2456 317 2515; x_wconf 90' lang='lat' dir='ltr'><strong>circuli,</strong></span> <span class='ocrx_word' id='word_1_327' title='bbox 358 2454 512 2504; x_wconf 86' lang='lat' dir='ltr'><strong>coluri</strong></span> <span class='ocrx_word' id='word_1_328' title='bbox 549 2453 869 2504; x_wconf 90' lang='lat' dir='ltr'><strong>solstitiorum</strong></span> <span class='ocrx_word' id='word_1_329' title='bbox 910 2453 1038 2506; x_wconf 88' lang='lat' dir='ltr'><strong>dicti</strong></span> 
     </span>
    </p>

    <p class='ocr_par' dir='ltr' id='par_1_11' title="bbox 138 2523 2404 2811">
     <span class='ocr_line' id='line_1_33' title="bbox 276 2523 2401 2591; baseline -0 -14"><span class='ocrx_word' id='word_1_330' title='bbox 276 2529 427 2577; x_wconf 86' lang='lat' dir='ltr'><strong>Porro</strong></span> <span class='ocrx_word' id='word_1_331' title='bbox 467 2534 514 2576; x_wconf 88' lang='lat' dir='ltr'><strong>et</strong></span> <span class='ocrx_word' id='word_1_332' title='bbox 553 2523 675 2574; x_wconf 88' lang='lat' dir='ltr'><strong>illud</strong></span> <span class='ocrx_word' id='word_1_333' title='bbox 711 2529 950 2591; x_wconf 89' lang='lat' dir='ltr'><strong>principio</strong></span> <span class='ocrx_word' id='word_1_334' title='bbox 1002 2541 1199 2577; x_wconf 88' lang='lat' dir='ltr'><strong>rerum</strong></span> <span class='ocrx_word' id='word_1_335' title='bbox 1215 2525 1406 2574; x_wconf 88' lang='lat' dir='ltr'><strong>videtur</strong></span> <span class='ocrx_word' id='word_1_336' title='bbox 1445 2532 1748 2589; x_wconf 88' lang='lat' dir='ltr'><strong>competere,</strong></span> <span class='ocrx_word' id='word_1_337' title='bbox 1804 2534 1856 2576; x_wconf 90' lang='lat' dir='ltr'><strong>ut</strong></span> <span class='ocrx_word' id='word_1_338' title='bbox 1910 2527 2181 2590; x_wconf 87' lang='lat' dir='ltr'><strong>aequaliter</strong></span> <span class='ocrx_word' id='word_1_339' title='bbox 2219 2542 2249 2576; x_wconf 91' lang='lat' dir='ltr'><strong>a</strong></span> <span class='ocrx_word' id='word_1_340' title='bbox 2285 2526 2401 2591; x_wconf 92' lang='lat' dir='ltr'><strong>polo</strong></span> 
     </span>
     <span class='ocr_line' id='line_1_34' title="bbox 138 2599 2404 2685; baseline -0 -35"><span class='ocrx_word' id='word_1_341' title='bbox 138 2601 302 2650; x_wconf 89' lang='lat' dir='ltr'><strong>mundi</strong></span> <span class='ocrx_word' id='word_1_342' title='bbox 342 2601 379 2650; x_wconf 90' lang='lat' dir='ltr'>C</span> <span class='ocrx_word' id='word_1_343' title='bbox 420 2600 599 2649; x_wconf 89' lang='lat' dir='ltr'><strong>distent</strong></span> <span class='ocrx_word' id='word_1_344' title='bbox 634 2600 735 2663; x_wconf 90' lang='lat' dir='ltr'><strong>poli</strong></span> <span class='ocrx_word' id='word_1_345' title='bbox 775 2607 875 2649; x_wconf 89' lang='lat' dir='ltr'><strong>tam</strong></span> <span class='ocrx_word' id='word_1_346' title='bbox 913 2599 1166 2663; x_wconf 89' lang='lat' dir='ltr'><strong>eclipticae</strong></span> <span class='ocrx_word' id='word_1_347' title='bbox 1205 2600 1527 2663; x_wconf 75' lang='lat' dir='ltr'><strong>temporariae</strong></span> <span class='ocrx_word' id='word_1_348' title='bbox 1570 2599 1638 2662; x_wconf 86' lang='lat' dir='ltr'><strong>Q,</strong></span> <span class='ocrx_word' id='word_1_349' title='bbox 1690 2615 1837 2685; x_wconf 84' lang='lat' dir='ltr'><strong>quam</strong></span> <span class='ocrx_word' id='word_1_350' title='bbox 1874 2603 2036 2663; x_wconf 84' lang='lat' dir='ltr'><strong>regiae</strong></span> <span class='ocrx_word' id='word_1_351' title='bbox 2077 2600 2138 2657; x_wconf 89' lang='lat' dir='ltr'><strong>A,</strong></span> <span class='ocrx_word' id='word_1_352' title='bbox 2178 2606 2231 2649; x_wconf 92' lang='lat' dir='ltr'><strong>ut</strong></span> <span class='ocrx_word' id='word_1_353' title='bbox 2271 2599 2404 2663; x_wconf 91' lang='lat' dir='ltr'><strong>quod</strong></span> 
     </span>
     <span class='ocr_line' id='line_1_35' title="bbox 139 2672 2398 2739; baseline -0.001 -15"><span class='ocrx_word' id='word_1_354' title='bbox 139 2675 223 2724; x_wconf 87' lang='lat' dir='ltr'><strong>Ac</strong></span> <span class='ocrx_word' id='word_1_355' title='bbox 272 2674 533 2739; x_wconf 20' lang='lat' dir='ltr'><strong>inclinatio,</strong></span> <span class='ocrx_word' id='word_1_356' title='bbox 576 2674 676 2737; x_wconf 88' lang='lat' dir='ltr'><strong>poli</strong></span> <span class='ocrx_word' id='word_1_357' title='bbox 728 2673 897 2722; x_wconf 90' lang='lat' dir='ltr'><strong>mundi</strong></span> <span class='ocrx_word' id='word_1_358' title='bbox 947 2673 1011 2722; x_wconf 91' lang='lat' dir='ltr'><strong>ad</strong></span> <span class='ocrx_word' id='word_1_359' title='bbox 1059 2675 1246 2734; x_wconf 88' lang='lat' dir='ltr'><strong>regium</strong></span> <span class='ocrx_word' id='word_1_360' title='bbox 1296 2672 1645 2736; x_wconf 88' lang='lat' dir='ltr'><strong>pollicebatur,</strong></span> <span class='ocrx_word' id='word_1_361' title='bbox 1699 2672 1748 2721; x_wconf 92' lang='lat' dir='ltr'><strong>id</strong></span> <span class='ocrx_word' id='word_1_362' title='bbox 1798 2675 1845 2720; x_wconf 91' lang='lat' dir='ltr'><strong>in</strong></span> <span class='ocrx_word' id='word_1_363' title='bbox 1896 2674 2137 2736; x_wconf 89' lang='lat' dir='ltr'><strong>principio</strong></span> <span class='ocrx_word' id='word_1_364' title='bbox 2176 2679 2398 2722; x_wconf 87' lang='lat' dir='ltr'><strong>motuum</strong></span> 
     </span>
     <span class='ocr_line' id='line_1_36' title="bbox 139 2744 1935 2811; baseline -0.002 -14"><span class='ocrx_word' id='word_1_365' title='bbox 139 2746 359 2811; x_wconf 83' lang='lat' dir='ltr'><strong>ecliptica</strong></span> <span class='ocrx_word' id='word_1_366' title='bbox 396 2749 503 2810; x_wconf 87' lang='lat' dir='ltr'><strong>ipsa</strong></span> <span class='ocrx_word' id='word_1_367' title='bbox 542 2749 835 2809; x_wconf 87' lang='lat' dir='ltr'><strong>temporaria</strong></span> <span class='ocrx_word' id='word_1_368' title='bbox 871 2761 959 2796; x_wconf 90' lang='lat' dir='ltr'><strong>seu</strong></span> <span class='ocrx_word' id='word_1_369' title='bbox 998 2746 1247 2796; x_wconf 86' lang='lat' dir='ltr'><strong>inclinatio</strong></span> <span class='ocrx_word' id='word_1_370' title='bbox 1287 2744 1371 2807; x_wconf 79' lang='lat' dir='ltr'><strong>QG</strong></span> <span class='ocrx_word' id='word_1_371' title='bbox 1409 2761 1460 2794; x_wconf 89' lang='lat' dir='ltr'><strong>re</strong></span> <span class='ocrx_word' id='word_1_372' title='bbox 1500 2747 1607 2808; x_wconf 89' lang='lat' dir='ltr'><strong>ipsa</strong></span> <span class='ocrx_word' id='word_1_373' title='bbox 1645 2752 1873 2808; x_wconf 90' lang='lat' dir='ltr'><strong>praestet.</strong></span> <span class='ocrx_word' id='word_1_374' title='bbox 1933 2779 1935 2782; x_wconf 89' lang='lat'><em>-</em></span> 
     </span>
    </p>

    <p class='ocr_par' dir='ltr' id='par_1_12' title="bbox 139 2817 2402 3087">
     <span class='ocr_line' id='line_1_37' title="bbox 299 2817 2399 2883; baseline -0.001 -14"><span class='ocrx_word' id='word_1_375' title='bbox 299 2820 558 2883; x_wconf 88' lang='lat' dir='ltr'><strong>Comparet</strong></span> <span class='ocrx_word' id='word_1_376' title='bbox 619 2820 771 2868; x_wconf 89' lang='lat' dir='ltr'><strong>lector</strong></span> <span class='ocrx_word' id='word_1_377' title='bbox 834 2835 918 2881; x_wconf 88' lang='lat' dir='ltr'><strong>ea,</strong></span> <span class='ocrx_word' id='word_1_378' title='bbox 996 2834 1122 2882; x_wconf 89' lang='lat' dir='ltr'><strong>quae</strong></span> <span class='ocrx_word' id='word_1_379' title='bbox 1194 2821 1241 2866; x_wconf 92' lang='lat' dir='ltr'><strong>in</strong></span> <span class='ocrx_word' id='word_1_380' title='bbox 1306 2818 1674 2868; x_wconf 87' lang='lat' dir='ltr'><strong>Commentariis</strong></span> <span class='ocrx_word' id='word_1_381' title='bbox 1739 2819 1910 2867; x_wconf 89' lang='lat' dir='ltr'><strong>Martis</strong></span> <span class='ocrx_word' id='word_1_382' title='bbox 1959 2817 2094 2881; x_wconf 86' lang='lat' dir='ltr'><strong>Cap.</strong></span> <span class='ocrx_word' id='word_1_383' title='bbox 2157 2817 2399 2867; x_wconf 88' lang='lat' dir='ltr'><strong>LXVIII.</strong></span> 
     </span>
     <span class='ocr_line' id='line_1_38' title="bbox 139 2890 2402 2955; baseline -0 -14"><span class='ocrx_word' id='word_1_384' title='bbox 139 2890 219 2941; x_wconf 75' lang='lat' dir='ltr'><strong>fol.</strong></span> <span class='ocrx_word' id='word_1_385' title='bbox 263 2894 382 2942; x_wconf 86' lang='grc'>322.</span> <span class='ocrx_word' id='word_1_386' title='bbox 424 2899 511 2947; x_wconf 90' lang='lat'>(.111</span> <span class='ocrx_word' id='word_1_387' title='bbox 543 2895 652 2951; x_wconf 79' lang='lat'>426)</span> <span class='ocrx_word' id='word_1_388' title='bbox 693 2892 753 2942; x_wconf 91' lang='lat' dir='ltr'><strong>de</strong></span> <span class='ocrx_word' id='word_1_389' title='bbox 801 2894 899 2941; x_wconf 88' lang='lat' dir='ltr'><strong>situ</strong></span> <span class='ocrx_word' id='word_1_390' title='bbox 953 2892 1254 2942; x_wconf 87' lang='lat' dir='ltr'><strong>circellorum</strong></span> <span class='ocrx_word' id='word_1_391' title='bbox 1315 2891 1487 2940; x_wconf 91' lang='lat' dir='ltr'><strong>horum</strong></span> <span class='ocrx_word' id='word_1_392' title='bbox 1544 2892 1814 2955; x_wconf 89' lang='lat' dir='ltr'><strong>disputavi,</strong></span> <span class='ocrx_word' id='word_1_393' title='bbox 1881 2906 2127 2954; x_wconf 90' lang='lat' dir='ltr'><strong>quamque</strong></span> <span class='ocrx_word' id='word_1_394' title='bbox 2186 2892 2402 2941; x_wconf 88' lang='lat' dir='ltr'><strong>inveniet</strong></span> 
     </span>
     <span class='ocr_line' id='line_1_39' title="bbox 142 2963 2400 3039; baseline 0 -27"><span class='ocrx_word' id='word_1_395' title='bbox 142 2963 480 3024; x_wconf 81' lang='lat' dir='ltr'><strong>differentiam,</strong></span> <span class='ocrx_word' id='word_1_396' title='bbox 538 2966 608 3013; x_wconf 90' lang='lat' dir='ltr'><strong>rei</strong></span> <span class='ocrx_word' id='word_1_397' title='bbox 655 2966 809 3027; x_wconf 90' lang='lat' dir='ltr'><strong>ipsius</strong></span> <span class='ocrx_word' id='word_1_398' title='bbox 861 2964 1136 3014; x_wconf 84' lang='lat' dir='ltr'><strong>difficultati</strong></span> <span class='ocrx_word' id='word_1_399' title='bbox 1188 2971 1236 3014; x_wconf 91' lang='lat' dir='ltr'><strong>et</strong></span> <span class='ocrx_word' id='word_1_400' title='bbox 1282 2967 1516 3027; x_wconf 87' lang='lat' dir='ltr'><strong>penuriae</strong></span> <span class='ocrx_word' id='word_1_401' title='bbox 1566 2966 1963 3014; x_wconf 88' lang='lat' dir='ltr'><strong>observationum</strong></span> <span class='ocrx_word' id='word_1_402' title='bbox 2019 2969 2400 3039; x_wconf 89' lang='lat' dir='ltr'><strong>opportunarum</strong></span> 
     </span>
     <span class='ocr_line' id='line_1_40' title="bbox 140 3034 407 3087; baseline 0.004 -1"><span class='ocrx_word' id='word_1_403' title='bbox 140 3038 333 3087; x_wconf 81' lang='lat' dir='ltr'><strong>tribnat</strong></span> <span class='ocrx_word' id='word_1_404' title='bbox 359 3034 407 3064; x_wconf 81' lang='lat'><strong>⁹²</strong></span> 
     </span>
    </p>

    <p class='ocr_par' dir='ltr' id='par_1_13' title="bbox 143 3034 2400 3743">
     <span class='ocr_line' id='line_1_41' title="bbox 285 3034 2398 3175; baseline 0 -16"><span class='ocrx_word' id='word_1_405' title='bbox 285 3034 496 3175; x_wconf 48' lang='grc' dir='ltr'><strong><em>ῼααῖιια</em></strong></span> <span class='ocrx_word' id='word_1_406' title='bbox 534 3112 694 3172; x_wconf 73' lang='lat' dir='ltr'><strong>iyitur</strong></span> <span class='ocrx_word' id='word_1_407' title='bbox 730 3116 799 3158; x_wconf 80' lang='lat' dir='ltr'><strong>est</strong></span> <span class='ocrx_word' id='word_1_408' title='bbox 835 3113 1055 3159; x_wconf 77' lang='lat' dir='ltr'><strong>varietas</strong></span> <span class='ocrx_word' id='word_1_409' title='bbox 1093 3109 1379 3158; x_wconf 83' lang='lat' dir='ltr'><strong>latitudinis</strong></span> <span class='ocrx_word' id='word_1_410' title='bbox 1416 3108 1678 3158; x_wconf 75' lang='lat' dir='ltr'><strong>stellarum</strong></span> <span class='ocrx_word' id='word_1_411' title='bbox 1705 3116 1750 3158; x_wconf 84' lang='lat' dir='ltr'><strong>et</strong></span> <span class='ocrx_word' id='word_1_412' title='bbox 1787 3109 2096 3172; x_wconf 81' lang='lat' dir='ltr'><strong>obliquitatis</strong></span> <span class='ocrx_word' id='word_1_413' title='bbox 2132 3110 2398 3173; x_wconf 80' lang='lat' dir='ltr'><strong>eclipticae,</strong></span> 
     </span>
     <span class='ocr_line' id='line_1_42' title="bbox 143 3182 2400 3247; baseline -0 -14"><span class='ocrx_word' id='word_1_414' title='bbox 143 3186 229 3247; x_wconf 83' lang='lat' dir='ltr'><strong>qui</strong></span> <span class='ocrx_word' id='word_1_415' title='bbox 263 3198 528 3247; x_wconf 78' lang='lat' dir='ltr'><strong>responsus</strong></span> <span class='ocrx_word' id='word_1_416' title='bbox 565 3186 697 3230; x_wconf 80' lang='lat' dir='ltr'><strong>inter</strong></span> <span class='ocrx_word' id='word_1_417' title='bbox 733 3189 1006 3245; x_wconf 82' lang='lat' dir='ltr'><strong>utramque</strong></span> <span class='ocrx_word' id='word_1_418' title='bbox 1044 3190 1089 3231; x_wconf 84' lang='lat' dir='ltr'><strong>et</strong></span> <span class='ocrx_word' id='word_1_419' title='bbox 1128 3197 1258 3244; x_wconf 78' lang='lat' dir='ltr'><strong>quae</strong></span> <span class='ocrx_word' id='word_1_420' title='bbox 1293 3183 1575 3245; x_wconf 80' lang='lat' dir='ltr'><strong>periodus?</strong></span> <span class='ocrx_word' id='word_1_421' title='bbox 1638 3182 1842 3230; x_wconf 90' lang='lat' dir='ltr'><strong>Minima</strong></span> <span class='ocrx_word' id='word_1_422' title='bbox 1881 3182 2160 3245; x_wconf 84' lang='lat' dir='ltr'><strong>obliquitas,</strong></span> <span class='ocrx_word' id='word_1_423' title='bbox 2203 3188 2257 3231; x_wconf 93' lang='lat' dir='ltr'><strong>ut</strong></span> <span class='ocrx_word' id='word_1_424' title='bbox 2296 3184 2400 3232; x_wconf 89' lang='lat' dir='ltr'><strong>dic-</strong></span> 
     </span>
     <span class='ocr_line' id='line_1_43' title="bbox 147 3254 2400 3318; baseline 0 -15"><span class='ocrx_word' id='word_1_425' title='bbox 147 3263 267 3316; x_wconf 82' lang='lat' dir='ltr'><strong>tum,</strong></span> <span class='ocrx_word' id='word_1_426' title='bbox 308 3263 436 3306; x_wconf 85' lang='lat' dir='ltr'><strong>esset</strong></span> <span class='ocrx_word' id='word_1_427' title='bbox 477 3254 571 3302; x_wconf 91' lang='grc'><strong>220</strong></span> <span class='ocrx_word' id='word_1_428' title='bbox 610 3257 696 3303; x_wconf 86' lang='lat'><strong>30‘</strong></span> <span class='ocrx_word' id='word_1_429' title='bbox 735 3270 821 3303; x_wconf 86' lang='lat' dir='ltr'><strong>seu</strong></span> <span class='ocrx_word' id='word_1_430' title='bbox 859 3270 999 3304; x_wconf 88' lang='lat' dir='ltr'><strong>arcus</strong></span> <span class='ocrx_word' id='word_1_431' title='bbox 1038 3257 1100 3303; x_wconf 90' lang='lat' dir='ltr'><strong>ab</strong></span> <span class='ocrx_word' id='word_1_432' title='bbox 1142 3257 1373 3318; x_wconf 86' lang='lat' dir='ltr'><strong>octogoni</strong></span> <span class='ocrx_word' id='word_1_433' title='bbox 1411 3254 1563 3304; x_wconf 88' lang='lat' dir='ltr'><strong>latere</strong></span> <span class='ocrx_word' id='word_1_434' title='bbox 1603 3256 1650 3301; x_wconf 90' lang='lat' dir='ltr'><strong>in</strong></span> <span class='ocrx_word' id='word_1_435' title='bbox 1692 3255 1856 3304; x_wconf 90' lang='lat' dir='ltr'><strong>coluro</strong></span> <span class='ocrx_word' id='word_1_436' title='bbox 1896 3255 2213 3316; x_wconf 87' lang='lat' dir='ltr'><strong>solstitiorum</strong></span> <span class='ocrx_word' id='word_1_437' title='bbox 2252 3258 2400 3306; x_wconf 88' lang='lat' dir='ltr'><strong>inter-</strong></span> 
     </span>
     <span class='ocr_line' id='line_1_44' title="bbox 144 3323 2398 3392; baseline 0.001 -16"><span class='ocrx_word' id='word_1_438' title='bbox 144 3330 371 3390; x_wconf 81' lang='lat' dir='ltr'><strong>stinctus,</strong></span> <span class='ocrx_word' id='word_1_439' title='bbox 422 3330 635 3376; x_wconf 88' lang='lat' dir='ltr'><strong>maxima</strong></span> <span class='ocrx_word' id='word_1_440' title='bbox 674 3334 970 3377; x_wconf 85' lang='lat' dir='ltr'><strong>excresceret</strong></span> <span class='ocrx_word' id='word_1_441' title='bbox 1009 3342 1162 3389; x_wconf 87' lang='lat' dir='ltr'><strong>usque</strong></span> <span class='ocrx_word' id='word_1_442' title='bbox 1203 3327 1263 3375; x_wconf 90' lang='lat' dir='ltr'><strong>ad</strong></span> <span class='ocrx_word' id='word_1_443' title='bbox 1306 3323 1400 3377; x_wconf 80' lang='lat'><strong>26⁰</strong></span> <span class='ocrx_word' id='word_1_444' title='bbox 1441 3327 1490 3375; x_wconf 82' lang='lat'><strong>5‘</strong></span> <span class='ocrx_word' id='word_1_445' title='bbox 1531 3326 1650 3387; x_wconf 68' lang='lat'><strong>20⁰,</strong></span> <span class='ocrx_word' id='word_1_446' title='bbox 1698 3328 1784 3376; x_wconf 87' lang='lat' dir='ltr'><strong>sed</strong></span> <span class='ocrx_word' id='word_1_447' title='bbox 1833 3329 1926 3376; x_wconf 91' lang='lat' dir='ltr'><strong>hoc</strong></span> <span class='ocrx_word' id='word_1_448' title='bbox 1973 3329 2084 3392; x_wconf 89' lang='lat' dir='ltr'><strong>plus</strong></span> <span class='ocrx_word' id='word_1_449' title='bbox 2132 3344 2279 3392; x_wconf 89' lang='lat' dir='ltr'><strong>quam</strong></span> <span class='ocrx_word' id='word_1_450' title='bbox 2324 3331 2398 3378; x_wconf 84' lang='lat'><strong>36</strong></span> 
     </span>
     <span class='ocr_line' id='line_1_45' title="bbox 144 3400 2399 3464; baseline 0 -15"><span class='ocrx_word' id='word_1_451' title='bbox 144 3401 355 3451; x_wconf 83' lang='lat' dir='ltr'><strong>millibus</strong></span> <span class='ocrx_word' id='word_1_452' title='bbox 392 3415 627 3450; x_wconf 90' lang='lat' dir='ltr'><strong>annorum</strong></span> <span class='ocrx_word' id='word_1_453' title='bbox 666 3407 926 3464; x_wconf 87' lang='lat' dir='ltr'><strong>postquam</strong></span> <span class='ocrx_word' id='word_1_454' title='bbox 965 3402 1108 3449; x_wconf 81' lang='lat' dir='ltr'><strong>suerit</strong></span> <span class='ocrx_word' id='word_1_455' title='bbox 1152 3401 1365 3448; x_wconf 86' lang='lat' dir='ltr'><strong>minima.</strong></span> <span class='ocrx_word' id='word_1_456' title='bbox 1441 3400 1543 3448; x_wconf 92' lang='lat' dir='ltr'><strong>Nec</strong></span> <span class='ocrx_word' id='word_1_457' title='bbox 1580 3414 1770 3463; x_wconf 89' lang='lat' dir='ltr'><strong>semper</strong></span> <span class='ocrx_word' id='word_1_458' title='bbox 1817 3407 1871 3450; x_wconf 92' lang='lat' dir='ltr'><strong>ut</strong></span> <span class='ocrx_word' id='word_1_459' title='bbox 1917 3401 2063 3452; x_wconf 89' lang='lat' dir='ltr'><strong>hodie</strong></span> <span class='ocrx_word' id='word_1_460' title='bbox 2114 3402 2399 3451; x_wconf 88' lang='lat' dir='ltr'><strong>solstitiales</strong></span> 
     </span>
     <span class='ocr_line' id='line_1_46' title="bbox 146 3472 2400 3538; baseline 0 -17"><span class='ocrx_word' id='word_1_461' title='bbox 146 3473 266 3523; x_wconf 81' lang='lat' dir='ltr'><strong>fixae</strong></span> <span class='ocrx_word' id='word_1_462' title='bbox 289 3480 530 3524; x_wconf 88' lang='lat' dir='ltr'><strong>mutarent</strong></span> <span class='ocrx_word' id='word_1_463' title='bbox 567 3489 682 3522; x_wconf 85' lang='lat' dir='ltr'><strong>suas</strong></span> <span class='ocrx_word' id='word_1_464' title='bbox 708 3473 1016 3533; x_wconf 81' lang='lat' dir='ltr'><strong>latitudines3</strong></span> <span class='ocrx_word' id='word_1_465' title='bbox 1058 3474 1154 3521; x_wconf 91' lang='lat' dir='ltr'><strong>alio</strong></span> <span class='ocrx_word' id='word_1_466' title='bbox 1183 3486 1392 3534; x_wconf 86' lang='lat' dir='ltr'><strong>namque</strong></span> <span class='ocrx_word' id='word_1_467' title='bbox 1431 3486 1557 3521; x_wconf 90' lang='lat' dir='ltr'><strong>aevo</strong></span> <span class='ocrx_word' id='word_1_468' title='bbox 1587 3472 2024 3535; x_wconf 87' lang='lat' dir='ltr'><strong>deprehenderetur</strong></span> <span class='ocrx_word' id='word_1_469' title='bbox 2061 3475 2111 3523; x_wconf 89' lang='lat' dir='ltr'><strong>id</strong></span> <span class='ocrx_word' id='word_1_470' title='bbox 2151 3477 2198 3522; x_wconf 89' lang='lat' dir='ltr'><strong>in</strong></span> <span class='ocrx_word' id='word_1_471' title='bbox 2226 3477 2400 3538; x_wconf 85' lang='lat' dir='ltr'><strong>aequi-</strong></span> 
     </span>
     <span class='ocr_line' id='line_1_47' title="bbox 145 3545 2396 3607; baseline 0.002 -15"><span class='ocrx_word' id='word_1_472' title='bbox 145 3546 448 3606; x_wconf 84' lang='lat' dir='ltr'><strong>noctialibus,</strong></span> <span class='ocrx_word' id='word_1_473' title='bbox 488 3554 602 3596; x_wconf 86' lang='lat' dir='ltr'><strong>tunc</strong></span> <span class='ocrx_word' id='word_1_474' title='bbox 641 3548 890 3606; x_wconf 88' lang='lat' dir='ltr'><strong>nimirum,</strong></span> <span class='ocrx_word' id='word_1_475' title='bbox 944 3545 1139 3607; x_wconf 87' lang='lat' dir='ltr'><strong>quando</strong></span> <span class='ocrx_word' id='word_1_476' title='bbox 1181 3546 1446 3607; x_wconf 88' lang='lat' dir='ltr'><strong>obliquitas</strong></span> <span class='ocrx_word' id='word_1_477' title='bbox 1500 3545 1753 3607; x_wconf 87' lang='lat' dir='ltr'><strong>eclipticae</strong></span> <span class='ocrx_word' id='word_1_478' title='bbox 1792 3549 2081 3597; x_wconf 88' lang='lat' dir='ltr'><strong>consisteret</strong></span> <span class='ocrx_word' id='word_1_479' title='bbox 2118 3547 2396 3597; x_wconf 77' lang='lat' dir='ltr'><strong>immobilis.</strong></span> 
     </span>
     <span class='ocr_line' id='line_1_48' title="bbox 146 3616 2400 3683; baseline 0 -18"><span class='ocrx_word' id='word_1_480' title='bbox 146 3616 267 3672; x_wconf 80' lang='lat' dir='ltr'><strong>Nam</strong></span> <span class='ocrx_word' id='word_1_481' title='bbox 304 3618 471 3674; x_wconf 85' lang='lat' dir='ltr'><strong>hodie,</strong></span> <span class='ocrx_word' id='word_1_482' title='bbox 522 3634 609 3668; x_wconf 88' lang='lat' dir='ltr'><strong>seu</strong></span> <span class='ocrx_word' id='word_1_483' title='bbox 646 3621 772 3668; x_wconf 89' lang='lat' dir='ltr'><strong>inter</strong></span> <span class='ocrx_word' id='word_1_484' title='bbox 808 3618 1144 3667; x_wconf 87' lang='lat' dir='ltr'><strong>Ptolemaeum</strong></span> <span class='ocrx_word' id='word_1_485' title='bbox 1186 3623 1233 3666; x_wconf 88' lang='lat' dir='ltr'><strong>et</strong></span> <span class='ocrx_word' id='word_1_486' title='bbox 1270 3632 1386 3676; x_wconf 86' lang='lat' dir='ltr'><strong>nos,</strong></span> <span class='ocrx_word' id='word_1_487' title='bbox 1440 3618 1686 3667; x_wconf 86' lang='lat' dir='ltr'><strong>celerrima</strong></span> <span class='ocrx_word' id='word_1_488' title='bbox 1737 3620 1909 3670; x_wconf 87' lang='lat' dir='ltr'><strong>fuisset</strong></span> <span class='ocrx_word' id='word_1_489' title='bbox 1948 3621 2253 3683; x_wconf 88' lang='lat' dir='ltr'><strong>obliquitatis</strong></span> <span class='ocrx_word' id='word_1_490' title='bbox 2290 3635 2400 3667; x_wconf 89' lang='lat' dir='ltr'><strong>mu-</strong></span> 
     </span>
     <span class='ocr_line' id='line_1_49' title="bbox 150 3690 2110 3743; baseline 0.001 -4"><span class='ocrx_word' id='word_1_491' title='bbox 150 3692 281 3739; x_wconf 75' lang='lat' dir='ltr'><strong>tatio.</strong></span> <span class='ocrx_word' id='word_1_492' title='bbox 355 3691 419 3739; x_wconf 87' lang='lat' dir='ltr'><strong>Et</strong></span> <span class='ocrx_word' id='word_1_493' title='bbox 455 3706 644 3740; x_wconf 85' lang='lat' dir='ltr'><strong>summa</strong></span> <span class='ocrx_word' id='word_1_494' title='bbox 682 3692 993 3740; x_wconf 84' lang='lat' dir='ltr'><strong>latitudinum</strong></span> <span class='ocrx_word' id='word_1_495' title='bbox 1035 3690 1304 3740; x_wconf 80' lang='lat' dir='ltr'><strong>differentia</strong></span> <span class='ocrx_word' id='word_1_496' title='bbox 1341 3698 1640 3741; x_wconf 85' lang='lat' dir='ltr'><strong>excresceret</strong></span> <span class='ocrx_word' id='word_1_497' title='bbox 1677 3693 1726 3739; x_wconf 89' lang='lat' dir='ltr'><strong>in</strong></span> <span class='ocrx_word' id='word_1_498' title='bbox 1766 3691 1824 3742; x_wconf 88' lang='lat'><strong>3⁰</strong></span> <span class='ocrx_word' id='word_1_499' title='bbox 1863 3695 1951 3743; x_wconf 80' lang='lat'><strong>35‘</strong></span> <span class='ocrx_word' id='word_1_500' title='bbox 1993 3696 2110 3742; x_wconf 69' lang='lat'><strong>20⁰.</strong></span> 
     </span>
    </p>

    <p class='ocr_par' dir='ltr' id='par_1_14' title="bbox 149 3762 2398 3905">
     <span class='ocr_line' id='line_1_50' title="bbox 291 3762 2398 3829; baseline 0.001 -18"><span class='ocrx_word' id='word_1_501' title='bbox 291 3762 427 3826; x_wconf 82' lang='lat' dir='ltr'><strong>Quid</strong></span> <span class='ocrx_word' id='word_1_502' title='bbox 462 3770 529 3812; x_wconf 74' lang='lat' dir='ltr'><strong>est</strong></span> <span class='ocrx_word' id='word_1_503' title='bbox 566 3767 623 3812; x_wconf 84' lang='lat' dir='ltr'><strong>in</strong></span> <span class='ocrx_word' id='word_1_504' title='bbox 659 3766 754 3813; x_wconf 85' lang='lat' dir='ltr'><strong>hac</strong></span> <span class='ocrx_word' id='word_1_505' title='bbox 790 3765 1042 3829; x_wconf 79' lang='lat' dir='ltr'><strong>hypothesi</strong></span> <span class='ocrx_word' id='word_1_506' title='bbox 1081 3764 1248 3812; x_wconf 85' lang='lat' dir='ltr'><strong>media</strong></span> <span class='ocrx_word' id='word_1_507' title='bbox 1282 3766 1562 3826; x_wconf 78' lang='lat' dir='ltr'><strong>praecessio</strong></span> <span class='ocrx_word' id='word_1_508' title='bbox 1600 3766 2076 3828; x_wconf 75' lang='lat' dir='ltr'><strong>aequinoctiorum?</strong></span> <span class='ocrx_word' id='word_1_509' title='bbox 2133 3765 2222 3812; x_wconf 85' lang='lat' dir='ltr'><strong>Est</strong></span> <span class='ocrx_word' id='word_1_510' title='bbox 2258 3778 2398 3813; x_wconf 89' lang='lat' dir='ltr'><strong>arcus</strong></span> 
     </span>
     <span class='ocr_line' id='line_1_51' title="bbox 149 3833 2398 3905; baseline 0.001 -22"><span class='ocrx_word' id='word_1_511' title='bbox 149 3833 258 3884; x_wconf 75' lang='lat' dir='ltr'><strong>viae</strong></span> <span class='ocrx_word' id='word_1_512' title='bbox 292 3837 480 3899; x_wconf 82' lang='lat' dir='ltr'><strong>regiae,</strong></span> <span class='ocrx_word' id='word_1_513' title='bbox 531 3846 811 3888; x_wconf 86' lang='lat' dir='ltr'><strong>numeratus</strong></span> <span class='ocrx_word' id='word_1_514' title='bbox 849 3854 879 3887; x_wconf 86' lang='lat' dir='ltr'><strong>a</strong></span> <span class='ocrx_word' id='word_1_515' title='bbox 919 3836 1098 3887; x_wconf 86' lang='lat' dir='ltr'><strong>circulo</strong></span> <span class='ocrx_word' id='word_1_516' title='bbox 1136 3851 1222 3900; x_wconf 83' lang='lat' dir='ltr'><strong>per</strong></span> <span class='ocrx_word' id='word_1_517' title='bbox 1261 3835 1424 3900; x_wconf 87' lang='lat' dir='ltr'><strong>polum</strong></span> <span class='ocrx_word' id='word_1_518' title='bbox 1465 3838 1648 3901; x_wconf 88' lang='lat' dir='ltr'><strong>regium</strong></span> <span class='ocrx_word' id='word_1_519' title='bbox 1690 3844 1737 3888; x_wconf 90' lang='lat' dir='ltr'><strong>et</strong></span> <span class='ocrx_word' id='word_1_520' title='bbox 1775 3842 1978 3905; x_wconf 86' lang='lat' dir='ltr'><strong>primam</strong></span> <span class='ocrx_word' id='word_1_521' title='bbox 2017 3838 2197 3887; x_wconf 88' lang='lat' dir='ltr'><strong>Arietis</strong></span> <span class='ocrx_word' id='word_1_522' title='bbox 2237 3837 2398 3899; x_wconf 85' lang='lat' dir='ltr'><strong>ducto,</strong></span> 
     </span>
    </p>
   </div>
  </div>
 </body>
</html>
