2554 4140
216 123 323 172 414
1009 157 1011 159 .
1047 114 1284 172 Epitomes
1313 114 1630 161 Astronomiae

216 265 280 325 ad
320 264 407 314 GP
456 265 615 312 sinum
660 277 801 312 arcus
840 261 932 312 PG
977 262 1105 325 dati,
1155 265 1227 312 sic
1280 269 1353 312 est
1390 262 1531 310 DBA
1568 262 1631 311 ad
1669 277 1832 313 aream
1872 262 2026 313 GBA.
2100 263 2261 313 Semel
2299 264 2466 327 itaque

217 339 482 386 constituta
519 351 636 384 area
673 336 902 398 trianguli
940 335 1082 384 DBA
1120 337 1346 396 maximi,
1399 335 1722 398 multiplicata
1768 336 1955 386 scilicet
1992 336 2195 385 dimidia
2231 338 2471 386 eccentri-'

216 413 362 458 citate
399 411 447 456 in
487 410 645 457 sinum
684 414 841 458 totum
875 414 924 458 et
949 408 1078 458 facto
1107 412 1154 456 in
1184 408 1602 457 denominationes
1629 411 1978 459 astronomicas
2004 423 2257 471 converso,
2297 415 2469 473 postea

216 496 406 545 semper
443 482 533 530 erit
570 480 721 530 utilis,
1878 503 1884 510 ·

363 553 504 602 Num
540 556 753 615 insuper
787 556 941 602 etiam
981 554 1115 602 alius
1151 566 1273 600 usus
1311 558 1380 600 est
1413 553 1565 615 plani
1602 554 1907 602 circularis?
1945 553 2032 610 Est
2068 555 2118 600 in
2154 553 2342 603 theoria
2367 553 2470 602 Lu-

214 641 308 677 nae
345 628 607 690 peculiaris
648 627 755 688 ejus
793 640 912 675 usus
950 626 1014 675 ad
1053 624 1481 674 demonstrandam
1521 625 1629 688 ejus
1667 626 2074 689 inaequalitatum
2111 641 2280 687 uuam,
2324 641 2469 690 quam

214 700 301 749 illa
336 699 646 762 singulariter
692 698 845 749 habet
879 713 996 761 prae
1036 699 1206 747 ceteris
1243 697 1470 761 planetis.
1547 697 1646 747 Sed
1685 701 1802 761 quia
1839 699 1920 747 hic
1957 698 2079 746 liber
2115 698 2178 747 V.
2218 698 2360 757 datus
2399 705 2471 748 est

215 775 276 822 iis
323 776 515 821 tantum
562 773 972 835 proprietatibus,
1026 784 1154 833 quae
1192 772 1511 820 communiter
1547 772 1712 820 insunt
1746 772 1959 834 planetis
2000 773 2250 833 omnibus,
2307 773 2469 834 igitur,

215 844 348 908 quod
397 851 550 894 restat
599 851 863 908 apparatus
909 845 1190 906 geometrici
1239 843 1304 892 ad
1354 844 1705 894 absolvendam
1742 844 1889 906 hujus
1927 844 2188 907 singularis
2226 859 2343 893 usus
2383 843 2471 892 de·-

214 920 629 980 monstrationem,
669 916 720 965 id
758 917 973 966 differtur
1009 922 1138 966 recte
1176 918 1225 964 in
1264 916 1377 965 libri
1404 916 1489 967 VI.
1529 924 1716 981 partem
1746 919 1792 978 4,
1834 915 2020 966 scilicet
2055 918 2106 964 in
2146 919 2301 981 ipsam
2327 916 2471 966 theo³
2550 975 2554 979 ⁴

221 993 343 1040 riam
381 991 567 1040 Lunae.

367 1064 484 1127 Qua
531 1065 732 1112 ratione
781 1067 922 1109 vetus
960 1061 1278 1110 Ptolemmca
1324 1064 1643 1111 astronomia
1691 1036 1899 1111 metitur
1934 1076 2107 1112 moras
2139 1063 2380 1124 planetae
2417 1065 2472 1110 in

218 1138 434 1201 quolibet
470 1151 597 1185 arcu
633 1137 716 1183 sui
752 1136 1024 1194 eccentrici,
1063 1148 1151 1182 seu
1189 1133 1316 1196 quid
1349 1134 1499 1184 habet
1531 1136 1623 1183 illa
1661 1136 1766 1184 loco
1787 1136 1942 1197 plani
1967 1135 2268 1184 circularis?
2311 1132 2474 1183 Utitur
2548 1156 2550 1160 >

217 1210 282 1260 ad
317 1210 413 1260 hoc
450 1207 629 1258 circulo
668 1207 931 1271 peculiari,
972 1209 1050 1255 cui
1089 1209 1439 1269 aequantis
1476 1222 1652 1257 nomen
1692 1213 1767 1258 est
1801 1210 2033 1271 positum,
2074 1209 2214 1271 cujus
2253 1215 2469 1257 centrum

220 1288 349 1333 esset
396 1284 444 1329 in
494 1281 662 1344 figuris
700 1282 880 1329 nostris
919 1279 1043 1328 alter
1078 1281 1323 1340 focorum,
1364 1282 1412 1328 in
1451 1282 1672 1344 proximo
1710 1281 1959 1330 schemate
1999 1281 2060 1342 V,
2099 1282 2147 1328 in
2186 1279 2475 1345 antepenul—

217 1358 337 1405 timo
374 1355 431 1416 F,
472 1357 589 1417 quia
625 1359 814 1403 tantum
853 1352 1004 1403 distat
1041 1367 1072 1400 a
1107 1359 1274 1402 centro
1312 1355 1569 1403 eccentrici
1605 1353 1648 1401 B
1687 1368 1858 1403 versus
1895 1368 2134 1402 summam
2173 1354 2392 1418 apsidem
2416 1353 2473 1417 P,

218 1433 453 1491 quantum
482 1428 527 1475 A
552 1426 639 1477 Sol
675 1427 738 1477 ab
778 1426 950 1476 eodem
989 1431 1154 1475 centro
1191 1428 1450 1475 eccentrici
1489 1426 1637 1476 distat
1676 1440 1847 1476 versus
1872 1428 2020 1476 imam
2044 1427 2105 1479 R.
2161 1426 2288 1476 Nam
2318 1427 2476 1490 ejecta

218 1502 348 1551 linea
388 1515 446 1550 ex
487 1506 649 1550 centro
688 1501 946 1562 aequantis
971 1499 1018 1547 V
1055 1513 1142 1562 per
1181 1513 1355 1561 corpus
1383 1498 1629 1562 planetae,
1669 1513 1811 1548 arcus
1837 1500 1983 1564 hujus
2009 1501 2282 1564 aequantia,
2323 1503 2473 1550 inter-

218 1580 387 1638 ceptus
425 1576 548 1624 inter
583 1573 710 1622 hanc
746 1572 927 1622 lineam
964 1578 1012 1621 et
1051 1573 1175 1621 inter
1199 1571 1303 1633 VP,
1342 1571 1524 1621 lineam
1561 1571 1802 1636 apsidum,
1841 1575 2072 1623 statuitur
2094 1587 2321 1623 mensura
2345 1580 2471 1665 tem-

218 1650 364 1711 poris,
406 1646 539 1710 quod
573 1646 776 1710 planeta
814 1646 1056 1695 consumit
1092 1645 1142 1692 in
1180 1658 1296 1693 arcu
1334 1658 1454 1695 suae
1493 1646 1696 1695 orbitae.

374 1720 586 1770 Videtur
634 1719 915 1783 hypothesis
961 1720 1060 1767 ista
1104 1717 1417 1767 commodior
1463 1730 1561 1768 esse
1598 1719 1670 1767 ad
1701 1721 2010 1768 manuarias
2047 1721 2349 1769 ostensiones
2379 1732 2473 1781 per

215 1797 582 1854 instrumenta,
636 1793 854 1844 theorias
890 1792 1050 1840 dieta.-
1087 1806 1182 1840 eur
1216 1793 1368 1840 istam
1402 1805 1512 1841 non
1548 1794 1745 1850 retines,
1785 1807 1901 1841 cum
1930 1794 2046 1853 jam
2086 1792 2157 1842 bis
2183 1791 2472 1841 adhibueris

217 1875 263 1916 et
312 1869 417 1929 ipse
466 1868 686 1916 vicarias
723 1868 1036 1929 quantitates
1073 1865 1181 1913 loeo
1218 1865 1501 1914 verarum?
1568 1868 1611 1913 1.
1653 1864 1782 1927 Quia
1820 1879 2039 1928 aequans
2077 1878 2325 1928 nunquam
2361 1878 2474 1929 per·

219 1941 342 1989 secte
393 1954 561 1990 verum
602 1938 745 2001 dicit,
792 1939 887 1986 nisi
926 1937 1133 1989 velimus
1173 1942 1388 1987 centrum
1446 1938 1553 2000 ejus
1590 1939 1841 2001 inaequali
1877 1944 2014 2002 motu
2052 1937 2265 1988 libratile
2301 1938 2473 1999 facere,

220 2028 319 2077 qua
356 2015 544 2062 ratione
582 2012 918 2062 recederemus
957 2027 986 2060 a
1025 2009 1335 2074 simplicitate
1373 2010 1719 2075 hypothesium
1759 2010 2012 2075 multoque
2037 2011 2390 2076 perplexiorem
2428 2016 2476 2066 et

221 2088 549 2149 operosiorem
598 2087 1003 2135 constitueremus
1051 2084 1398 2132 astronomiam
1447 2085 1498 2131 in
1548 2098 1664 2147 usu,
1719 2098 1865 2147 quam
1915 2083 2000 2133 illa
2049 2091 2123 2133 est
2170 2083 2246 2133 his
2287 2084 2476 2133 duobus
2527 2123 2531 2130 .

218 2159 380 2220 libris,
431 2163 604 2221 quarto
657 2166 704 2208 et
755 2159 952 2219 quint0,
1002 2158 1052 2204 in
1102 2170 1357 2206 causarum
1397 2155 1746 2219 explicatione:
1805 2171 1914 2206 cum
1952 2157 2086 2206 hisce
2126 2158 2289 2206 causis
2326 2156 2476 2205 semel

220 2233 483 2295 perceptis,
515 2232 614 2280 imo
655 2234 802 2280 etiam
839 2244 936 2279 non
976 2228 1187 2291 creditis,
1230 2227 1318 2278 sed
1343 2227 1519 2278 saltem
1555 2230 1743 2292 positis,
1782 2243 1901 2279 usus
1938 2227 2112 2293 postea
2149 2236 2286 2294 parte
2324 2230 2478 2278 altera

219 2305 330 2355 libri
369 2304 429 2356 V.
467 2310 516 2353 et
559 2303 684 2352 libro
723 2303 812 2352 VI.
851 2302 1010 2351 facilis
1046 2303 1127 2354 sit.
1204 2304 1252 2350 2.
1297 2301 1426 2363 Quia
1462 2304 1718 2364 aequantia
1773 2302 1919 2365 hujus
1955 2304 2080 2351 ratio
2117 2317 2266 2366 penes
2304 2301 2475 2351 Ptole-

219 2392 413 2428 maeum
466 2377 566 2426 alia
603 2383 679 2426 est
715 2378 764 2424 in
801 2374 1012 2439 planetis
1048 2375 1402 2438 superioribus,
1454 2374 1554 2424 alia
1590 2376 1641 2422 in
1679 2374 1986 2424 inferioribus
2025 2375 2239 2436 duobus,
2291 2374 2391 2424 alia
2426 2376 2479 2443 in¹

221 2451 387 2512 Luna,
435 2455 664 2512 essetque
712 2463 842 2498 nunc
891 2450 1039 2498 etiam
1084 2447 1184 2498 alia
1221 2449 1270 2495 in
1309 2445 1454 2509 Sole3
1504 2452 1557 2497 at
1593 2447 1794 2511 planum
1833 2448 1999 2497 circuli
2038 2448 2291 2499 eccentrici
2329 2457 2476 2512 penes

219 2539 309 2573 nos
360 2525 410 2571 in
457 2523 682 2572 omnibus
728 2522 938 2586 planetis
989 2519 1148 2570 eidem
1198 2523 1309 2569 usui
1355 2521 1506 2569 servit
1552 2519 1726 2570 eodem
1763 2521 1924 2571 modo.
2003 2523 2049 2571 3.
2103 2521 2231 2583 Quia
2269 2520 2475 2572 circulus

222 2610 441 2660 aequans
488 2612 519 2646 a
567 2597 728 2645 causis
780 2594 1006 2660 genuinis
1053 2600 1275 2643 motuum
1321 2592 1504 2643 recedit
1550 2592 1858 2658 longissime,
1913 2608 2035 2658 quas
2073 2594 2270 2659 planum
2311 2593 2475 2647 circuli

223 2670 283 2720 de
331 2670 606 2734 propinquo
657 2672 1013 2733 repraesentat,
1065 2668 1246 2760 quippe
1296 2665 1429 2730 quod
1478 2672 1553 2716 est
1599 2680 1708 2716 cum
1756 2667 1904 2731 plano
1954 2667 2141 2731 ellipsis
2178 2667 2269 2717 sub
2309 2655 2474 2722 eodem

222 2757 417 2807 genere.
2472 2763 2478 2766 ·

364 2814 549 2865 Eadem
599 2812 931 2878 intelligantur
979 2813 1111 2862 dicta
1149 2813 1298 2861 etiam
1337 2816 1507 2861 contra
1544 2811 1670 2861 alias
1709 2811 2146 2877 aequipollentias,
2198 2827 2320 2877 quas
2357 2813 2477 2880 mira

223 2891 297 2938 vis
337 2889 538 2938 humani
576 2888 758 2952 ingenii
794 2887 1007 2950 proferre
1045 2885 1195 2947 solet,
1239 2891 1294 2933 ut
1332 2883 1465 2948 quod
1503 2883 1706 2934 David
1745 2885 2079 2935 Fabricius
2116 2888 2261 2936 unica
2300 2888 2475 2952 (quan-³

221 2977 368 3025 quam
407 2961 613 3011 duorum
652 2959 932 3024 aequalium
972 2957 1260 3009 circulorum
1299 2958 1551 3007 contrariis
1588 2959 1889 3008 motionibus
1915 2958 2183 3023 indigente)
2220 2958 2476 3010 libratione

222 3037 370 3084 centri
410 3035 665 3084 eccentrici
703 3035 753 3081 in
793 3031 979 3097 ellipsis
1018 3037 1214 3082 nostrae
1251 3030 1463 3080 breviori
1503 3029 1740 3080 diametro
1790 3038 1838 3081 et
1883 3031 2047 3082 salvat
2083 3034 2329 3095 ingressus
2365 3031 2475 3096 pla-3

200 3115 362 3163 ,netae
400 3123 431 3158 a
467 3107 700 3156 lateribus
737 3108 891 3156 nostri
930 3105 1187 3156 eccentrici
1225 3103 1392 3153 circuli
1431 3102 1710 3164 immobilis,
1751 3111 1801 3154 et
1837 3104 1980 3153 simul
2005 3104 2152 3155 librat
2177 3104 2367 3181 apsida,
2404 3105 2473 3157 sin

222 3186 275 3228 ut
306 3181 410 3243 jam
447 3181 553 3243 ipse
591 3178 800 3230 circulus
838 3180 1136 3229 eccentricus
1173 3178 1511 3226 numeratione
1548 3178 1613 3226 ab
1650 3177 1821 3242 apside
1858 3177 2060 3228 libratili
2096 3193 2253 3242 usque
2279 3178 2342 3228 ad
2368 3190 2476 3247 eor-

221 3267 313 3315 pus
362 3253 588 3315 planetae
637 3253 922 3302 continuata
969 3256 1186 3316 praestet
1222 3250 1365 3300 nobis
1402 3264 1679 3299 mensuram
1717 3251 1964 3314 temporis.
2039 3250 2143 3301 Nec
2180 3253 2307 3301 enim
2345 3243 2475 3299 mera

216 3325 547 3389 aequabilitas
585 3333 835 3386 motuum,
872 3339 967 3376 nec
1003 3323 1242 3389 praecisio
1282 3322 1564 3372 omnimoda
1602 3323 1861 3385 obtinetur,
1899 3337 1988 3372 nec
2027 3338 2205 3388 operae
2244 3315 2474 3388 compen-³
2549 3320 2554 3359 ἶ

223 3397 357 3447 dium
395 3397 463 3458 fit,
505 3403 552 3446 et
590 3413 768 3447 causae
805 3403 1027 3447 motuum
1066 3397 1370 3447 occultantur
1409 3397 1826 3459 abneganturque.
1840 3392 1911 3457 ⁶¹)
2455 3395 2475 3429 *³
2539 3428 2541 3430 -

368 3467 606 3519 Omnibus
654 3485 770 3520 vero
819 3470 977 3520 modis
1015 3470 1299 3534 repudiatur
1336 3469 1673 3532 Copernicana
1709 3467 2031 3530 machinatio,
2085 3471 2171 3532 qui
2210 3469 2331 3518 duos
2369 3467 2470 3531 epi·
2543 3513 2547 3529 i

223 3543 388 3608 cyclos
424 3545 739 3606 proportione
777 3550 997 3593 motuum
1037 3543 1191 3606 dupla
1228 3543 1500 3592 circumfert
1535 3545 1584 3589 in
1623 3542 1959 3591 concentrico:
2001 3557 2109 3591 cum
2149 3544 2275 3591 enim
2305 3541 2475 3590 observ
2515 3535 2546 3565 ·’

222 3617 447 3667 vationes
486 3620 738 3675 testentur,
779 3616 964 3678 ingredi
1002 3616 1250 3679 planetam
1289 3614 1355 3665 ad
1389 3615 1546 3664 latera
1581 3614 1704 3663 locis
1739 3613 1912 3662 mediis
1951 3616 2075 3663 inte'r
2101 3614 2314 3678 apsidas,
2353 3613 2470 3662 haee
2539 3664 2543 3670 ,

224 3690 562 3754 Copernicana
598 3686 885 3750 hypothesis
923 3689 1041 3738 facit
1073 3691 1236 3752 ipsum
1273 3689 1515 3737 contraria
1551 3689 1715 3750 potius
1751 3688 1939 3736 ratione
1965 3690 2163 3751 evagari
2191 3694 2467 3737 extrorsum.
2539 3726 2542 3730 ,

223 3762 363 3814 Haec
411 3758 654 3825 particula
701 3758 1047 3822 hypothesium
1086 3761 1355 3824 Copernici
1395 3758 1698 3810 emendanda
1743 3761 1938 3809 omnino
1978 3767 2080 3821 est,
2134 3760 2274 3819 salva
2311 3765 2470 3807 tamen

223 3837 330 3899 ejus
369 3833 634 3885 universali
673 3832 933 3896 hypothesi
970 3839 1133 3882 motus
1159 3833 1369 3883 Telluris
1407 3831 1736 3894 anuui'unde
1768 3832 1882 3881 huic
1907 3833 2157 3900 ,doctrinae
2180 3845 2356 3881 nomen
2381 3833 2466 3878 est.
