<?xml version="1.0" encoding="UTF-8"?>
<!DOCTYPE html PUBLIC "-//W3C//DTD XHTML 1.0 Transitional//EN"
    "http://www.w3.org/TR/xhtml1/DTD/xhtml1-transitional.dtd">
<html xmlns="http://www.w3.org/1999/xhtml" xml:lang="en" lang="en">
 <head>
  <title>
</title>
<meta http-equiv="Content-Type" content="text/html;charset=utf-8" />
  <meta name='ocr-system' content='tesseract 3.04.00' />
  <meta name='ocr-capabilities' content='ocr_page ocr_carea ocr_par ocr_line ocrx_word'/>
</head>
<body>
  <div class='ocr_page' id='page_1' title='image "./operaomniaedidit06kepluoft_0709.png"; bbox 0 0 2554 4140; ppageno 0'>
   <div class='ocr_carea' id='block_1_1' title="bbox 0 0 3 688">
    <p class='ocr_par' dir='ltr' id='par_1_1' title="bbox 0 0 3 688">
     <span class='ocr_line' id='line_1_1' title="bbox 0 0 3 688; baseline 0 0"><span class='ocrx_word' id='word_1_1' title='bbox 0 0 3 688; x_wconf 95' lang='lat' dir='ltr'><strong> </strong></span> 
     </span>
    </p>
   </div>
   <div class='ocr_carea' id='block_1_2' title="bbox 0 856 19 4140">
    <p class='ocr_par' dir='ltr' id='par_1_2' title="bbox 0 856 19 4140">
     <span class='ocr_line' id='line_1_2' title="bbox 0 856 19 4140; baseline 0 0"><span class='ocrx_word' id='word_1_2' title='bbox 0 856 19 4140; x_wconf 95' lang='lat' dir='ltr'><strong> </strong></span> 
     </span>
    </p>
   </div>
   <div class='ocr_carea' id='block_1_3' title="bbox 1143 64 2481 146">
    <p class='ocr_par' dir='ltr' id='par_1_3' title="bbox 1143 64 2481 146">
     <span class='ocr_line' id='line_1_3' title="bbox 1143 64 2481 146; baseline 0.013 -27"><span class='ocrx_word' id='word_1_3' title='bbox 1143 71 1410 131; x_wconf 76' lang='lat' dir='ltr'><strong>Praecepta.</strong></span> <span class='ocrx_word' id='word_1_4' title='bbox 1551 109 1559 115; x_wconf 91' lang='lat'><strong>.</strong></span> <span class='ocrx_word' id='word_1_5' title='bbox 1692 116 1696 119; x_wconf 76' lang='grc'><em>,</em></span> <span class='ocrx_word' id='word_1_6' title='bbox 1740 121 1744 125; x_wconf 79' lang='grc'>,</span> <span class='ocrx_word' id='word_1_7' title='bbox 1995 139 1997 141; x_wconf 12' lang='lat' dir='ltr'>v</span> <span class='ocrx_word' id='word_1_8' title='bbox 2264 84 2398 146; x_wconf 59' lang='lat'><strong>,695</strong></span> <span class='ocrx_word' id='word_1_9' title='bbox 2479 64 2481 67; x_wconf 10' lang='grc' dir='ltr'><strong><em>Δ</em></strong></span> 
     </span>
    </p>
   </div>
   <div class='ocr_carea' id='block_1_4' title="bbox 139 220 2419 1233">
    <p class='ocr_par' dir='ltr' id='par_1_4' title="bbox 149 220 2399 433">
     <span class='ocr_line' id='line_1_4' title="bbox 150 220 2399 292; baseline 0.003 -20"><span class='ocrx_word' id='word_1_10' title='bbox 150 223 241 273; x_wconf 89' lang='lat' dir='ltr'><strong>has</strong></span> <span class='ocrx_word' id='word_1_11' title='bbox 263 223 314 273; x_wconf 73' lang='lat'><strong>‚4</strong></span> <span class='ocrx_word' id='word_1_12' title='bbox 349 222 699 288; x_wconf 78' lang='lat' dir='ltr'><strong>hypothesium</strong></span> <span class='ocrx_word' id='word_1_13' title='bbox 733 222 926 282; x_wconf 76' lang='lat' dir='ltr'><strong>formaS‚</strong></span> <span class='ocrx_word' id='word_1_14' title='bbox 967 225 1020 270; x_wconf 90' lang='lat' dir='ltr'><strong>at</strong></span> <span class='ocrx_word' id='word_1_15' title='bbox 1054 221 1352 286; x_wconf 89' lang='lat' dir='ltr'><strong>comparatio</strong></span> <span class='ocrx_word' id='word_1_16' title='bbox 1375 220 1546 271; x_wconf 89' lang='lat' dir='ltr'><strong>Lunae</strong></span> <span class='ocrx_word' id='word_1_17' title='bbox 1585 236 1694 272; x_wconf 90' lang='lat' dir='ltr'><strong>cum</strong></span> <span class='ocrx_word' id='word_1_18' title='bbox 1732 223 1940 288; x_wconf 87' lang='lat' dir='ltr'><strong>planetis</strong></span> <span class='ocrx_word' id='word_1_19' title='bbox 1976 229 2176 289; x_wconf 64' lang='lat' dir='ltr'><strong>ceteris„</strong></span> <span class='ocrx_word' id='word_1_20' title='bbox 2199 229 2399 292; x_wconf 75' lang='lat' dir='ltr'><strong>inqui-</strong></span> 
     </span>
     <span class='ocr_line' id='line_1_5' title="bbox 151 293 2398 358; baseline 0.004 -14"><span class='ocrx_word' id='word_1_21' title='bbox 151 295 481 358; x_wconf 79' lang='lat' dir='ltr'><strong>bus-meliora</strong></span> <span class='ocrx_word' id='word_1_22' title='bbox 516 295 751 346; x_wconf 85' lang='lat' dir='ltr'><strong>habemus</strong></span> <span class='ocrx_word' id='word_1_23' title='bbox 790 294 853 344; x_wconf 93' lang='lat' dir='ltr'><strong>ad</strong></span> <span class='ocrx_word' id='word_1_24' title='bbox 890 294 1024 343; x_wconf 85' lang='lat' dir='ltr'><strong>hanc·</strong></span> <span class='ocrx_word' id='word_1_25' title='bbox 1053 308 1306 345; x_wconf 83' lang='lat' dir='ltr'><strong>censuram</strong></span> <span class='ocrx_word' id='word_1_26' title='bbox 1329 293 1642 358; x_wconf 85' lang='lat' dir='ltr'><strong>adminicula,</strong></span> <span class='ocrx_word' id='word_1_27' title='bbox 1682 297 1837 346; x_wconf 90' lang='lat' dir='ltr'><strong>solam</strong></span> <span class='ocrx_word' id='word_1_28' title='bbox 1860 313 2007 349; x_wconf 90' lang='lat' dir='ltr'><strong>unam</strong></span> <span class='ocrx_word' id='word_1_29' title='bbox 2053 300 2239 350; x_wconf 79' lang='lat' dir='ltr'><strong>stabilit</strong></span> <span class='ocrx_word' id='word_1_30' title='bbox 2268 316 2398 355; x_wconf 61' lang='lat' dir='ltr'><strong>,cau-</strong></span> 
     </span>
     <span class='ocr_line' id='line_1_6' title="bbox 149 363 1715 433; baseline 0.002 -17"><span class='ocrx_word' id='word_1_31' title='bbox 149 383 410 431; x_wconf 83' lang='lat' dir='ltr'><strong>sarumque</strong></span> <span class='ocrx_word' id='word_1_32' title='bbox 447 368 756 433; x_wconf 86' lang='lat' dir='ltr'><strong>physicarum</strong></span> <span class='ocrx_word' id='word_1_33' title='bbox 796 369 1094 417; x_wconf 82' lang='lat' dir='ltr'><strong>concinnitas</strong></span> <span class='ocrx_word' id='word_1_34' title='bbox 1134 369 1307 417; x_wconf 84' lang='lat' dir='ltr'><strong>eximie</strong></span> <span class='ocrx_word' id='word_1_35' title='bbox 1346 382 1452 415; x_wconf 91' lang='lat' dir='ltr'><strong>eam</strong></span> <span class='ocrx_word' id='word_1_36' title='bbox 1491 363 1715 419; x_wconf 82' lang='lat' dir='ltr'><strong>illustrat.</strong></span> 
     </span>
    </p>

    <p class='ocr_par' dir='ltr' id='par_1_5' title="bbox 139 440 2419 1233">
     <span class='ocr_line' id='line_1_7' title="bbox 295 440 2398 510; baseline 0.004 -22"><span class='ocrx_word' id='word_1_37' title='bbox 295 441 496 498; x_wconf 83' lang='lat' dir='ltr'><strong>Ex&#39;his</strong></span> <span class='ocrx_word' id='word_1_38' title='bbox 545 456 593 493; x_wconf 63' lang='lat' dir='ltr'><strong>n..</strong></span> <span class='ocrx_word' id='word_1_39' title='bbox 650 442 684 487; x_wconf 85' lang='lat'>4</span> <span class='ocrx_word' id='word_1_40' title='bbox 721 441 887 489; x_wconf 83' lang='lat' dir='ltr'><strong>formis</strong></span> <span class='ocrx_word' id='word_1_41' title='bbox 939 441 1125 502; x_wconf 90' lang='lat' dir='ltr'><strong>prima,</strong></span> <span class='ocrx_word' id='word_1_42' title='bbox 1180 441 1425 510; x_wconf 85' lang='lat' dir='ltr'><strong>applicata</strong></span> <span class='ocrx_word' id='word_1_43' title='bbox 1462 440 1634 489; x_wconf 89' lang='lat' dir='ltr'><strong>Martis</strong></span> <span class='ocrx_word' id='word_1_44' title='bbox 1685 443 2134 508; x_wconf 79' lang='lat' dir='ltr'><strong>observationibuS,</strong></span> <span class='ocrx_word' id='word_1_45' title='bbox 2187 447 2398 497; x_wconf 84' lang='lat' dir='ltr'><strong>immane</strong></span> 
     </span>
     <span class='ocr_line' id='line_1_8' title="bbox 152 512 2419 578; baseline 0.004 -17"><span class='ocrx_word' id='word_1_46' title='bbox 152 519 391 576; x_wconf 89' lang='lat' dir='ltr'><strong>quantum</strong></span> <span class='ocrx_word' id='word_1_47' title='bbox 440 519 613 576; x_wconf 84' lang='lat' dir='ltr'><strong>peccet</strong></span> <span class='ocrx_word' id='word_1_48' title='bbox 657 515 707 560; x_wconf 91' lang='lat' dir='ltr'><strong>in</strong></span> <span class='ocrx_word' id='word_1_49' title='bbox 760 512 1278 576; x_wconf 88' lang='lat' dir='ltr'><strong>prosthaphaeresibus</strong></span> <span class='ocrx_word' id='word_1_50' title='bbox 1317 513 1467 574; x_wconf 88' lang='lat' dir='ltr'><strong>orbis,</strong></span> <span class='ocrx_word' id='word_1_51' title='bbox 1521 528 1616 576; x_wconf 90' lang='lat' dir='ltr'><strong>quo</strong></span> <span class='ocrx_word' id='word_1_52' title='bbox 1657 523 1942 578; x_wconf 87' lang='lat' dir='ltr'><strong>argumento</strong></span> <span class='ocrx_word' id='word_1_53' title='bbox 1983 524 2187 570; x_wconf 88' lang='lat' dir='ltr'><strong>coactus</strong></span> <span class='ocrx_word' id='word_1_54' title='bbox 2226 513 2419 570; x_wconf 85' lang='lat' dir='ltr'><strong>Ptole-.</strong></span> 
     </span>
     <span class='ocr_line' id='line_1_9' title="bbox 148 585 2400 655; baseline 0.004 -21"><span class='ocrx_word' id='word_1_55' title='bbox 148 601 316 634; x_wconf 89' lang='lat' dir='ltr'><strong>maeus</strong></span> <span class='ocrx_word' id='word_1_56' title='bbox 354 599 495 633; x_wconf 85' lang='lat' dir='ltr'><strong>suam</strong></span> <span class='ocrx_word' id='word_1_57' title='bbox 533 585 665 634; x_wconf 90' lang='lat' dir='ltr'><strong>illam</strong></span> <span class='ocrx_word' id='word_1_58' title='bbox 692 586 896 636; x_wconf 85' lang='lat' dir='ltr'><strong>formam</strong></span> <span class='ocrx_word' id='word_1_59' title='bbox 933 585 1212 648; x_wconf 85' lang='lat' dir='ltr'><strong>introduxit,</strong></span> <span class='ocrx_word' id='word_1_60' title='bbox 1250 593 1305 635; x_wconf 98' lang='grc' dir='ltr'><strong>ιιι</strong></span> <span class='ocrx_word' id='word_1_61' title='bbox 1332 587 1578 650; x_wconf 82' lang='lat' dir='ltr'><strong>quantitas</strong></span> <span class='ocrx_word' id='word_1_62' title='bbox 1605 590 1990 651; x_wconf 85' lang='lat' dir='ltr'><strong>eccentricitatis,</strong></span> <span class='ocrx_word' id='word_1_63' title='bbox 2033 592 2090 640; x_wconf 91' lang='lat' dir='ltr'><strong>de</strong></span> <span class='ocrx_word' id='word_1_64' title='bbox 2117 605 2216 655; x_wconf 91' lang='lat' dir='ltr'><strong>qua</strong></span> <span class='ocrx_word' id='word_1_65' title='bbox 2233 600 2400 643; x_wconf 80' lang='lat' dir='ltr'><strong>motus</strong></span> 
     </span>
     <span class='ocr_line' id='line_1_10' title="bbox 147 651 2409 730; baseline 0.006 -24"><span class='ocrx_word' id='word_1_66' title='bbox 147 658 304 707; x_wconf 89' lang='lat' dir='ltr'><strong>diurni</strong></span> <span class='ocrx_word' id='word_1_67' title='bbox 341 659 630 720; x_wconf 87' lang='lat' dir='ltr'><strong>inaequales</strong></span> <span class='ocrx_word' id='word_1_68' title='bbox 669 651 1001 720; x_wconf 76' lang='lat' dir='ltr'><strong>testabantur,</strong></span> <span class='ocrx_word' id='word_1_69' title='bbox 1040 661 1089 706; x_wconf 91' lang='lat' dir='ltr'><strong>in</strong></span> <span class='ocrx_word' id='word_1_70' title='bbox 1127 665 1307 724; x_wconf 90' lang='lat' dir='ltr'><strong>puncto</strong></span> <span class='ocrx_word' id='word_1_71' title='bbox 1347 659 1542 724; x_wconf 90' lang='lat' dir='ltr'><strong>quidem</strong></span> <span class='ocrx_word' id='word_1_72' title='bbox 1581 663 1865 724; x_wconf 88' lang='lat' dir='ltr'><strong>aequatorio</strong></span> <span class='ocrx_word' id='word_1_73' title='bbox 1905 670 2155 713; x_wconf 86' lang='lat' dir='ltr'><strong>remaneat</strong></span> <span class='ocrx_word' id='word_1_74' title='bbox 2191 667 2409 730; x_wconf 68' lang='lat' dir='ltr'><strong>integra,</strong></span> 
     </span>
     <span class='ocr_line' id='line_1_11' title="bbox 144 732 2395 796; baseline 0.004 -16"><span class='ocrx_word' id='word_1_75' title='bbox 144 732 362 781; x_wconf 87' lang='lat' dir='ltr'><strong>semissis</strong></span> <span class='ocrx_word' id='word_1_76' title='bbox 401 745 517 781; x_wconf 82' lang='lat' dir='ltr'><strong>vero</strong></span> <span class='ocrx_word' id='word_1_77' title='bbox 556 732 665 795; x_wconf 80' lang='lat' dir='ltr'><strong>ejus</strong></span> <span class='ocrx_word' id='word_1_78' title='bbox 701 732 858 781; x_wconf 89' lang='lat' dir='ltr'><strong>solum</strong></span> <span class='ocrx_word' id='word_1_79' title='bbox 897 733 946 778; x_wconf 91' lang='lat' dir='ltr'><strong>in</strong></span> <span class='ocrx_word' id='word_1_80' title='bbox 985 738 1147 780; x_wconf 90' lang='lat' dir='ltr'><strong>centro</strong></span> <span class='ocrx_word' id='word_1_81' title='bbox 1187 735 1341 796; x_wconf 89' lang='lat' dir='ltr'><strong>ipsius</strong></span> <span class='ocrx_word' id='word_1_82' title='bbox 1381 733 1581 781; x_wconf 76' lang='lat' dir='ltr'><strong>orbitae,</strong></span> <span class='ocrx_word' id='word_1_83' title='bbox 1658 733 1810 795; x_wconf 89' lang='lat' dir='ltr'><strong>Atqui</strong></span> <span class='ocrx_word' id='word_1_84' title='bbox 1849 749 1957 783; x_wconf 89' lang='lat' dir='ltr'><strong>cum</strong></span> <span class='ocrx_word' id='word_1_85' title='bbox 1984 738 2141 787; x_wconf 89' lang='lat' dir='ltr'><strong>orbita</strong></span> <span class='ocrx_word' id='word_1_86' title='bbox 2179 741 2250 787; x_wconf 88' lang='lat' dir='ltr'><strong>sic</strong></span> <span class='ocrx_word' id='word_1_87' title='bbox 2286 754 2395 788; x_wconf 90' lang='lat' dir='ltr'><strong>ma-</strong></span> 
     </span>
     <span class='ocr_line' id='line_1_12' title="bbox 146 802 2394 872; baseline 0.004 -21"><span class='ocrx_word' id='word_1_88' title='bbox 146 810 263 854; x_wconf 88' lang='lat' dir='ltr'><strong>neat</strong></span> <span class='ocrx_word' id='word_1_89' title='bbox 299 802 506 855; x_wconf 89' lang='lat' dir='ltr'><strong>circulus</strong></span> <span class='ocrx_word' id='word_1_90' title='bbox 543 805 809 869; x_wconf 80' lang='lat' dir='ltr'><strong>perfectuS,</strong></span> <span class='ocrx_word' id='word_1_91' title='bbox 851 803 1180 854; x_wconf 84' lang='lat' dir='ltr'><strong>demonstravi</strong></span> <span class='ocrx_word' id='word_1_92' title='bbox 1219 820 1312 869; x_wconf 89' lang='lat' dir='ltr'><strong>ego</strong></span> <span class='ocrx_word' id='word_1_93' title='bbox 1353 821 1413 855; x_wconf 89' lang='lat' dir='ltr'><strong>ex</strong></span> <span class='ocrx_word' id='word_1_94' title='bbox 1451 802 1875 872; x_wconf 77' lang='lat' dir='ltr'><strong>observationibus</strong></span> <span class='ocrx_word' id='word_1_95' title='bbox 1913 807 2085 858; x_wconf 88' lang='lat' dir='ltr'><strong>Martis</strong></span> <span class='ocrx_word' id='word_1_96' title='bbox 2127 811 2394 866; x_wconf 59' lang='lat' dir='ltr'><strong>evidentis-‚-</strong></span> 
     </span>
     <span class='ocr_line' id='line_1_13' title="bbox 142 876 2392 942; baseline 0.004 -16"><span class='ocrx_word' id='word_1_97' title='bbox 142 879 290 942; x_wconf 88' lang='lat' dir='ltr'><strong>sime,</strong></span> <span class='ocrx_word' id='word_1_98' title='bbox 341 876 588 941; x_wconf 84' lang='lat' dir='ltr'><strong>planetam</strong></span> <span class='ocrx_word' id='word_1_99' title='bbox 635 881 685 925; x_wconf 90' lang='lat' dir='ltr'><strong>in</strong></span> <span class='ocrx_word' id='word_1_100' title='bbox 735 877 1120 940; x_wconf 88' lang='lat' dir='ltr'><strong>longitudinibus</strong></span> <span class='ocrx_word' id='word_1_101' title='bbox 1170 879 1342 928; x_wconf 89' lang='lat' dir='ltr'><strong>mediis</strong></span> <span class='ocrx_word' id='word_1_102' title='bbox 1392 879 1549 928; x_wconf 86' lang='lat' dir='ltr'><strong>orbita</strong></span> <span class='ocrx_word' id='word_1_103' title='bbox 1597 878 1690 928; x_wconf 85' lang='lat' dir='ltr'><strong>hac</strong></span> <span class='ocrx_word' id='word_1_104' title='bbox 1740 879 1987 942; x_wconf 89' lang='lat' dir='ltr'><strong>circulari,</strong></span> <span class='ocrx_word' id='word_1_105' title='bbox 2042 897 2072 931; x_wconf 90' lang='lat' dir='ltr'><strong>a</strong></span> <span class='ocrx_word' id='word_1_106' title='bbox 2108 883 2392 938; x_wconf 85' lang='lat' dir='ltr'><strong>Ptolemaeo</strong></span> 
     </span>
     <span class='ocr_line' id='line_1_14' title="bbox 142 949 2392 1019; baseline 0.004 -20"><span class='ocrx_word' id='word_1_107' title='bbox 142 951 411 1013; x_wconf 88' lang='lat' dir='ltr'><strong>supposita,</strong></span> <span class='ocrx_word' id='word_1_108' title='bbox 451 951 685 1018; x_wconf 82' lang='lat' dir='ltr'><strong>excedere</strong></span> <span class='ocrx_word' id='word_1_109' title='bbox 725 957 774 1000; x_wconf 90' lang='lat' dir='ltr'><strong>et</strong></span> <span class='ocrx_word' id='word_1_110' title='bbox 810 949 985 1008; x_wconf 48' lang='lat' dir='ltr'><strong>centro,</strong></span> <span class='ocrx_word' id='word_1_111' title='bbox 1013 954 1417 1015; x_wconf 87' lang='lat' dir='ltr'><strong>appropinquare,</strong></span> <span class='ocrx_word' id='word_1_112' title='bbox 1457 951 1611 1001; x_wconf 79' lang='lat' dir='ltr'><strong>forma</strong></span> <span class='ocrx_word' id='word_1_113' title='bbox 1637 955 1822 1014; x_wconf 77' lang='lat' dir='ltr'><strong>itineris</strong></span> <span class='ocrx_word' id='word_1_114' title='bbox 1848 953 2078 1017; x_wconf 88' lang='lat' dir='ltr'><strong>elliptica,</strong></span> <span class='ocrx_word' id='word_1_115' title='bbox 2120 971 2264 1019; x_wconf 89' lang='lat' dir='ltr'><strong>quam</strong></span> <span class='ocrx_word' id='word_1_116' title='bbox 2306 960 2392 1007; x_wconf 88' lang='lat' dir='ltr'><strong>ex·-</strong></span> 
     </span>
     <span class='ocr_line' id='line_1_15' title="bbox 139 1012 2393 1094; baseline 0.004 -24"><span class='ocrx_word' id='word_1_117' title='bbox 139 1026 354 1086; x_wconf 89' lang='lat' dir='ltr'><strong>primunt</strong></span> <span class='ocrx_word' id='word_1_118' title='bbox 388 1037 529 1072; x_wconf 90' lang='lat' dir='ltr'><strong>meae</strong></span> <span class='ocrx_word' id='word_1_119' title='bbox 566 1012 864 1091; x_wconf 76' lang='lat' dir='ltr'><strong>hypotheses</strong></span> <span class='ocrx_word' id='word_1_120' title='bbox 902 1023 1177 1087; x_wconf 87' lang='lat' dir='ltr'><strong>physicae,</strong></span> <span class='ocrx_word' id='word_1_121' title='bbox 1202 1037 1310 1074; x_wconf 90' lang='lat' dir='ltr'><strong>cum</strong></span> <span class='ocrx_word' id='word_1_122' title='bbox 1349 1025 1631 1089; x_wconf 88' lang='lat' dir='ltr'><strong>Tychonica</strong></span> <span class='ocrx_word' id='word_1_123' title='bbox 1667 1028 1898 1088; x_wconf 86' lang='lat' dir='ltr'><strong>geminati</strong></span> <span class='ocrx_word' id='word_1_124' title='bbox 1937 1028 2168 1091; x_wconf 89' lang='lat' dir='ltr'><strong>epicycli,</strong></span> <span class='ocrx_word' id='word_1_125' title='bbox 2209 1045 2393 1094; x_wconf 91' lang='lat' dir='ltr'><strong>suppe-</strong></span> 
     </span>
     <span class='ocr_line' id='line_1_16' title="bbox 141 1095 2392 1190; baseline 0.004 -46"><span class='ocrx_word' id='word_1_126' title='bbox 141 1097 296 1145; x_wconf 85' lang='lat' dir='ltr'><strong>ditata</strong></span> <span class='ocrx_word' id='word_1_127' title='bbox 331 1110 362 1143; x_wconf 87' lang='lat' dir='ltr'><strong>a</strong></span> <span class='ocrx_word' id='word_1_128' title='bbox 401 1095 684 1159; x_wconf 79' lang='lat' dir='ltr'><strong>CopernicO,</strong></span> <span class='ocrx_word' id='word_1_129' title='bbox 725 1096 972 1159; x_wconf 84' lang='lat' dir='ltr'><strong>planetam</strong></span> <span class='ocrx_word' id='word_1_130' title='bbox 1022 1111 1047 1145; x_wconf 93' lang='lat' dir='ltr'><strong>e</strong></span> <span class='ocrx_word' id='word_1_131' title='bbox 1087 1100 1326 1147; x_wconf 88' lang='lat' dir='ltr'><strong>contrario</strong></span> <span class='ocrx_word' id='word_1_132' title='bbox 1365 1097 1430 1147; x_wconf 90' lang='lat' dir='ltr'><strong>ad</strong></span> <span class='ocrx_word' id='word_1_133' title='bbox 1467 1099 1621 1148; x_wconf 87' lang='lat' dir='ltr'><strong>latera</strong></span> <span class='ocrx_word' id='word_1_134' title='bbox 1658 1100 1807 1148; x_wconf 88' lang='lat' dir='ltr'><strong>faciat</strong></span> <span class='ocrx_word' id='word_1_135' title='bbox 1857 1114 1887 1148; x_wconf 92' lang='lat' dir='ltr'><strong>a</strong></span> <span class='ocrx_word' id='word_1_136' title='bbox 1923 1106 2087 1149; x_wconf 88' lang='lat' dir='ltr'><strong>centro</strong></span> <span class='ocrx_word' id='word_1_137' title='bbox 2127 1116 2392 1190; x_wconf 85' lang='lat' dir='ltr'><strong>excurrere,</strong></span> 
     </span>
     <span class='ocr_line' id='line_1_17' title="bbox 139 1164 1083 1233; baseline 0 -16"><span class='ocrx_word' id='word_1_138' title='bbox 139 1170 313 1232; x_wconf 88' lang='lat' dir='ltr'><strong>majori</strong></span> <span class='ocrx_word' id='word_1_139' title='bbox 353 1167 531 1217; x_wconf 89' lang='lat' dir='ltr'><strong>damno</strong></span> <span class='ocrx_word' id='word_1_140' title='bbox 566 1164 1083 1233; x_wconf 85' lang='lat' dir='ltr'><strong>prosthaphaereseon.</strong></span> 
     </span>
    </p>
   </div>
   <div class='ocr_carea' id='block_1_5' title="bbox 68 1246 2441 2772">
    <p class='ocr_par' dir='ltr' id='par_1_6' title="bbox 68 1246 2441 2772">
     <span class='ocr_line' id='line_1_18' title="bbox 280 1246 2392 1315; baseline 0.004 -20"><span class='ocrx_word' id='word_1_141' title='bbox 280 1246 533 1298; x_wconf 87' lang='lat' dir='ltr'><strong>Hactenus</strong></span> <span class='ocrx_word' id='word_1_142' title='bbox 570 1249 630 1298; x_wconf 92' lang='lat' dir='ltr'><strong>de</strong></span> <span class='ocrx_word' id='word_1_143' title='bbox 668 1251 822 1312; x_wconf 91' lang='lat' dir='ltr'><strong>prima</strong></span> <span class='ocrx_word' id='word_1_144' title='bbox 859 1249 1208 1310; x_wconf 87' lang='lat' dir='ltr'><strong>inaequalitate</strong></span> <span class='ocrx_word' id='word_1_145' title='bbox 1248 1251 1464 1313; x_wconf 85' lang='lat' dir='ltr'><strong>egimus3</strong></span> <span class='ocrx_word' id='word_1_146' title='bbox 1515 1252 1756 1314; x_wconf 89' lang='lat' dir='ltr'><strong>sequitur,</strong></span> <span class='ocrx_word' id='word_1_147' title='bbox 1809 1257 1865 1300; x_wconf 90' lang='lat' dir='ltr'><strong>ut</strong></span> <span class='ocrx_word' id='word_1_148' title='bbox 1903 1251 2107 1315; x_wconf 86' lang='lat' dir='ltr'><strong>agamus</strong></span> <span class='ocrx_word' id='word_1_149' title='bbox 2147 1254 2294 1302; x_wconf 88' lang='lat' dir='ltr'><strong>etiam</strong></span> <span class='ocrx_word' id='word_1_150' title='bbox 2333 1253 2392 1304; x_wconf 90' lang='lat' dir='ltr'><strong>de</strong></span> 
     </span>
     <span class='ocr_line' id='line_1_19' title="bbox 135 1311 2441 1385; baseline 0.001 -15"><span class='ocrx_word' id='word_1_151' title='bbox 135 1323 393 1370; x_wconf 81' lang='lat' dir='ltr'><strong>menstruis</strong></span> <span class='ocrx_word' id='word_1_152' title='bbox 431 1311 866 1385; x_wconf 81' lang='lat' dir='ltr'><strong>inaequalitatibus</strong></span> <span class='ocrx_word' id='word_1_153' title='bbox 903 1356 915 1368; x_wconf 93' lang='lat'><em>.</em></span> <span class='ocrx_word' id='word_1_154' title='bbox 958 1359 969 1371; x_wconf 91' lang='lat'><strong>.</strong></span> <span class='ocrx_word' id='word_1_155' title='bbox 1011 1355 1023 1368; x_wconf 90' lang='lat'><strong>.</strong></span> <span class='ocrx_word' id='word_1_156' title='bbox 1083 1328 1180 1370; x_wconf 87' lang='lat' dir='ltr'><strong>Jam</strong></span> <span class='ocrx_word' id='word_1_157' title='bbox 1222 1330 1267 1369; x_wconf 88' lang='lat' dir='ltr'><strong>in</strong></span> <span class='ocrx_word' id='word_1_158' title='bbox 1306 1329 1589 1381; x_wconf 78' lang='lat' dir='ltr'><strong>manuscripto</strong></span> <span class='ocrx_word' id='word_1_159' title='bbox 1624 1331 1808 1384; x_wconf 86' lang='lat' dir='ltr'><strong>sequitur</strong></span> <span class='ocrx_word' id='word_1_160' title='bbox 1841 1329 1941 1382; x_wconf 82' lang='lat' dir='ltr'><strong>Cap.</strong></span> <span class='ocrx_word' id='word_1_161' title='bbox 1972 1331 2129 1374; x_wconf 82' lang='lat' dir='ltr'>XXVI.</span> <span class='ocrx_word' id='word_1_162' title='bbox 2162 1343 2295 1385; x_wconf 89' lang='lat' dir='ltr'><strong>usque</strong></span> <span class='ocrx_word' id='word_1_163' title='bbox 2340 1333 2393 1373; x_wconf 88' lang='lat' dir='ltr'><strong>ad</strong></span> <span class='ocrx_word' id='word_1_164' title='bbox 2438 1349 2441 1352; x_wconf 97' lang='lat'>·</span> 
     </span>
     <span class='ocr_line' id='line_1_20' title="bbox 68 1391 2394 1455; baseline 0.007 -30"><span class='ocrx_word' id='word_1_165' title='bbox 68 1403 75 1410; x_wconf 92' lang='lat'><strong>·</strong></span> <span class='ocrx_word' id='word_1_166' title='bbox 134 1400 281 1439; x_wconf 61' lang='lat' dir='ltr'>verba·</span> <span class='ocrx_word' id='word_1_167' title='bbox 271 1428 462 1442; x_wconf 51' lang='grc'>,,,,,</span> <span class='ocrx_word' id='word_1_168' title='bbox 493 1397 577 1442; x_wconf 56' lang='lat'><strong>1233</strong></span> <span class='ocrx_word' id='word_1_169' title='bbox 607 1397 966 1454; x_wconf 63' lang='lat' dir='ltr'><strong>inaequalitates</strong></span> <span class='ocrx_word' id='word_1_170' title='bbox 995 1394 1113 1452; x_wconf 70' lang='lat' dir='ltr'><strong>effici</strong></span> <span class='ocrx_word' id='word_1_171' title='bbox 1144 1392 1204 1449; x_wconf 77' lang='lat' dir='ltr'><strong>(v.</strong></span> <span class='ocrx_word' id='word_1_172' title='bbox 1238 1406 1270 1437; x_wconf 81' lang='lat' dir='ltr'><strong>s,</strong></span> <span class='ocrx_word' id='word_1_173' title='bbox 1305 1395 1377 1434; x_wconf 84' lang='lat' dir='ltr'><strong>fol.</strong></span> <span class='ocrx_word' id='word_1_174' title='bbox 1410 1392 1533 1450; x_wconf 83' lang='lat'>584.)</span> <span class='ocrx_word' id='word_1_175' title='bbox 1550 1427 1570 1450; x_wconf 79' lang='lat'><strong>,‚</strong></span> <span class='ocrx_word' id='word_1_176' title='bbox 1593 1397 1742 1436; x_wconf 85' lang='lat' dir='ltr'><strong>deinde</strong></span> <span class='ocrx_word' id='word_1_177' title='bbox 1774 1398 1928 1450; x_wconf 84' lang='lat' dir='ltr'><strong>pergit:</strong></span> <span class='ocrx_word' id='word_1_178' title='bbox 1960 1391 2116 1454; x_wconf 78' lang='lat' dir='ltr'><strong>Igitur</strong></span> <span class='ocrx_word' id='word_1_179' title='bbox 2151 1405 2244 1454; x_wconf 81' lang='lat' dir='ltr'><strong>ego</strong></span> <span class='ocrx_word' id='word_1_180' title='bbox 2279 1399 2394 1455; x_wconf 81' lang='lat' dir='ltr'><strong>post</strong></span> 
     </span>
     <span class='ocr_line' id='line_1_21' title="bbox 138 1460 2392 1530; baseline -0 -15"><span class='ocrx_word' id='word_1_181' title='bbox 138 1466 351 1515; x_wconf 88' lang='lat' dir='ltr'><strong>diutinas</strong></span> <span class='ocrx_word' id='word_1_182' title='bbox 391 1466 825 1530; x_wconf 87' lang='lat' dir='ltr'><strong>contemplationes</strong></span> <span class='ocrx_word' id='word_1_183' title='bbox 864 1465 1060 1528; x_wconf 82' lang='lat' dir='ltr'><strong>tandem</strong></span> <span class='ocrx_word' id='word_1_184' title='bbox 1098 1476 1288 1512; x_wconf 89' lang='lat' dir='ltr'><strong>omnem</strong></span> <span class='ocrx_word' id='word_1_185' title='bbox 1326 1460 1455 1510; x_wconf 91' lang='lat' dir='ltr'><strong>hunc</strong></span> <span class='ocrx_word' id='word_1_186' title='bbox 1493 1469 1782 1526; x_wconf 90' lang='lat' dir='ltr'><strong>apparatum</strong></span> <span class='ocrx_word' id='word_1_187' title='bbox 1819 1464 2392 1530; x_wconf 80' lang='lat' dir='ltr'><strong>realiumdeserentium,</strong></span> 
     </span>
     <span class='ocr_line' id='line_1_22' title="bbox 135 1535 2423 1603; baseline 0.001 -16"><span class='ocrx_word' id='word_1_188' title='bbox 135 1539 341 1589; x_wconf 91' lang='lat' dir='ltr'><strong>realium</strong></span> <span class='ocrx_word' id='word_1_189' title='bbox 380 1539 735 1603; x_wconf 72' lang='lat' dir='ltr'><strong>epinyclorum,</strong></span> <span class='ocrx_word' id='word_1_190' title='bbox 775 1539 979 1588; x_wconf 90' lang='lat' dir='ltr'><strong>realium</strong></span> <span class='ocrx_word' id='word_1_191' title='bbox 1015 1535 1425 1601; x_wconf 89' lang='lat' dir='ltr'><strong>hypocyclorum,</strong></span> <span class='ocrx_word' id='word_1_192' title='bbox 1470 1536 1518 1582; x_wconf 90' lang='lat' dir='ltr'><strong>in</strong></span> <span class='ocrx_word' id='word_1_193' title='bbox 1557 1538 1836 1586; x_wconf 89' lang='lat' dir='ltr'><strong>universum</strong></span> <span class='ocrx_word' id='word_1_194' title='bbox 1874 1540 2009 1601; x_wconf 90' lang='lat' dir='ltr'><strong>ipsos</strong></span> <span class='ocrx_word' id='word_1_195' title='bbox 2048 1539 2198 1587; x_wconf 91' lang='lat' dir='ltr'><strong>etiam</strong></span> <span class='ocrx_word' id='word_1_196' title='bbox 2234 1539 2423 1589; x_wconf 76' lang='lat' dir='ltr'><strong>reales·</strong></span> 
     </span>
     <span class='ocr_line' id='line_1_23' title="bbox 133 1603 2391 1675; baseline 0 -15"><span class='ocrx_word' id='word_1_197' title='bbox 133 1613 328 1661; x_wconf 90' lang='lat' dir='ltr'><strong>illorum</strong></span> <span class='ocrx_word' id='word_1_198' title='bbox 362 1619 525 1661; x_wconf 86' lang='lat' dir='ltr'><strong>motus</strong></span> <span class='ocrx_word' id='word_1_199' title='bbox 566 1618 838 1661; x_wconf 89' lang='lat' dir='ltr'><strong>menstruos</strong></span> <span class='ocrx_word' id='word_1_200' title='bbox 876 1612 1050 1675; x_wconf 85' lang='lat' dir='ltr'><strong>abjeci,</strong></span> <span class='ocrx_word' id='word_1_201' title='bbox 1088 1603 1306 1671; x_wconf 87' lang='lat' dir='ltr'><strong>nihilque</strong></span> <span class='ocrx_word' id='word_1_202' title='bbox 1346 1610 1394 1655; x_wconf 92' lang='lat' dir='ltr'><strong>in</strong></span> <span class='ocrx_word' id='word_1_203' title='bbox 1433 1609 1703 1659; x_wconf 86' lang='lat' dir='ltr'><strong>intervallis</strong></span> <span class='ocrx_word' id='word_1_204' title='bbox 1727 1610 1898 1660; x_wconf 89' lang='lat' dir='ltr'><strong>Lunae</strong></span> <span class='ocrx_word' id='word_1_205' title='bbox 1938 1617 1986 1659; x_wconf 88' lang='lat' dir='ltr'><strong>et</strong></span> <span class='ocrx_word' id='word_1_206' title='bbox 2012 1610 2206 1673; x_wconf 87' lang='lat' dir='ltr'><strong>Terrae,</strong></span> <span class='ocrx_word' id='word_1_207' title='bbox 2244 1626 2391 1675; x_wconf 91' lang='lat' dir='ltr'><strong>prae-</strong></span> 
     </span>
     <span class='ocr_line' id='line_1_24' title="bbox 133 1681 2431 1750; baseline 0.001 -18.018"><span class='ocrx_word' id='word_1_208' title='bbox 133 1691 354 1748; x_wconf 86' lang='lat' dir='ltr'><strong>terquam</strong></span> <span class='ocrx_word' id='word_1_209' title='bbox 392 1685 524 1747; x_wconf 92' lang='lat' dir='ltr'><strong>quod</strong></span> <span class='ocrx_word' id='word_1_210' title='bbox 562 1685 737 1735; x_wconf 87' lang='lat' dir='ltr'><strong>volunt</strong></span> <span class='ocrx_word' id='word_1_211' title='bbox 771 1686 908 1748; x_wconf 88' lang='lat' dir='ltr'><strong>leges</strong></span> <span class='ocrx_word' id='word_1_212' title='bbox 941 1685 1128 1750; x_wconf 84' lang='lat' dir='ltr'><strong>primae</strong></span> <span class='ocrx_word' id='word_1_213' title='bbox 1165 1681 1543 1743; x_wconf 87' lang='lat' dir='ltr'><strong>inaequalitatis,</strong></span> <span class='ocrx_word' id='word_1_214' title='bbox 1583 1685 1773 1732; x_wconf 90' lang='lat' dir='ltr'><strong>mutavi</strong></span> <span class='ocrx_word' id='word_1_215' title='bbox 1810 1698 1896 1748; x_wconf 90' lang='lat' dir='ltr'><strong>per</strong></span> <span class='ocrx_word' id='word_1_216' title='bbox 1930 1698 2148 1733; x_wconf 89' lang='lat' dir='ltr'><strong>mensem</strong></span> <span class='ocrx_word' id='word_1_217' title='bbox 2185 1685 2392 1749; x_wconf 86' lang='lat' dir='ltr'><strong>synodi-</strong></span> <span class='ocrx_word' id='word_1_218' title='bbox 2426 1723 2431 1727; x_wconf 89' lang='grc'>.</span> 
     </span>
     <span class='ocr_line' id='line_1_25' title="bbox 134 1754 2391 1823; baseline -0.001 -15"><span class='ocrx_word' id='word_1_219' title='bbox 134 1773 274 1822; x_wconf 90' lang='lat' dir='ltr'><strong>cum;</strong></span> <span class='ocrx_word' id='word_1_220' title='bbox 313 1764 471 1807; x_wconf 90' lang='lat' dir='ltr'><strong>totum</strong></span> <span class='ocrx_word' id='word_1_221' title='bbox 508 1773 628 1808; x_wconf 86' lang='lat' dir='ltr'><strong>vero</strong></span> <span class='ocrx_word' id='word_1_222' title='bbox 664 1758 759 1808; x_wconf 82' lang='lat' dir='ltr'><strong>h&#39;oc</strong></span> <span class='ocrx_word' id='word_1_223' title='bbox 796 1772 951 1823; x_wconf 89' lang='lat' dir='ltr'><strong>genus</strong></span> <span class='ocrx_word' id='word_1_224' title='bbox 990 1754 1394 1818; x_wconf 89' lang='lat' dir='ltr'><strong>inaequalitatum</strong></span> <span class='ocrx_word' id='word_1_225' title='bbox 1432 1761 1785 1804; x_wconf 88' lang='lat' dir='ltr'><strong>menstruarum</strong></span> <span class='ocrx_word' id='word_1_226' title='bbox 1825 1771 1890 1821; x_wconf 76' lang='lat' dir='ltr'><strong>ex</strong></span> <span class='ocrx_word' id='word_1_227' title='bbox 1922 1756 2227 1806; x_wconf 87' lang='lat' dir='ltr'><strong>naturalibus</strong></span> <span class='ocrx_word' id='word_1_228' title='bbox 2265 1759 2391 1808; x_wconf 90' lang='lat' dir='ltr'><strong>inci-</strong></span> 
     </span>
     <span class='ocr_line' id='line_1_26' title="bbox 131 1815 2390 1897; baseline -0 -16"><span class='ocrx_word' id='word_1_229' title='bbox 131 1832 399 1881; x_wconf 81' lang='lat' dir='ltr'><strong>tationibus</strong></span> <span class='ocrx_word' id='word_1_230' title='bbox 425 1838 474 1880; x_wconf 91' lang='lat' dir='ltr'><strong>et</strong></span> <span class='ocrx_word' id='word_1_231' title='bbox 495 1833 920 1891; x_wconf 76' lang='lat' dir='ltr'><strong>refrenationibuS,</strong></span> <span class='ocrx_word' id='word_1_232' title='bbox 962 1843 1089 1893; x_wconf 91' lang='lat' dir='ltr'><strong>quae</strong></span> <span class='ocrx_word' id='word_1_233' title='bbox 1115 1834 1431 1891; x_wconf 87' lang='lat' dir='ltr'><strong>sequerentur</strong></span> <span class='ocrx_word' id='word_1_234' title='bbox 1456 1815 1859 1879; x_wconf 81' lang='lat' dir='ltr'><strong>illuminationem</strong></span> <span class='ocrx_word' id='word_1_235' title='bbox 1885 1821 2139 1893; x_wconf 84' lang='lat' dir='ltr'><strong>utriusque</strong></span> <span class='ocrx_word' id='word_1_236' title='bbox 2160 1833 2390 1897; x_wconf 77' lang='lat' dir='ltr'><strong>corporiS,</strong></span> 
     </span>
     <span class='ocr_line' id='line_1_27' title="bbox 132 1901 2390 1968; baseline 0 -15"><span class='ocrx_word' id='word_1_237' title='bbox 132 1905 311 1954; x_wconf 88' lang='lat' dir='ltr'><strong>Terrae</strong></span> <span class='ocrx_word' id='word_1_238' title='bbox 351 1911 400 1954; x_wconf 91' lang='lat' dir='ltr'><strong>et</strong></span> <span class='ocrx_word' id='word_1_239' title='bbox 438 1905 613 1954; x_wconf 89' lang='lat' dir='ltr'><strong>Lunae</strong></span> <span class='ocrx_word' id='word_1_240' title='bbox 646 1903 972 1968; x_wconf 78' lang='lat' dir='ltr'><strong>librarumque</strong></span> <span class='ocrx_word' id='word_1_241' title='bbox 1009 1902 1392 1964; x_wconf 91' lang='lat' dir='ltr'><strong>magneticarum</strong></span> <span class='ocrx_word' id='word_1_242' title='bbox 1429 1902 1477 1949; x_wconf 92' lang='lat' dir='ltr'><strong>in</strong></span> <span class='ocrx_word' id='word_1_243' title='bbox 1517 1901 1635 1963; x_wconf 88' lang='lat' dir='ltr'><strong>illis,</strong></span> <span class='ocrx_word' id='word_1_244' title='bbox 1685 1904 1796 1951; x_wconf 89' lang='lat' dir='ltr'><strong>oriri</strong></span> <span class='ocrx_word' id='word_1_245' title='bbox 1837 1903 2181 1953; x_wconf 86' lang='lat' dir='ltr'><strong>demonstravi.</strong></span> <span class='ocrx_word' id='word_1_246' title='bbox 2255 1903 2390 1955; x_wconf 89' lang='lat' dir='ltr'><strong>Nihil</strong></span> 
     </span>
     <span class='ocr_line' id='line_1_28' title="bbox 130 1973 2390 2043; baseline 0.001 -17"><span class='ocrx_word' id='word_1_247' title='bbox 130 1979 211 2028; x_wconf 87' lang='lat' dir='ltr'><strong>hic</strong></span> <span class='ocrx_word' id='word_1_248' title='bbox 247 1991 432 2027; x_wconf 87' lang='lat' dir='ltr'><strong>novum</strong></span> <span class='ocrx_word' id='word_1_249' title='bbox 469 1984 518 2028; x_wconf 88' lang='lat' dir='ltr'><strong>et</strong></span> <span class='ocrx_word' id='word_1_250' title='bbox 554 1979 685 2027; x_wconf 91' lang='lat' dir='ltr'><strong>reale</strong></span> <span class='ocrx_word' id='word_1_251' title='bbox 724 1980 868 2042; x_wconf 88' lang='lat' dir='ltr'><strong>po&#39;sui</strong></span> <span class='ocrx_word' id='word_1_252' title='bbox 905 1975 1015 2043; x_wconf 87' lang='lat' dir='ltr'><strong>(nisi</strong></span> <span class='ocrx_word' id='word_1_253' title='bbox 1054 1976 1149 2024; x_wconf 86' lang='lat' dir='ltr'><strong>hoc</strong></span> <span class='ocrx_word' id='word_1_254' title='bbox 1172 1973 1444 2038; x_wconf 87' lang='lat' dir='ltr'><strong>physicum,</strong></span> <span class='ocrx_word' id='word_1_255' title='bbox 1485 1981 1570 2024; x_wconf 87' lang='lat' dir='ltr'><strong>aut</strong></span> <span class='ocrx_word' id='word_1_256' title='bbox 1605 1975 1762 2039; x_wconf 88' lang='lat' dir='ltr'><strong>ipsam</strong></span> <span class='ocrx_word' id='word_1_257' title='bbox 1788 1978 1889 2024; x_wconf 85' lang='lat' dir='ltr'><strong>vim</strong></span> <span class='ocrx_word' id='word_1_258' title='bbox 1914 1982 2192 2026; x_wconf 88' lang='lat' dir='ltr'><strong>moventem</strong></span> <span class='ocrx_word' id='word_1_259' title='bbox 2229 1977 2390 2029; x_wconf 87' lang='lat' dir='ltr'><strong>inesse</strong></span> 
     </span>
     <span class='ocr_line' id='line_1_29' title="bbox 130 2046 2390 2126; baseline 0.001 -27"><span class='ocrx_word' id='word_1_260' title='bbox 130 2054 179 2099; x_wconf 90' lang='lat' dir='ltr'><strong>in</strong></span> <span class='ocrx_word' id='word_1_261' title='bbox 216 2050 414 2112; x_wconf 87' lang='lat' dir='ltr'><strong>lumine,</strong></span> <span class='ocrx_word' id='word_1_262' title='bbox 453 2058 540 2101; x_wconf 89' lang='lat' dir='ltr'><strong>aut</strong></span> <span class='ocrx_word' id='word_1_263' title='bbox 577 2053 806 2100; x_wconf 72' lang='lat' dir='ltr'><strong>virtutem</strong></span> <span class='ocrx_word' id='word_1_264' title='bbox 843 2051 1090 2099; x_wconf 88' lang='lat' dir='ltr'><strong>motricem</strong></span> <span class='ocrx_word' id='word_1_265' title='bbox 1130 2049 1179 2095; x_wconf 91' lang='lat' dir='ltr'><strong>in</strong></span> <span class='ocrx_word' id='word_1_266' title='bbox 1217 2046 1526 2097; x_wconf 91' lang='lat' dir='ltr'><strong>moderandis</strong></span> <span class='ocrx_word' id='word_1_267' title='bbox 1562 2051 1662 2097; x_wconf 89' lang='lat' dir='ltr'><strong>suis</strong></span> <span class='ocrx_word' id='word_1_268' title='bbox 1688 2050 1872 2098; x_wconf 88' lang='lat' dir='ltr'><strong>viribus</strong></span> <span class='ocrx_word' id='word_1_269' title='bbox 1897 2049 2078 2099; x_wconf 88' lang='lat' dir='ltr'><strong>lumine</strong></span> <span class='ocrx_word' id='word_1_270' title='bbox 2102 2064 2190 2113; x_wconf 91' lang='lat' dir='ltr'><strong>pro</strong></span> <span class='ocrx_word' id='word_1_271' title='bbox 2217 2051 2390 2126; x_wconf 87' lang='lat' dir='ltr'><strong>regula</strong></span> 
     </span>
     <span class='ocr_line' id='line_1_30' title="bbox 129 2121 2435 2190; baseline 0 -17"><span class='ocrx_word' id='word_1_272' title='bbox 129 2121 243 2190; x_wconf 89' lang='lat' dir='ltr'><strong>uti),</strong></span> <span class='ocrx_word' id='word_1_273' title='bbox 291 2126 478 2185; x_wconf 89' lang='lat' dir='ltr'><strong>omnia,</strong></span> <span class='ocrx_word' id='word_1_274' title='bbox 533 2139 659 2187; x_wconf 89' lang='lat' dir='ltr'><strong>quae</strong></span> <span class='ocrx_word' id='word_1_275' title='bbox 706 2129 912 2188; x_wconf 87' lang='lat' dir='ltr'><strong>possunt</strong></span> <span class='ocrx_word' id='word_1_276' title='bbox 956 2122 1111 2172; x_wconf 87' lang='lat' dir='ltr'><strong>videri</strong></span> <span class='ocrx_word' id='word_1_277' title='bbox 1148 2122 1500 2182; x_wconf 86' lang='lat' dir='ltr'><strong>astronomica,</strong></span> <span class='ocrx_word' id='word_1_278' title='bbox 1552 2136 1611 2170; x_wconf 92' lang='lat' dir='ltr'><strong>ex</strong></span> <span class='ocrx_word' id='word_1_279' title='bbox 1650 2122 1958 2172; x_wconf 87' lang='lat' dir='ltr'><strong>antecedenti</strong></span> <span class='ocrx_word' id='word_1_280' title='bbox 1986 2123 2163 2187; x_wconf 87' lang='lat' dir='ltr'><strong>prima</strong></span> <span class='ocrx_word' id='word_1_281' title='bbox 2199 2138 2388 2187; x_wconf 86' lang='lat' dir='ltr'><strong>aequa·</strong></span> <span class='ocrx_word' id='word_1_282' title='bbox 2431 2155 2435 2159; x_wconf 94' lang='lat'>-</span> 
     </span>
     <span class='ocr_line' id='line_1_31' title="bbox 131 2195 2433 2261; baseline 0.001 -17"><span class='ocrx_word' id='word_1_283' title='bbox 131 2197 267 2246; x_wconf 87' lang='lat' dir='ltr'><strong>litate</strong></span> <span class='ocrx_word' id='word_1_284' title='bbox 306 2211 464 2260; x_wconf 90' lang='lat' dir='ltr'><strong>exque</strong></span> <span class='ocrx_word' id='word_1_285' title='bbox 499 2199 771 2247; x_wconf 85' lang='lat' dir='ltr'><strong>rationibus</strong></span> <span class='ocrx_word' id='word_1_286' title='bbox 808 2196 1177 2246; x_wconf 89' lang='lat' dir='ltr'><strong>illuminationis</strong></span> <span class='ocrx_word' id='word_1_287' title='bbox 1215 2200 1362 2243; x_wconf 91' lang='lat' dir='ltr'><strong>antea</strong></span> <span class='ocrx_word' id='word_1_288' title='bbox 1398 2197 1673 2258; x_wconf 88' lang='lat' dir='ltr'><strong>praesentia</strong></span> <span class='ocrx_word' id='word_1_289' title='bbox 1711 2195 1948 2257; x_wconf 88' lang='lat' dir='ltr'><strong>desumsi‚</strong></span> <span class='ocrx_word' id='word_1_290' title='bbox 1997 2196 2388 2261; x_wconf 88' lang='lat' dir='ltr'><strong>angulorumque</strong></span> <span class='ocrx_word' id='word_1_291' title='bbox 2430 2202 2433 2205; x_wconf 85' lang='lat'>&#39;</span> 
     </span>
     <span class='ocr_line' id='line_1_32' title="bbox 129 2232 2388 2330; baseline 0 -11"><span class='ocrx_word' id='word_1_292' title='bbox 129 2272 334 2320; x_wconf 87' lang='lat' dir='ltr'><strong>virtutes</strong></span> <span class='ocrx_word' id='word_1_293' title='bbox 373 2285 434 2320; x_wconf 91' lang='lat' dir='ltr'><strong>ex</strong></span> <span class='ocrx_word' id='word_1_294' title='bbox 468 2271 737 2320; x_wconf 87' lang='lat' dir='ltr'><strong>rationibus</strong></span> <span class='ocrx_word' id='word_1_295' title='bbox 775 2270 944 2320; x_wconf 90' lang='lat' dir='ltr'><strong>Lunae</strong></span> <span class='ocrx_word' id='word_1_296' title='bbox 983 2269 1274 2328; x_wconf 88' lang='lat' dir='ltr'><strong>examinavi,</strong></span> <span class='ocrx_word' id='word_1_297' title='bbox 1315 2268 1493 2330; x_wconf 87' lang='lat' dir='ltr'><strong>quibus</strong></span> <span class='ocrx_word' id='word_1_298' title='bbox 1515 2267 1758 2317; x_wconf 83' lang='lat' dir='ltr'><strong>calculum</strong></span> <span class='ocrx_word' id='word_1_299' title='bbox 1794 2232 2074 2323; x_wconf 61' lang='lat' dir='ltr'><strong>mode&#39;ratus</strong></span> <span class='ocrx_word' id='word_1_300' title='bbox 2101 2284 2222 2319; x_wconf 89' lang='lat' dir='ltr'><strong>sum.</strong></span> <span class='ocrx_word' id='word_1_301' title='bbox 2281 2271 2388 2319; x_wconf 90' lang='lat' dir='ltr'><strong>Etsi</strong></span> 
     </span>
     <span class='ocr_line' id='line_1_33' title="bbox 128 2341 2389 2407; baseline 0.001 -17"><span class='ocrx_word' id='word_1_302' title='bbox 128 2357 306 2407; x_wconf 89' lang='lat' dir='ltr'><strong>negare</strong></span> <span class='ocrx_word' id='word_1_303' title='bbox 354 2357 451 2393; x_wconf 90' lang='lat' dir='ltr'><strong>non</strong></span> <span class='ocrx_word' id='word_1_304' title='bbox 504 2343 681 2407; x_wconf 88' lang='lat' dir='ltr'><strong>debe0,</strong></span> <span class='ocrx_word' id='word_1_305' title='bbox 730 2346 781 2394; x_wconf 89' lang='lat' dir='ltr'><strong>vi</strong></span> <span class='ocrx_word' id='word_1_306' title='bbox 822 2343 1286 2394; x_wconf 87' lang='lat' dir='ltr'><strong>demonstrationum</strong></span> <span class='ocrx_word' id='word_1_307' title='bbox 1334 2343 1736 2404; x_wconf 88' lang='lat' dir='ltr'><strong>geometricarum</strong></span> <span class='ocrx_word' id='word_1_308' title='bbox 1779 2341 1994 2392; x_wconf 86' lang='lat' dir='ltr'><strong>derivari</strong></span> <span class='ocrx_word' id='word_1_309' title='bbox 2047 2348 2094 2391; x_wconf 89' lang='lat' dir='ltr'><strong>et</strong></span> <span class='ocrx_word' id='word_1_310' title='bbox 2142 2343 2389 2392; x_wconf 88' lang='lat' dir='ltr'><strong>transferri</strong></span> 
     </span>
     <span class='ocr_line' id='line_1_34' title="bbox 130 2408 2385 2480; baseline -0.001 -14"><span class='ocrx_word' id='word_1_311' title='bbox 130 2421 419 2480; x_wconf 88' lang='lat' dir='ltr'><strong>apparatum</strong></span> <span class='ocrx_word' id='word_1_312' title='bbox 457 2417 634 2466; x_wconf 91' lang='lat' dir='ltr'><strong>calculi</strong></span> <span class='ocrx_word' id='word_1_313' title='bbox 662 2417 736 2467; x_wconf 65' lang='lat' dir='ltr'><strong>:ab</strong></span> <span class='ocrx_word' id='word_1_314' title='bbox 774 2408 967 2480; x_wconf 89' lang='lat' dir='ltr'><strong>angulis</strong></span> <span class='ocrx_word' id='word_1_315' title='bbox 1003 2414 1388 2475; x_wconf 78' lang='lat' dir='ltr'><strong>illuminatoriiS,</strong></span> <span class='ocrx_word' id='word_1_316' title='bbox 1438 2419 1492 2462; x_wconf 92' lang='lat' dir='ltr'><strong>ut</strong></span> <span class='ocrx_word' id='word_1_317' title='bbox 1529 2429 1560 2463; x_wconf 89' lang='lat' dir='ltr'><strong>a</strong></span> <span class='ocrx_word' id='word_1_318' title='bbox 1596 2430 1647 2464; x_wconf 91' lang='lat' dir='ltr'><strong>re</strong></span> <span class='ocrx_word' id='word_1_319' title='bbox 1684 2415 1845 2464; x_wconf 90' lang='lat' dir='ltr'><strong>minus</strong></span> <span class='ocrx_word' id='word_1_320' title='bbox 1886 2421 2145 2480; x_wconf 83' lang='lat' dir='ltr'><strong>consueta,</strong></span> <span class='ocrx_word' id='word_1_321' title='bbox 2187 2415 2250 2466; x_wconf 89' lang='lat' dir='ltr'><strong>ad</strong></span> <span class='ocrx_word' id='word_1_322' title='bbox 2290 2418 2385 2466; x_wconf 90' lang='lat' dir='ltr'><strong>cir-</strong></span> 
     </span>
     <span class='ocr_line' id='line_1_35' title="bbox 135 2451 2386 2556; baseline 0 -17"><span class='ocrx_word' id='word_1_323' title='bbox 135 2490 336 2550; x_wconf 88' lang='lat' dir='ltr'><strong>cellum,</strong></span> <span class='ocrx_word' id='word_1_324' title='bbox 389 2504 535 2553; x_wconf 90' lang='lat' dir='ltr'><strong>quem</strong></span> <span class='ocrx_word' id='word_1_325' title='bbox 584 2496 800 2540; x_wconf 86' lang='lat' dir='ltr'><strong>centrum</strong></span> <span class='ocrx_word' id='word_1_326' title='bbox 849 2489 1104 2539; x_wconf 87' lang='lat' dir='ltr'><strong>eccentrici</strong></span> <span class='ocrx_word' id='word_1_327' title='bbox 1139 2487 1311 2536; x_wconf 91' lang='lat' dir='ltr'><strong>Lunae</strong></span> <span class='ocrx_word' id='word_1_328' title='bbox 1356 2488 1517 2549; x_wconf 85' lang='lat' dir='ltr'><strong>spatio</strong></span> <span class='ocrx_word' id='word_1_329' title='bbox 1558 2483 1664 2556; x_wconf 69' lang='lat' dir='ltr'><strong>8¹s2</strong></span> <span class='ocrx_word' id='word_1_330' title='bbox 1702 2495 1941 2538; x_wconf 88' lang='lat' dir='ltr'><strong>annorum</strong></span> <span class='ocrx_word' id='word_1_331' title='bbox 1986 2451 2220 2539; x_wconf 86' lang='lat' dir='ltr'><strong>describit</strong></span> <span class='ocrx_word' id='word_1_332' title='bbox 2259 2491 2386 2539; x_wconf 89' lang='lat' dir='ltr'><strong>circa</strong></span> 
     </span>
     <span class='ocr_line' id='line_1_36' title="bbox 133 2559 2383 2626; baseline 0 -15"><span class='ocrx_word' id='word_1_333' title='bbox 133 2562 356 2623; x_wconf 88' lang='lat' dir='ltr'><strong>Terram,</strong></span> <span class='ocrx_word' id='word_1_334' title='bbox 406 2564 632 2626; x_wconf 88' lang='lat' dir='ltr'><strong>quamvis</strong></span> <span class='ocrx_word' id='word_1_335' title='bbox 671 2577 822 2613; x_wconf 89' lang='lat' dir='ltr'><strong>causa</strong></span> <span class='ocrx_word' id='word_1_336' title='bbox 858 2564 926 2611; x_wconf 89' lang='lat' dir='ltr'><strong>rei</strong></span> <span class='ocrx_word' id='word_1_337' title='bbox 964 2575 1060 2610; x_wconf 90' lang='lat' dir='ltr'><strong>non</strong></span> <span class='ocrx_word' id='word_1_338' title='bbox 1110 2561 1160 2608; x_wconf 92' lang='lat' dir='ltr'><strong>in</strong></span> <span class='ocrx_word' id='word_1_339' title='bbox 1199 2560 1292 2609; x_wconf 89' lang='lat' dir='ltr'><strong>hoc</strong></span> <span class='ocrx_word' id='word_1_340' title='bbox 1330 2559 1531 2619; x_wconf 89' lang='lat' dir='ltr'><strong>circulo,</strong></span> <span class='ocrx_word' id='word_1_341' title='bbox 1583 2567 1635 2608; x_wconf 92' lang='lat' dir='ltr'><strong>ut</strong></span> <span class='ocrx_word' id='word_1_342' title='bbox 1673 2561 1879 2610; x_wconf 89' lang='lat' dir='ltr'><strong>circulus</strong></span> <span class='ocrx_word' id='word_1_343' title='bbox 1919 2568 2019 2622; x_wconf 91' lang='lat' dir='ltr'><strong>est,</strong></span> <span class='ocrx_word' id='word_1_344' title='bbox 2073 2561 2158 2611; x_wconf 90' lang='lat' dir='ltr'><strong>sed</strong></span> <span class='ocrx_word' id='word_1_345' title='bbox 2198 2564 2248 2609; x_wconf 92' lang='lat' dir='ltr'><strong>in</strong></span> <span class='ocrx_word' id='word_1_346' title='bbox 2286 2562 2383 2611; x_wconf 93' lang='lat' dir='ltr'><strong>illis</strong></span> 
     </span>
     <span class='ocr_line' id='line_1_37' title="bbox 128 2632 2385 2700; baseline 0 -17"><span class='ocrx_word' id='word_1_347' title='bbox 128 2636 320 2699; x_wconf 87' lang='lat' dir='ltr'><strong>angulis</strong></span> <span class='ocrx_word' id='word_1_348' title='bbox 357 2635 717 2685; x_wconf 88' lang='lat' dir='ltr'><strong>illuminatoriis</strong></span> <span class='ocrx_word' id='word_1_349' title='bbox 754 2638 955 2700; x_wconf 82' lang='lat' dir='ltr'><strong>proprie</strong></span> <span class='ocrx_word' id='word_1_350' title='bbox 986 2632 1223 2695; x_wconf 83' lang='lat' dir='ltr'><strong>resideat3</strong></span> <span class='ocrx_word' id='word_1_351' title='bbox 1265 2647 1362 2695; x_wconf 91' lang='lat' dir='ltr'><strong>qua</strong></span> <span class='ocrx_word' id='word_1_352' title='bbox 1399 2634 1586 2682; x_wconf 87' lang='lat' dir='ltr'><strong>ratione</strong></span> <span class='ocrx_word' id='word_1_353' title='bbox 1624 2636 1917 2682; x_wconf 85' lang='lat' dir='ltr'><strong>succurritur</strong></span> <span class='ocrx_word' id='word_1_354' title='bbox 1955 2636 2119 2697; x_wconf 88' lang='lat' dir='ltr'><strong>captui</strong></span> <span class='ocrx_word' id='word_1_355' title='bbox 2157 2640 2385 2684; x_wconf 90' lang='lat' dir='ltr'><strong>astrono-</strong></span> 
     </span>
     <span class='ocr_line' id='line_1_38' title="bbox 127 2706 2381 2772; baseline 0.001 -16"><span class='ocrx_word' id='word_1_356' title='bbox 127 2723 328 2770; x_wconf 89' lang='lat' dir='ltr'><strong>morum,</strong></span> <span class='ocrx_word' id='word_1_357' title='bbox 369 2711 454 2772; x_wconf 90' lang='lat' dir='ltr'><strong>qui</strong></span> <span class='ocrx_word' id='word_1_358' title='bbox 492 2709 684 2758; x_wconf 85' lang='lat' dir='ltr'><strong>circulis</strong></span> <span class='ocrx_word' id='word_1_359' title='bbox 723 2710 904 2758; x_wconf 89' lang='lat' dir='ltr'><strong>assueti</strong></span> <span class='ocrx_word' id='word_1_360' title='bbox 942 2712 1069 2756; x_wconf 88' lang='lat' dir='ltr'><strong>sunt.</strong></span> <span class='ocrx_word' id='word_1_361' title='bbox 1145 2706 1207 2754; x_wconf 90' lang='lat' dir='ltr'><strong>Et</strong></span> <span class='ocrx_word' id='word_1_362' title='bbox 1245 2712 1404 2755; x_wconf 88' lang='lat' dir='ltr'><strong>tamen</strong></span> <span class='ocrx_word' id='word_1_363' title='bbox 1444 2708 1591 2754; x_wconf 89' lang='lat' dir='ltr'><strong>etiam</strong></span> <span class='ocrx_word' id='word_1_364' title='bbox 1628 2707 1706 2756; x_wconf 88' lang='lat' dir='ltr'><strong>hie</strong></span> <span class='ocrx_word' id='word_1_365' title='bbox 1746 2706 1966 2756; x_wconf 89' lang='lat' dir='ltr'><strong>circellus</strong></span> <span class='ocrx_word' id='word_1_366' title='bbox 2004 2712 2150 2757; x_wconf 90' lang='lat' dir='ltr'><strong>antea</strong></span> <span class='ocrx_word' id='word_1_367' title='bbox 2186 2713 2381 2771; x_wconf 86' lang='lat' dir='ltr'><strong>praesto</strong></span> 
     </span>
    </p>
   </div>
   <div class='ocr_carea' id='block_1_6' title="bbox 128 2778 2383 3203">
    <p class='ocr_par' dir='ltr' id='par_1_7' title="bbox 128 2778 1270 2849">
     <span class='ocr_line' id='line_1_39' title="bbox 128 2778 1270 2849; baseline -0.004 -18"><span class='ocrx_word' id='word_1_368' title='bbox 128 2786 202 2831; x_wconf 87' lang='lat' dir='ltr'><strong>est</strong></span> <span class='ocrx_word' id='word_1_369' title='bbox 238 2780 313 2849; x_wconf 90' lang='lat' dir='ltr'><strong>(ut</strong></span> <span class='ocrx_word' id='word_1_370' title='bbox 347 2782 486 2830; x_wconf 89' lang='lat' dir='ltr'><strong>initio</strong></span> <span class='ocrx_word' id='word_1_371' title='bbox 526 2778 753 2847; x_wconf 89' lang='lat' dir='ltr'><strong>dictum),</strong></span> <span class='ocrx_word' id='word_1_372' title='bbox 793 2780 914 2829; x_wconf 88' lang='lat' dir='ltr'><strong>nihil</strong></span> <span class='ocrx_word' id='word_1_373' title='bbox 950 2781 1092 2829; x_wconf 88' lang='lat' dir='ltr'><strong>novi</strong></span> <span class='ocrx_word' id='word_1_374' title='bbox 1105 2780 1270 2828; x_wconf 89' lang='lat' dir='ltr'><strong>oritur.</strong></span> 
     </span>
    </p>

    <p class='ocr_par' dir='ltr' id='par_1_8' title="bbox 130 2845 2383 3198">
     <span class='ocr_line' id='line_1_40' title="bbox 275 2845 2382 2906; baseline 0 -14"><span class='ocrx_word' id='word_1_375' title='bbox 275 2853 419 2904; x_wconf 86' lang='lat' dir='ltr'><strong>Capite</strong></span> <span class='ocrx_word' id='word_1_376' title='bbox 440 2853 600 2896; x_wconf 89' lang='lat' dir='ltr'>XXIII.</span> <span class='ocrx_word' id='word_1_377' title='bbox 632 2866 774 2906; x_wconf 80' lang='lat' dir='ltr'><strong>praec.</strong></span> <span class='ocrx_word' id='word_1_378' title='bbox 805 2855 905 2896; x_wconf 87' lang='grc'><strong>100</strong></span> <span class='ocrx_word' id='word_1_379' title='bbox 935 2857 976 2892; x_wconf 89' lang='lat' dir='ltr'><strong>et</strong></span> <span class='ocrx_word' id='word_1_380' title='bbox 1008 2854 1102 2894; x_wconf 89' lang='lat'>101.</span> <span class='ocrx_word' id='word_1_381' title='bbox 1137 2849 1324 2902; x_wconf 90' lang='lat' dir='ltr'><strong>exemplo</strong></span> <span class='ocrx_word' id='word_1_382' title='bbox 1355 2849 1534 2901; x_wconf 86' lang='lat' dir='ltr'><strong>longiori</strong></span> <span class='ocrx_word' id='word_1_383' title='bbox 1566 2851 1734 2891; x_wconf 86' lang='lat' dir='ltr'><strong>docetur</strong></span> <span class='ocrx_word' id='word_1_384' title='bbox 1765 2851 1869 2891; x_wconf 85' lang='lat' dir='ltr'><strong>ratio</strong></span> <span class='ocrx_word' id='word_1_385' title='bbox 1897 2845 2090 2902; x_wconf 77' lang='lat' dir='ltr'><strong>expedita</strong></span> <span class='ocrx_word' id='word_1_386' title='bbox 2112 2853 2382 2904; x_wconf 84' lang='lat' dir='ltr'><strong>computandi</strong></span> 
     </span>
     <span class='ocr_line' id='line_1_41' title="bbox 132 2909 2380 2966; baseline 0 -16"><span class='ocrx_word' id='word_1_387' title='bbox 132 2913 226 2952; x_wconf 87' lang='lat' dir='ltr'><strong>loca</strong></span> <span class='ocrx_word' id='word_1_388' title='bbox 256 2923 351 2951; x_wconf 80' lang='lat' dir='ltr'><strong>vera</strong></span> <span class='ocrx_word' id='word_1_389' title='bbox 378 2911 656 2966; x_wconf 83' lang='lat' dir='ltr'><strong>planetarum,</strong></span> <span class='ocrx_word' id='word_1_390' title='bbox 691 2916 731 2952; x_wconf 85' lang='lat' dir='ltr'><strong>et</strong></span> <span class='ocrx_word' id='word_1_391' title='bbox 762 2924 854 2964; x_wconf 86' lang='lat' dir='ltr'><strong>cap</strong></span> <span class='ocrx_word' id='word_1_392' title='bbox 883 2910 1046 2952; x_wconf 83' lang='lat' dir='ltr'><strong>XX1V</strong></span> <span class='ocrx_word' id='word_1_393' title='bbox 1076 2921 1214 2961; x_wconf 87' lang='lat' dir='ltr'><strong>praec.</strong></span> <span class='ocrx_word' id='word_1_394' title='bbox 1249 2911 1356 2951; x_wconf 83' lang='lat'>102:</span> <span class='ocrx_word' id='word_1_395' title='bbox 1399 2910 1670 2949; x_wconf 87' lang='lat' dir='ltr'><strong>habitudines</strong></span> <span class='ocrx_word' id='word_1_396' title='bbox 1701 2911 1942 2949; x_wconf 86' lang='lat' dir='ltr'><strong>inferiorum</strong></span> <span class='ocrx_word' id='word_1_397' title='bbox 1974 2910 2026 2949; x_wconf 87' lang='lat' dir='ltr'><strong>ad</strong></span> <span class='ocrx_word' id='word_1_398' title='bbox 2057 2909 2196 2951; x_wconf 89' lang='lat' dir='ltr'><strong>Solem</strong></span> <span class='ocrx_word' id='word_1_399' title='bbox 2229 2910 2380 2951; x_wconf 87' lang='lat' dir='ltr'><strong>distin-</strong></span> 
     </span>
     <span class='ocr_line' id='line_1_42' title="bbox 130 2967 2379 3023; baseline 0 -14"><span class='ocrx_word' id='word_1_400' title='bbox 130 2982 273 3021; x_wconf 85' lang='lat' dir='ltr'><strong>guere,</strong></span> <span class='ocrx_word' id='word_1_401' title='bbox 319 2980 458 3020; x_wconf 81' lang='lat' dir='ltr'><strong>praec.</strong></span> <span class='ocrx_word' id='word_1_402' title='bbox 494 2971 594 3011; x_wconf 85' lang='lat'><strong>103.</strong></span> <span class='ocrx_word' id='word_1_403' title='bbox 631 2973 941 3022; x_wconf 86' lang='lat' dir='ltr'><strong>proportionem</strong></span> <span class='ocrx_word' id='word_1_404' title='bbox 986 2970 1185 3018; x_wconf 80' lang='lat' dir='ltr'><strong>indagare</strong></span> <span class='ocrx_word' id='word_1_405' title='bbox 1226 2981 1394 3007; x_wconf 82' lang='lat' dir='ltr'><strong>arcuum</strong></span> <span class='ocrx_word' id='word_1_406' title='bbox 1436 2969 1676 3007; x_wconf 73' lang='lat' dir='ltr'><strong>diurnorum</strong></span> <span class='ocrx_word' id='word_1_407' title='bbox 1721 2970 1897 3008; x_wconf 82' lang='lat' dir='ltr'><strong>eecentri</strong></span> <span class='ocrx_word' id='word_1_408' title='bbox 1928 2967 1985 3023; x_wconf 74' lang='grc' dir='ltr'>Θ</span> <span class='ocrx_word' id='word_1_409' title='bbox 2027 2972 2066 3008; x_wconf 90' lang='lat' dir='ltr'><strong>et</strong></span> <span class='ocrx_word' id='word_1_410' title='bbox 2102 2970 2379 3020; x_wconf 87' lang='lat' dir='ltr'><strong>planetarum.</strong></span> 
     </span>
     <span class='ocr_line' id='line_1_43' title="bbox 131 3026 2383 3081; baseline 0 -13"><span class='ocrx_word' id='word_1_411' title='bbox 131 3030 354 3081; x_wconf 84' lang='lat' dir='ltr'><strong>Praecepta</strong></span> <span class='ocrx_word' id='word_1_412' title='bbox 396 3029 640 3071; x_wconf 86' lang='lat'>104—111.</span> <span class='ocrx_word' id='word_1_413' title='bbox 682 3030 777 3069; x_wconf 87' lang='lat' dir='ltr'><strong>vide</strong></span> <span class='ocrx_word' id='word_1_414' title='bbox 808 3040 936 3080; x_wconf 84' lang='lat' dir='ltr'><strong>supra</strong></span> <span class='ocrx_word' id='word_1_415' title='bbox 975 3029 1087 3068; x_wconf 76' lang='lat' dir='ltr'><strong>foliis</strong></span> <span class='ocrx_word' id='word_1_416' title='bbox 1119 3027 1223 3077; x_wconf 81' lang='lat'><strong>552,</strong></span> <span class='ocrx_word' id='word_1_417' title='bbox 1266 3028 1378 3080; x_wconf 82' lang='lat'><strong>561,</strong></span> <span class='ocrx_word' id='word_1_418' title='bbox 1423 3028 1507 3068; x_wconf 80' lang='lat'><strong>574</strong></span> <span class='ocrx_word' id='word_1_419' title='bbox 1549 3030 1588 3066; x_wconf 89' lang='lat' dir='ltr'><strong>et</strong></span> <span class='ocrx_word' id='word_1_420' title='bbox 1618 3039 1710 3079; x_wconf 86' lang='lat' dir='ltr'><strong>sqq.</strong></span> <span class='ocrx_word' id='word_1_421' title='bbox 1773 3026 2059 3078; x_wconf 85' lang='lat' dir='ltr'><strong>Manuscripta</strong></span> <span class='ocrx_word' id='word_1_422' title='bbox 2087 3028 2383 3081; x_wconf 72' lang='lat' dir='ltr'><strong>Pulkpviensia</strong></span> 
     </span>
     <span class='ocr_line' id='line_1_44' title="bbox 134 3085 2380 3140; baseline 0 -13"><span class='ocrx_word' id='word_1_423' title='bbox 134 3089 346 3139; x_wconf 83' lang='lat' dir='ltr'><strong>praecepti</strong></span> <span class='ocrx_word' id='word_1_424' title='bbox 381 3089 487 3140; x_wconf 84' lang='lat'><strong>104,</strong></span> <span class='ocrx_word' id='word_1_425' title='bbox 520 3087 635 3140; x_wconf 86' lang='lat' dir='ltr'><strong>quod</strong></span> <span class='ocrx_word' id='word_1_426' title='bbox 674 3089 747 3127; x_wconf 79' lang='lat' dir='ltr'><strong>fol.</strong></span> <span class='ocrx_word' id='word_1_427' title='bbox 782 3089 867 3129; x_wconf 81' lang='lat'><strong>574</strong></span> <span class='ocrx_word' id='word_1_428' title='bbox 897 3087 1208 3139; x_wconf 86' lang='lat' dir='ltr'><strong>praemisimus,</strong></span> <span class='ocrx_word' id='word_1_429' title='bbox 1249 3090 1407 3136; x_wconf 87' lang='lat' dir='ltr'><strong>partem</strong></span> <span class='ocrx_word' id='word_1_430' title='bbox 1439 3087 1618 3136; x_wconf 85' lang='lat' dir='ltr'><strong>priorem</strong></span> <span class='ocrx_word' id='word_1_431' title='bbox 1650 3085 1823 3125; x_wconf 85' lang='lat' dir='ltr'><strong>eandem</strong></span> <span class='ocrx_word' id='word_1_432' title='bbox 1856 3086 2074 3136; x_wconf 84' lang='lat' dir='ltr'><strong>exhibent,</strong></span> <span class='ocrx_word' id='word_1_433' title='bbox 2120 3098 2244 3138; x_wconf 84' lang='lat' dir='ltr'><strong>quam</strong></span> <span class='ocrx_word' id='word_1_434' title='bbox 2276 3086 2380 3130; x_wconf 85' lang='lat' dir='ltr'><strong>Tab.</strong></span> 
     </span>
     <span class='ocr_line' id='line_1_45' title="bbox 132 3140 2382 3203; baseline 0.001 -18"><span class='ocrx_word' id='word_1_435' title='bbox 132 3145 239 3189; x_wconf 86' lang='lat' dir='ltr'><strong>Rud.</strong></span> <span class='ocrx_word' id='word_1_436' title='bbox 280 3146 393 3197; x_wconf 86' lang='lat' dir='ltr'><strong>typis</strong></span> <span class='ocrx_word' id='word_1_437' title='bbox 423 3158 614 3188; x_wconf 79' lang='lat' dir='ltr'><strong>excusae.</strong></span> <span class='ocrx_word' id='word_1_438' title='bbox 671 3146 770 3185; x_wconf 81' lang='lat' dir='ltr'><strong>Pars</strong></span> <span class='ocrx_word' id='word_1_439' title='bbox 808 3157 907 3187; x_wconf 78' lang='lat' dir='ltr'><strong>vero</strong></span> <span class='ocrx_word' id='word_1_440' title='bbox 950 3146 1154 3203; x_wconf 78' lang='lat' dir='ltr'><strong>posterior</strong></span> <span class='ocrx_word' id='word_1_441' title='bbox 1195 3144 1292 3184; x_wconf 86' lang='lat' dir='ltr'><strong>inde</strong></span> <span class='ocrx_word' id='word_1_442' title='bbox 1330 3157 1354 3182; x_wconf 83' lang='lat' dir='ltr'><strong>a</strong></span> <span class='ocrx_word' id='word_1_443' title='bbox 1384 3146 1538 3183; x_wconf 87' lang='lat' dir='ltr'><strong>verbis:</strong></span> <span class='ocrx_word' id='word_1_444' title='bbox 1585 3140 1852 3185; x_wconf 84' lang='lat' dir='ltr'><strong>formabitur</strong></span> <span class='ocrx_word' id='word_1_445' title='bbox 1889 3141 2026 3196; x_wconf 88' lang='lat' dir='ltr'><strong>igitur</strong></span> <span class='ocrx_word' id='word_1_446' title='bbox 2066 3141 2194 3187; x_wconf 85' lang='lat' dir='ltr'><strong>nobis</strong></span> <span class='ocrx_word' id='word_1_447' title='bbox 2235 3141 2382 3198; x_wconf 83' lang='lat' dir='ltr'><strong>figura</strong></span> 
     </span>
    </p>
   </div>
   <div class='ocr_carea' id='block_1_7' title="bbox 133 3196 2381 3862">
    <p class='ocr_par' dir='ltr' id='par_1_9' title="bbox 133 3196 2381 3726">
     <span class='ocr_line' id='line_1_46' title="bbox 142 3196 2381 3267; baseline 0 -13"><span class='ocrx_word' id='word_1_448' title='bbox 142 3223 242 3267; x_wconf 85' lang='lat' dir='ltr'><strong>cap.</strong></span> <span class='ocrx_word' id='word_1_449' title='bbox 262 3214 336 3265; x_wconf 88' lang='lat' dir='ltr'><strong>XI,</strong></span> <span class='ocrx_word' id='word_1_450' title='bbox 368 3214 410 3251; x_wconf 91' lang='lat' dir='ltr'><strong>in</strong></span> <span class='ocrx_word' id='word_1_451' title='bbox 435 3217 576 3253; x_wconf 79' lang='lat' dir='ltr'><strong>mscto.</strong></span> <span class='ocrx_word' id='word_1_452' title='bbox 603 3213 701 3251; x_wconf 81' lang='lat' dir='ltr'><strong>talis</strong></span> <span class='ocrx_word' id='word_1_453' title='bbox 722 3216 802 3251; x_wconf 86' lang='lat' dir='ltr'><strong>est:</strong></span> <span class='ocrx_word' id='word_1_454' title='bbox 831 3196 1097 3253; x_wconf 86' lang='lat' dir='ltr'><strong>formabitur</strong></span> <span class='ocrx_word' id='word_1_455' title='bbox 1120 3205 1264 3262; x_wconf 87' lang='lat' dir='ltr'><strong>figura</strong></span> <span class='ocrx_word' id='word_1_456' title='bbox 1286 3206 1447 3262; x_wconf 85' lang='lat' dir='ltr'><strong>capitis</strong></span> <span class='ocrx_word' id='word_1_457' title='bbox 1470 3210 1551 3262; x_wconf 90' lang='lat' dir='ltr'><strong>XI,</strong></span> <span class='ocrx_word' id='word_1_458' title='bbox 1584 3206 1629 3249; x_wconf 92' lang='lat' dir='ltr'><strong>in</strong></span> <span class='ocrx_word' id='word_1_459' title='bbox 1651 3218 1739 3261; x_wconf 89' lang='lat' dir='ltr'><strong>qua</strong></span> <span class='ocrx_word' id='word_1_460' title='bbox 1762 3218 1817 3250; x_wconf 88' lang='lat' dir='ltr'><strong>ex</strong></span> <span class='ocrx_word' id='word_1_461' title='bbox 1838 3219 1927 3250; x_wconf 91' lang='lat' dir='ltr'><strong>uno</strong></span> <span class='ocrx_word' id='word_1_462' title='bbox 1950 3212 2120 3262; x_wconf 89' lang='lat' dir='ltr'><strong>puncto</strong></span> <span class='ocrx_word' id='word_1_463' title='bbox 2149 3207 2196 3252; x_wconf 91' lang='lat' dir='ltr'><strong>in</strong></span> <span class='ocrx_word' id='word_1_464' title='bbox 2216 3207 2381 3255; x_wconf 85' lang='lat' dir='ltr'><strong>lineam</strong></span> 
     </span>
     <span class='ocr_line' id='line_1_47' title="bbox 137 3270 2381 3331; baseline -0 -11"><span class='ocrx_word' id='word_1_465' title='bbox 137 3275 390 3331; x_wconf 85' lang='lat' dir='ltr'><strong>subjectam</strong></span> <span class='ocrx_word' id='word_1_466' title='bbox 420 3275 719 3319; x_wconf 85' lang='lat' dir='ltr'><strong>terminantur</strong></span> <span class='ocrx_word' id='word_1_467' title='bbox 748 3273 896 3318; x_wconf 90' lang='lat' dir='ltr'><strong>lineae</strong></span> <span class='ocrx_word' id='word_1_468' title='bbox 926 3278 1158 3330; x_wconf 86' lang='lat' dir='ltr'><strong>quatuor.</strong></span> <span class='ocrx_word' id='word_1_469' title='bbox 1181 3271 1296 3316; x_wconf 88' lang='lat' dir='ltr'><strong>duae</strong></span> <span class='ocrx_word' id='word_1_470' title='bbox 1326 3270 1497 3327; x_wconf 85' lang='lat' dir='ltr'><strong>primae</strong></span> <span class='ocrx_word' id='word_1_471' title='bbox 1541 3276 1645 3316; x_wconf 88' lang='lat' dir='ltr'><strong>sunt</strong></span> <span class='ocrx_word' id='word_1_472' title='bbox 1675 3270 1893 3327; x_wconf 84' lang='lat' dir='ltr'><strong>analogae</strong></span> <span class='ocrx_word' id='word_1_473' title='bbox 1929 3271 2177 3318; x_wconf 87' lang='lat' dir='ltr'><strong>intervallis</strong></span> <span class='ocrx_word' id='word_1_474' title='bbox 2205 3286 2286 3319; x_wconf 89' lang='lat' dir='ltr'><strong>seu</strong></span> <span class='ocrx_word' id='word_1_475' title='bbox 2317 3274 2381 3319; x_wconf 88' lang='lat' dir='ltr'><strong>di-</strong></span> 
     </span>
     <span class='ocr_line' id='line_1_48' title="bbox 135 3336 2379 3399; baseline -0 -13"><span class='ocrx_word' id='word_1_476' title='bbox 135 3341 312 3386; x_wconf 86' lang='lat' dir='ltr'><strong>stantiis</strong></span> <span class='ocrx_word' id='word_1_477' title='bbox 343 3342 401 3399; x_wconf 76' lang='grc' dir='ltr'>Θ</span> <span class='ocrx_word' id='word_1_478' title='bbox 431 3355 459 3385; x_wconf 85' lang='lat' dir='ltr'><strong>a</strong></span> <span class='ocrx_word' id='word_1_479' title='bbox 489 3341 677 3398; x_wconf 89' lang='lat' dir='ltr'><strong>planeta.</strong></span> <span class='ocrx_word' id='word_1_480' title='bbox 707 3344 753 3385; x_wconf 87' lang='lat' dir='ltr'><strong>et</strong></span> <span class='ocrx_word' id='word_1_481' title='bbox 783 3352 811 3384; x_wconf 91' lang='lat' dir='ltr'><strong>a</strong></span> <span class='ocrx_word' id='word_1_482' title='bbox 840 3339 999 3396; x_wconf 86' lang='lat' dir='ltr'><strong>Terra,</strong></span> <span class='ocrx_word' id='word_1_483' title='bbox 1034 3347 1224 3394; x_wconf 87' lang='lat' dir='ltr'><strong>quarum</strong></span> <span class='ocrx_word' id='word_1_484' title='bbox 1257 3337 1390 3381; x_wconf 86' lang='lat' dir='ltr'><strong>datur</strong></span> <span class='ocrx_word' id='word_1_485' title='bbox 1419 3336 1673 3393; x_wconf 89' lang='lat' dir='ltr'><strong>proportio,</strong></span> <span class='ocrx_word' id='word_1_486' title='bbox 1715 3349 1831 3392; x_wconf 89' lang='lat' dir='ltr'><strong>quae</strong></span> <span class='ocrx_word' id='word_1_487' title='bbox 1860 3336 1923 3382; x_wconf 89' lang='lat' dir='ltr'><strong>ibi</strong></span> <span class='ocrx_word' id='word_1_488' title='bbox 1955 3337 2119 3383; x_wconf 90' lang='lat' dir='ltr'><strong>dicitur</strong></span> <span class='ocrx_word' id='word_1_489' title='bbox 2146 3340 2379 3396; x_wconf 88' lang='lat' dir='ltr'><strong>proportio</strong></span> 
     </span>
     <span class='ocr_line' id='line_1_49' title="bbox 135 3400 2379 3465; baseline -0.001 -14"><span class='ocrx_word' id='word_1_490' title='bbox 135 3408 293 3465; x_wconf 86' lang='lat' dir='ltr'><strong>prima,</strong></span> <span class='ocrx_word' id='word_1_491' title='bbox 326 3407 557 3464; x_wconf 84' lang='lat' dir='ltr'><strong>quaeritur</strong></span> <span class='ocrx_word' id='word_1_492' title='bbox 586 3418 691 3450; x_wconf 87' lang='lat' dir='ltr'><strong>vero</strong></span> <span class='ocrx_word' id='word_1_493' title='bbox 723 3403 936 3460; x_wconf 85' lang='lat' dir='ltr'><strong>angulus,</strong></span> <span class='ocrx_word' id='word_1_494' title='bbox 981 3415 1115 3459; x_wconf 86' lang='lat' dir='ltr'><strong>quem</strong></span> <span class='ocrx_word' id='word_1_495' title='bbox 1146 3401 1251 3446; x_wconf 89' lang='lat' dir='ltr'><strong>illae</strong></span> <span class='ocrx_word' id='word_1_496' title='bbox 1283 3400 1496 3457; x_wconf 72' lang='lat' dir='ltr'><strong>formant,</strong></span> <span class='ocrx_word' id='word_1_497' title='bbox 1547 3401 1662 3445; x_wconf 86' lang='lat' dir='ltr'><strong>duae</strong></span> <span class='ocrx_word' id='word_1_498' title='bbox 1701 3414 1806 3446; x_wconf 89' lang='lat' dir='ltr'><strong>vero</strong></span> <span class='ocrx_word' id='word_1_499' title='bbox 1837 3403 2112 3459; x_wconf 81' lang='lat' dir='ltr'><strong>posteriores</strong></span> <span class='ocrx_word' id='word_1_500' title='bbox 2154 3409 2260 3449; x_wconf 90' lang='lat' dir='ltr'><strong>sunt</strong></span> <span class='ocrx_word' id='word_1_501' title='bbox 2289 3403 2379 3449; x_wconf 91' lang='lat' dir='ltr'><strong>duo</strong></span> 
     </span>
     <span class='ocr_line' id='line_1_50' title="bbox 134 3467 2378 3530; baseline -0.003 -11"><span class='ocrx_word' id='word_1_502' title='bbox 134 3487 266 3519; x_wconf 88' lang='lat' dir='ltr'><strong>arcus</strong></span> <span class='ocrx_word' id='word_1_503' title='bbox 298 3473 446 3519; x_wconf 89' lang='lat' dir='ltr'><strong>diurni</strong></span> <span class='ocrx_word' id='word_1_504' title='bbox 475 3472 688 3530; x_wconf 86' lang='lat' dir='ltr'><strong>planetae</strong></span> <span class='ocrx_word' id='word_1_505' title='bbox 720 3477 764 3514; x_wconf 85' lang='lat' dir='ltr'><strong>ct</strong></span> <span class='ocrx_word' id='word_1_506' title='bbox 797 3469 927 3525; x_wconf 87' lang='lat' dir='ltr'><strong>Solis,</strong></span> <span class='ocrx_word' id='word_1_507' title='bbox 961 3481 1153 3526; x_wconf 85' lang='lat' dir='ltr'><strong>quorum</strong></span> <span class='ocrx_word' id='word_1_508' title='bbox 1184 3468 1347 3512; x_wconf 85' lang='lat' dir='ltr'><strong>iterum</strong></span> <span class='ocrx_word' id='word_1_509' title='bbox 1377 3468 1611 3524; x_wconf 88' lang='lat' dir='ltr'><strong>proportio</strong></span> <span class='ocrx_word' id='word_1_510' title='bbox 1645 3467 1787 3525; x_wconf 88' lang='lat' dir='ltr'><strong>datur,</strong></span> <span class='ocrx_word' id='word_1_511' title='bbox 1822 3481 1936 3524; x_wconf 87' lang='lat' dir='ltr'><strong>quae</strong></span> <span class='ocrx_word' id='word_1_512' title='bbox 1958 3468 2018 3514; x_wconf 90' lang='lat' dir='ltr'><strong>ibi</strong></span> <span class='ocrx_word' id='word_1_513' title='bbox 2042 3469 2242 3515; x_wconf 87' lang='lat' dir='ltr'><strong>secunda</strong></span> <span class='ocrx_word' id='word_1_514' title='bbox 2272 3469 2378 3514; x_wconf 83' lang='lat' dir='ltr'><strong>dioi-</strong></span> 
     </span>
     <span class='ocr_line' id='line_1_51' title="bbox 134 3532 2379 3597; baseline -0.003 -13"><span class='ocrx_word' id='word_1_515' title='bbox 134 3546 230 3597; x_wconf 76' lang='lat' dir='ltr'><strong>tur3</strong></span> <span class='ocrx_word' id='word_1_516' title='bbox 263 3539 428 3585; x_wconf 87' lang='lat' dir='ltr'><strong>dantur</strong></span> <span class='ocrx_word' id='word_1_517' title='bbox 449 3547 494 3585; x_wconf 88' lang='lat' dir='ltr'><strong>et</strong></span> <span class='ocrx_word' id='word_1_518' title='bbox 515 3536 682 3595; x_wconf 83' lang='lat' dir='ltr'><strong>anguli,</strong></span> <span class='ocrx_word' id='word_1_519' title='bbox 717 3550 828 3592; x_wconf 85' lang='lat' dir='ltr'><strong>quos</strong></span> <span class='ocrx_word' id='word_1_520' title='bbox 860 3535 1055 3580; x_wconf 89' lang='lat' dir='ltr'><strong>formant</strong></span> <span class='ocrx_word' id='word_1_521' title='bbox 1076 3533 1219 3591; x_wconf 89' lang='lat' dir='ltr'><strong>prima</strong></span> <span class='ocrx_word' id='word_1_522' title='bbox 1242 3546 1342 3578; x_wconf 89' lang='lat' dir='ltr'><strong>cum</strong></span> <span class='ocrx_word' id='word_1_523' title='bbox 1362 3533 1497 3577; x_wconf 85' lang='lat' dir='ltr'><strong>tertia</strong></span> <span class='ocrx_word' id='word_1_524' title='bbox 1518 3532 1776 3589; x_wconf 61' lang='lat' dir='ltr'><strong>superior-m,</strong></span> <span class='ocrx_word' id='word_1_525' title='bbox 1811 3539 1855 3579; x_wconf 90' lang='lat' dir='ltr'><strong>et</strong></span> <span class='ocrx_word' id='word_1_526' title='bbox 1876 3534 2074 3580; x_wconf 87' lang='lat' dir='ltr'><strong>secunda</strong></span> <span class='ocrx_word' id='word_1_527' title='bbox 2095 3550 2196 3581; x_wconf 88' lang='lat' dir='ltr'><strong>cum</strong></span> <span class='ocrx_word' id='word_1_528' title='bbox 2218 3540 2379 3591; x_wconf 85' lang='lat' dir='ltr'><strong>quarta</strong></span> 
     </span>
     <span class='ocr_line' id='line_1_52' title="bbox 133 3598 2379 3662; baseline -0.001 -13"><span class='ocrx_word' id='word_1_529' title='bbox 133 3604 375 3662; x_wconf 79' lang='lat' dir='ltr'><strong>inferioriS,</strong></span> <span class='ocrx_word' id='word_1_530' title='bbox 407 3605 486 3661; x_wconf 90' lang='lat' dir='ltr'><strong>qui</strong></span> <span class='ocrx_word' id='word_1_531' title='bbox 513 3603 658 3660; x_wconf 88' lang='lat' dir='ltr'><strong>major</strong></span> <span class='ocrx_word' id='word_1_532' title='bbox 687 3609 811 3647; x_wconf 89' lang='lat' dir='ltr'><strong>recto</strong></span> <span class='ocrx_word' id='word_1_533' title='bbox 842 3600 1096 3659; x_wconf 85' lang='lat' dir='ltr'><strong>quantitate</strong></span> <span class='ocrx_word' id='word_1_534' title='bbox 1126 3611 1257 3645; x_wconf 85' lang='lat' dir='ltr'><strong>arcus</strong></span> <span class='ocrx_word' id='word_1_535' title='bbox 1288 3598 1546 3644; x_wconf 85' lang='lat' dir='ltr'><strong>semidiurni</strong></span> <span class='ocrx_word' id='word_1_536' title='bbox 1570 3599 1697 3656; x_wconf 79' lang='lat' dir='ltr'><strong>ejus,</strong></span> <span class='ocrx_word' id='word_1_537' title='bbox 1715 3600 1892 3657; x_wconf 86' lang='lat' dir='ltr'><strong>quierit</strong></span> <span class='ocrx_word' id='word_1_538' title='bbox 1921 3598 2013 3646; x_wconf 89' lang='lat' dir='ltr'><strong>illic</strong></span> <span class='ocrx_word' id='word_1_539' title='bbox 2035 3601 2215 3659; x_wconf 91' lang='lat' dir='ltr'><strong>quidem</strong></span> <span class='ocrx_word' id='word_1_540' title='bbox 2246 3614 2379 3659; x_wconf 89' lang='lat' dir='ltr'><strong>supe-</strong></span> 
     </span>
     <span class='ocr_line' id='line_1_53' title="bbox 134 3669 714 3726; baseline 0 -12"><span class='ocrx_word' id='word_1_541' title='bbox 134 3670 245 3726; x_wconf 86' lang='lat' dir='ltr'><strong>rior,</strong></span> <span class='ocrx_word' id='word_1_542' title='bbox 276 3669 350 3715; x_wconf 89' lang='lat' dir='ltr'><strong>hic</strong></span> <span class='ocrx_word' id='word_1_543' title='bbox 379 3683 485 3716; x_wconf 87' lang='lat' dir='ltr'><strong>vero</strong></span> <span class='ocrx_word' id='word_1_544' title='bbox 515 3669 714 3716; x_wconf 85' lang='lat' dir='ltr'><strong>inferior.</strong></span> 
     </span>
    </p>

    <p class='ocr_par' dir='ltr' id='par_1_10' title="bbox 133 3729 2376 3862">
     <span class='ocr_line' id='line_1_54' title="bbox 281 3729 2376 3791; baseline 0 -13"><span class='ocrx_word' id='word_1_545' title='bbox 281 3734 547 3780; x_wconf 84' lang='lat' dir='ltr'><strong>Constitutis</strong></span> <span class='ocrx_word' id='word_1_546' title='bbox 577 3735 712 3791; x_wconf 85' lang='lat' dir='ltr'><strong>igitur</strong></span> <span class='ocrx_word' id='word_1_547' title='bbox 743 3731 932 3789; x_wconf 85' lang='lat' dir='ltr'><strong>angulis,</strong></span> <span class='ocrx_word' id='word_1_548' title='bbox 967 3743 1080 3787; x_wconf 89' lang='lat' dir='ltr'><strong>quos</strong></span> <span class='ocrx_word' id='word_1_549' title='bbox 1110 3729 1282 3774; x_wconf 84' lang='lat' dir='ltr'><strong>faciunt</strong></span> <span class='ocrx_word' id='word_1_550' title='bbox 1312 3730 1334 3773; x_wconf 71' lang='lat'><em>4</em></span> <span class='ocrx_word' id='word_1_551' title='bbox 1370 3730 1483 3774; x_wconf 86' lang='lat' dir='ltr'><strong>istae</strong></span> <span class='ocrx_word' id='word_1_552' title='bbox 1515 3742 1615 3775; x_wconf 91' lang='lat' dir='ltr'><strong>cum</strong></span> <span class='ocrx_word' id='word_1_553' title='bbox 1643 3735 1769 3777; x_wconf 87' lang='lat' dir='ltr'><strong>recta</strong></span> <span class='ocrx_word' id='word_1_554' title='bbox 1798 3732 2015 3790; x_wconf 73' lang='lat' dir='ltr'><strong>subiecta,</strong></span> <span class='ocrx_word' id='word_1_555' title='bbox 2047 3733 2092 3777; x_wconf 92' lang='lat' dir='ltr'><strong>in</strong></span> <span class='ocrx_word' id='word_1_556' title='bbox 2123 3746 2257 3789; x_wconf 86' lang='lat' dir='ltr'><strong>quam</strong></span> <span class='ocrx_word' id='word_1_557' title='bbox 2287 3737 2376 3779; x_wconf 84' lang='lat' dir='ltr'><strong>ter-</strong></span> 
     </span>
     <span class='ocr_line' id='line_1_55' title="bbox 133 3797 2373 3862; baseline 0.003 -19"><span class='ocrx_word' id='word_1_558' title='bbox 133 3797 359 3846; x_wconf 88' lang='lat' dir='ltr'><strong>minantur</strong></span> <span class='ocrx_word' id='word_1_559' title='bbox 395 3799 580 3855; x_wconf 87' lang='lat' dir='ltr'><strong>(rectius</strong></span> <span class='ocrx_word' id='word_1_560' title='bbox 620 3814 721 3847; x_wconf 89' lang='lat' dir='ltr'><strong>cum</strong></span> <span class='ocrx_word' id='word_1_561' title='bbox 759 3799 878 3847; x_wconf 84' lang='lat' dir='ltr'><strong>linea</strong></span> <span class='ocrx_word' id='word_1_562' title='bbox 916 3798 1099 3847; x_wconf 86' lang='lat' dir='ltr'><strong>visionis</strong></span> <span class='ocrx_word' id='word_1_563' title='bbox 1136 3797 1362 3859; x_wconf 81' lang='lat' dir='ltr'><strong>planetae)</strong></span> <span class='ocrx_word' id='word_1_564' title='bbox 1404 3798 1650 3848; x_wconf 87' lang='lat' dir='ltr'><strong>secundum</strong></span> <span class='ocrx_word' id='word_1_565' title='bbox 1696 3808 1991 3862; x_wconf 84' lang='lat' dir='ltr'><strong>praeceptum</strong></span> <span class='ocrx_word' id='word_1_566' title='bbox 2036 3800 2144 3854; x_wconf 84' lang='lat' dir='ltr'><strong>dicti</strong></span> <span class='ocrx_word' id='word_1_567' title='bbox 2188 3802 2373 3856; x_wconf 81' lang='lat' dir='ltr'><strong>canonis</strong></span> 
     </span>
    </p>
   </div>
  </div>
 </body>
</html>
