<?xml version="1.0" encoding="UTF-8"?>
<!DOCTYPE html PUBLIC "-//W3C//DTD XHTML 1.0 Transitional//EN"
    "http://www.w3.org/TR/xhtml1/DTD/xhtml1-transitional.dtd">
<html xmlns="http://www.w3.org/1999/xhtml" xml:lang="en" lang="en">
 <head>
  <title>
</title>
<meta http-equiv="Content-Type" content="text/html;charset=utf-8" />
  <meta name='ocr-system' content='tesseract 3.04.00' />
  <meta name='ocr-capabilities' content='ocr_page ocr_carea ocr_par ocr_line ocrx_word'/>
</head>
<body>
  <div class='ocr_page' id='page_1' title='image "./operaomniaedidit06kepluoft_0074.png"; bbox 0 0 2560 4100; ppageno 0'>
   <div class='ocr_carea' id='block_1_1' title="bbox 200 135 1803 195">
    <p class='ocr_par' dir='ltr' id='par_1_1' title="bbox 200 135 1803 195">
     <span class='ocr_line' id='line_1_1' title="bbox 200 135 1803 195; baseline 0.001 -13"><span class='ocrx_word' id='word_1_1' title='bbox 200 142 268 192; x_wconf 82' lang='lat'><strong>60</strong></span> <span class='ocrx_word' id='word_1_2' title='bbox 834 136 1068 195; x_wconf 88' lang='lat' dir='ltr'><strong>Epistolae</strong></span> <span class='ocrx_word' id='word_1_3' title='bbox 1097 135 1284 195; x_wconf 88' lang='lat' dir='ltr'><strong>Kepleri</strong></span> <span class='ocrx_word' id='word_1_4' title='bbox 1312 135 1592 194; x_wconf 87' lang='lat' dir='ltr'><strong>aliorumque</strong></span> <span class='ocrx_word' id='word_1_5' title='bbox 1620 140 1803 183; x_wconf 85' lang='lat' dir='ltr'><strong>mutuae</strong></span> 
     </span>
    </p>
   </div>
   <div class='ocr_carea' id='block_1_2' title="bbox 192 284 2436 648">
    <p class='ocr_par' dir='ltr' id='par_1_2' title="bbox 192 284 2436 648">
     <span class='ocr_line' id='line_1_2' title="bbox 197 284 2435 348; baseline -0.002 -11"><span class='ocrx_word' id='word_1_6' title='bbox 197 293 297 338; x_wconf 90' lang='lat' dir='ltr'><strong>tem</strong></span> <span class='ocrx_word' id='word_1_7' title='bbox 335 287 527 337; x_wconf 82' lang='lat' dir='ltr'><strong>tertiam</strong></span> <span class='ocrx_word' id='word_1_8' title='bbox 567 284 788 336; x_wconf 73' lang='lat' dir='ltr'><strong>diametri</strong></span> <span class='ocrx_word' id='word_1_9' title='bbox 825 285 1016 348; x_wconf 89' lang='lat' dir='ltr'><strong>Lunae,</strong></span> <span class='ocrx_word' id='word_1_10' title='bbox 1057 291 1111 335; x_wconf 92' lang='lat' dir='ltr'><strong>ut</strong></span> <span class='ocrx_word' id='word_1_11' title='bbox 1146 284 1436 336; x_wconf 89' lang='lat' dir='ltr'><strong>fere-dictat</strong></span> <span class='ocrx_word' id='word_1_12' title='bbox 1471 286 1728 347; x_wconf 91' lang='lat' dir='ltr'><strong>memoria,</strong></span> <span class='ocrx_word' id='word_1_13' title='bbox 1780 285 1997 336; x_wconf 84' lang='lat' dir='ltr'><strong>defectus</strong></span> <span class='ocrx_word' id='word_1_14' title='bbox 2035 287 2125 336; x_wconf 89' lang='lat' dir='ltr'><strong>erit</strong></span> <span class='ocrx_word' id='word_1_15' title='bbox 2161 287 2304 335; x_wconf 87' lang='lat' dir='ltr'><strong>unius</strong></span> <span class='ocrx_word' id='word_1_16' title='bbox 2340 286 2435 334; x_wconf 90' lang='lat' dir='ltr'><strong>mi-</strong></span> 
     </span>
     <span class='ocr_line' id='line_1_3' title="bbox 197 357 2434 423; baseline -0 -15"><span class='ocrx_word' id='word_1_17' title='bbox 197 363 318 422; x_wconf 89' lang='lat' dir='ltr'><strong>nuti,</strong></span> <span class='ocrx_word' id='word_1_18' title='bbox 359 366 593 423; x_wconf 89' lang='lat' dir='ltr'><strong>quantum</strong></span> <span class='ocrx_word' id='word_1_19' title='bbox 632 358 716 407; x_wconf 90' lang='lat' dir='ltr'><strong>dat</strong></span> <span class='ocrx_word' id='word_1_20' title='bbox 751 374 889 409; x_wconf 91' lang='lat' dir='ltr'><strong>meus</strong></span> <span class='ocrx_word' id='word_1_21' title='bbox 928 359 1168 420; x_wconf 88' lang='lat' dir='ltr'><strong>calculus,</strong></span> <span class='ocrx_word' id='word_1_22' title='bbox 1216 361 1258 407; x_wconf 89' lang='lat' dir='ltr'><strong>si</strong></span> <span class='ocrx_word' id='word_1_23' title='bbox 1295 372 1504 421; x_wconf 83' lang='lat' dir='ltr'><strong>augeam</strong></span> <span class='ocrx_word' id='word_1_24' title='bbox 1542 357 1830 407; x_wconf 86' lang='lat' dir='ltr'><strong>diametrum</strong></span> <span class='ocrx_word' id='word_1_25' title='bbox 1870 358 2036 409; x_wconf 88' lang='lat' dir='ltr'><strong>Lunae</strong></span> <span class='ocrx_word' id='word_1_26' title='bbox 2086 373 2183 408; x_wconf 93' lang='lat' dir='ltr'><strong>uno</strong></span> <span class='ocrx_word' id='word_1_27' title='bbox 2230 361 2434 420; x_wconf 92' lang='lat' dir='ltr'><strong>minuto,</strong></span> 
     </span>
     <span class='ocr_line' id='line_1_4' title="bbox 192 430 2436 498; baseline -0.002 -14"><span class='ocrx_word' id='word_1_28' title='bbox 192 439 248 483; x_wconf 89' lang='lat' dir='ltr'><strong>ut</strong></span> <span class='ocrx_word' id='word_1_29' title='bbox 286 435 498 497; x_wconf 88' lang='lat' dir='ltr'><strong>cogitare</strong></span> <span class='ocrx_word' id='word_1_30' title='bbox 536 446 613 481; x_wconf 90' lang='lat' dir='ltr'><strong>me</strong></span> <span class='ocrx_word' id='word_1_31' title='bbox 649 434 830 497; x_wconf 87' lang='lat' dir='ltr'><strong>passim</strong></span> <span class='ocrx_word' id='word_1_32' title='bbox 868 434 917 480; x_wconf 90' lang='lat' dir='ltr'><strong>in</strong></span> <span class='ocrx_word' id='word_1_33' title='bbox 940 431 1314 498; x_wconf 87' lang='lat' dir='ltr'><strong>Ephemeridum</strong></span> <span class='ocrx_word' id='word_1_34' title='bbox 1340 431 1722 495; x_wconf 85' lang='lat' dir='ltr'><strong>praefationibus</strong></span> <span class='ocrx_word' id='word_1_35' title='bbox 1747 430 1860 478; x_wconf 87' lang='lat' dir='ltr'><strong>dixi.</strong></span> <span class='ocrx_word' id='word_1_36' title='bbox 1935 432 2072 482; x_wconf 92' lang='lat' dir='ltr'><strong>Pone</strong></span> <span class='ocrx_word' id='word_1_37' title='bbox 2097 432 2273 482; x_wconf 91' lang='lat' dir='ltr'><strong>lineam</strong></span> <span class='ocrx_word' id='word_1_38' title='bbox 2301 430 2436 480; x_wconf 89' lang='lat' dir='ltr'><strong>illam</strong></span> 
     </span>
     <span class='ocr_line' id='line_1_5' title="bbox 199 503 2435 570; baseline -0.002 -15"><span class='ocrx_word' id='word_1_39' title='bbox 199 508 323 556; x_wconf 90' lang='lat' dir='ltr'><strong>inter</strong></span> <span class='ocrx_word' id='word_1_40' title='bbox 370 519 552 556; x_wconf 87' lang='lat' dir='ltr'><strong>cornua</strong></span> <span class='ocrx_word' id='word_1_41' title='bbox 600 510 839 569; x_wconf 83' lang='lat' dir='ltr'><strong>aequasse</strong></span> <span class='ocrx_word' id='word_1_42' title='bbox 900 504 1044 570; x_wconf 92' lang='lat' dir='ltr'><strong>plane</strong></span> <span class='ocrx_word' id='word_1_43' title='bbox 1080 504 1487 554; x_wconf 88' lang='lat' dir='ltr'><strong>semidiametrum</strong></span> <span class='ocrx_word' id='word_1_44' title='bbox 1527 503 1723 564; x_wconf 90' lang='lat' dir='ltr'><strong>Lunae,</strong></span> <span class='ocrx_word' id='word_1_45' title='bbox 1778 505 1868 553; x_wconf 90' lang='lat' dir='ltr'><strong>erit</strong></span> <span class='ocrx_word' id='word_1_46' title='bbox 1918 505 1969 552; x_wconf 90' lang='lat' dir='ltr'><strong>in</strong></span> <span class='ocrx_word' id='word_1_47' title='bbox 2014 505 2205 555; x_wconf 86' lang='lat' dir='ltr'><strong>defectu</strong></span> <span class='ocrx_word' id='word_1_48' title='bbox 2256 504 2435 568; x_wconf 84' lang='lat' dir='ltr'><strong>digitus</strong></span> 
     </span>
     <span class='ocr_line' id='line_1_6' title="bbox 193 570 2435 648; baseline -0.001 -20"><span class='ocrx_word' id='word_1_49' title='bbox 193 593 318 628; x_wconf 91' lang='lat' dir='ltr'><strong>unus</strong></span> <span class='ocrx_word' id='word_1_50' title='bbox 363 593 473 628; x_wconf 90' lang='lat' dir='ltr'><strong>cum</strong></span> <span class='ocrx_word' id='word_1_51' title='bbox 514 570 631 648; x_wconf 60' lang='lat'><strong>712:</strong></span> <span class='ocrx_word' id='word_1_52' title='bbox 682 593 774 629; x_wconf 88' lang='lat' dir='ltr'><strong>nec</strong></span> <span class='ocrx_word' id='word_1_53' title='bbox 823 581 981 644; x_wconf 88' lang='lat' dir='ltr'><strong>potuit</strong></span> <span class='ocrx_word' id='word_1_54' title='bbox 1027 580 1077 626; x_wconf 90' lang='lat' dir='ltr'><strong>in</strong></span> <span class='ocrx_word' id='word_1_55' title='bbox 1125 576 1287 627; x_wconf 90' lang='lat' dir='ltr'><strong>medio</strong></span> <span class='ocrx_word' id='word_1_56' title='bbox 1325 575 1618 626; x_wconf 85' lang='lat' dir='ltr'><strong>sensibiliter</strong></span> <span class='ocrx_word' id='word_1_57' title='bbox 1670 576 1774 625; x_wconf 88' lang='lat' dir='ltr'><strong>fieri</strong></span> <span class='ocrx_word' id='word_1_58' title='bbox 1810 577 1994 640; x_wconf 87' lang='lat' dir='ltr'><strong>maj0r,</strong></span> <span class='ocrx_word' id='word_1_59' title='bbox 2049 579 2165 642; x_wconf 88' lang='lat' dir='ltr'><strong>quia</strong></span> <span class='ocrx_word' id='word_1_60' title='bbox 2219 579 2435 643; x_wconf 81' lang='lat' dir='ltr'><strong>proxime</strong></span> 
     </span>
    </p>
   </div>
   <div class='ocr_carea' id='block_1_3' title="bbox 192 651 2436 789">
    <p class='ocr_par' dir='ltr' id='par_1_3' title="bbox 192 651 2436 789">
     <span class='ocr_line' id='line_1_7' title="bbox 192 651 716 701; baseline -0.004 0"><span class='ocrx_word' id='word_1_61' title='bbox 192 651 405 701; x_wconf 89' lang='lat' dir='ltr'><strong>medium</strong></span> <span class='ocrx_word' id='word_1_62' title='bbox 443 652 716 701; x_wconf 88' lang='lat' dir='ltr'><strong>observavi.</strong></span> 
     </span>
     <span class='ocr_line' id='line_1_8' title="bbox 337 721 2436 789; baseline -0 -16"><span class='ocrx_word' id='word_1_63' title='bbox 337 724 621 789; x_wconf 86' lang='lat' dir='ltr'><strong>Ephemeris</strong></span> <span class='ocrx_word' id='word_1_64' title='bbox 660 725 960 789; x_wconf 85' lang='lat' dir='ltr'><strong>imprimitur,</strong></span> <span class='ocrx_word' id='word_1_65' title='bbox 997 722 1210 773; x_wconf 90' lang='lat' dir='ltr'><strong>nondum</strong></span> <span class='ocrx_word' id='word_1_66' title='bbox 1248 721 1360 787; x_wconf 93' lang='lat' dir='ltr'><strong>plus</strong></span> <span class='ocrx_word' id='word_1_67' title='bbox 1397 735 1496 771; x_wconf 91' lang='lat' dir='ltr'><strong>una</strong></span> <span class='ocrx_word' id='word_1_68' title='bbox 1517 723 1698 786; x_wconf 89' lang='lat' dir='ltr'><strong>pagina</strong></span> <span class='ocrx_word' id='word_1_69' title='bbox 1736 722 2006 772; x_wconf 80' lang='lat' dir='ltr'><strong>confectum</strong></span> <span class='ocrx_word' id='word_1_70' title='bbox 2033 728 2120 786; x_wconf 88' lang='lat' dir='ltr'><strong>est,</strong></span> <span class='ocrx_word' id='word_1_71' title='bbox 2161 738 2306 787; x_wconf 86' lang='lat' dir='ltr'><strong>qnam</strong></span> <span class='ocrx_word' id='word_1_72' title='bbox 2343 722 2436 773; x_wconf 90' lang='lat' dir='ltr'><strong>ad-</strong></span> 
     </span>
    </p>
   </div>
   <div class='ocr_carea' id='block_1_4' title="bbox 185 798 2440 931">
    <p class='ocr_par' dir='ltr' id='par_1_4' title="bbox 185 798 2440 931">
     <span class='ocr_line' id='line_1_9' title="bbox 185 798 831 864; baseline -0.002 -18"><span class='ocrx_word' id='word_1_73' title='bbox 185 798 328 861; x_wconf 88' lang='lat' dir='ltr'><strong>junxi</strong></span> <span class='ocrx_word' id='word_1_74' title='bbox 348 799 430 847; x_wconf 24' lang='lat' dir='ltr'><strong>*ob</strong></span> <span class='ocrx_word' id='word_1_75' title='bbox 467 799 831 864; x_wconf 84' lang='lat' dir='ltr'><strong>praefationem.</strong></span> 
     </span>
     <span class='ocr_line' id='line_1_10' title="bbox 342 866 2440 931; baseline -0.002 -11"><span class='ocrx_word' id='word_1_76' title='bbox 342 871 467 921; x_wconf 90' lang='lat' dir='ltr'><strong>Vale</strong></span> <span class='ocrx_word' id='word_1_77' title='bbox 508 877 556 920; x_wconf 90' lang='lat' dir='ltr'><strong>et</strong></span> <span class='ocrx_word' id='word_1_78' title='bbox 591 872 802 920; x_wconf 83' lang='lat' dir='ltr'><strong>rescribe</strong></span> <span class='ocrx_word' id='word_1_79' title='bbox 841 869 1085 930; x_wconf 86' lang='lat' dir='ltr'><strong>celeriter;</strong></span> <span class='ocrx_word' id='word_1_80' title='bbox 1137 867 1304 916; x_wconf 88' lang='lat' dir='ltr'><strong>literas</strong></span> <span class='ocrx_word' id='word_1_81' title='bbox 1335 881 1507 931; x_wconf 88' lang='lat' dir='ltr'><strong>posses</strong></span> <span class='ocrx_word' id='word_1_82' title='bbox 1544 866 1774 917; x_wconf 87' lang='lat' dir='ltr'><strong>mandare</strong></span> <span class='ocrx_word' id='word_1_83' title='bbox 1812 867 2099 931; x_wconf 78' lang='lat' dir='ltr'><strong>curialibuS,</strong></span> <span class='ocrx_word' id='word_1_84' title='bbox 2150 875 2204 918; x_wconf 90' lang='lat' dir='ltr'><strong>ut</strong></span> <span class='ocrx_word' id='word_1_85' title='bbox 2236 868 2325 919; x_wconf 62' lang='lat' dir='ltr'><strong>&#39;eas</strong></span> <span class='ocrx_word' id='word_1_86' title='bbox 2361 869 2440 916; x_wconf 91' lang='lat' dir='ltr'><strong>in-</strong></span> 
     </span>
    </p>
   </div>
   <div class='ocr_carea' id='block_1_5' title="bbox 191 939 2439 1081">
    <p class='ocr_par' dir='ltr' id='par_1_5' title="bbox 191 939 2439 1081">
     <span class='ocr_line' id='line_1_11' title="bbox 197 939 2439 1006; baseline 0 -15"><span class='ocrx_word' id='word_1_87' title='bbox 197 944 451 994; x_wconf 84' lang='lat' dir='ltr'><strong>volverent</strong></span> <span class='ocrx_word' id='word_1_88' title='bbox 498 944 756 1004; x_wconf 80' lang='lat' dir='ltr'><strong>fascicu10,</strong></span> <span class='ocrx_word' id='word_1_89' title='bbox 805 945 889 1006; x_wconf 87' lang='lat' dir='ltr'><strong>qui</strong></span> <span class='ocrx_word' id='word_1_90' title='bbox 934 941 994 989; x_wconf 90' lang='lat' dir='ltr'><strong>ad</strong></span> <span class='ocrx_word' id='word_1_91' title='bbox 1040 940 1256 1003; x_wconf 88' lang='lat' dir='ltr'><strong>legatum</strong></span> <span class='ocrx_word' id='word_1_92' title='bbox 1306 942 1492 1003; x_wconf 87' lang='lat' dir='ltr'><strong>regium</strong></span> <span class='ocrx_word' id='word_1_93' title='bbox 1531 939 1794 990; x_wconf 85' lang='lat' dir='ltr'><strong>Teufflium</strong></span> <span class='ocrx_word' id='word_1_94' title='bbox 1845 943 2075 991; x_wconf 86' lang='lat' dir='ltr'><strong>mittetur.</strong></span> <span class='ocrx_word' id='word_1_95' title='bbox 2149 942 2275 992; x_wconf 88' lang='lat' dir='ltr'><strong>Nam</strong></span> <span class='ocrx_word' id='word_1_96' title='bbox 2328 947 2439 991; x_wconf 91' lang='lat' dir='ltr'><strong>tuas</strong></span> 
     </span>
     <span class='ocr_line' id='line_1_12' title="bbox 191 1015 1607 1081; baseline -0.003 -15"><span class='ocrx_word' id='word_1_97' title='bbox 191 1017 295 1066; x_wconf 86' lang='lat' dir='ltr'><strong>heri</strong></span> <span class='ocrx_word' id='word_1_98' title='bbox 335 1017 527 1067; x_wconf 90' lang='lat' dir='ltr'><strong>demum</strong></span> <span class='ocrx_word' id='word_1_99' title='bbox 565 1017 733 1081; x_wconf 87' lang='lat' dir='ltr'><strong>accepi</strong></span> <span class='ocrx_word' id='word_1_100' title='bbox 771 1031 829 1065; x_wconf 91' lang='lat' dir='ltr'><strong>ex</strong></span> <span class='ocrx_word' id='word_1_101' title='bbox 865 1016 1050 1063; x_wconf 90' lang='lat' dir='ltr'><strong>incuria</strong></span> <span class='ocrx_word' id='word_1_102' title='bbox 1086 1015 1306 1076; x_wconf 87' lang='lat' dir='ltr'><strong>magistri</strong></span> <span class='ocrx_word' id='word_1_103' title='bbox 1344 1027 1607 1063; x_wconf 88' lang='lat' dir='ltr'><strong>cursorum.</strong></span> 
     </span>
    </p>
   </div>
   <div class='ocr_carea' id='block_1_6' title="bbox 318 1089 2220 1297">
    <p class='ocr_par' dir='ltr' id='par_1_6' title="bbox 318 1089 2220 1297">
     <span class='ocr_line' id='line_1_13' title="bbox 318 1089 1387 1154; baseline -0.006 -15"><span class='ocrx_word' id='word_1_104' title='bbox 318 1090 494 1140; x_wconf 72' lang='lat' dir='ltr'><strong>&#39;Lincii</strong></span> <span class='ocrx_word' id='word_1_105' title='bbox 532 1092 578 1139; x_wconf 89' lang='lat'><strong>4.</strong></span> <span class='ocrx_word' id='word_1_106' title='bbox 620 1089 832 1153; x_wconf 86' lang='lat' dir='ltr'><strong>Augusti</strong></span> <span class='ocrx_word' id='word_1_107' title='bbox 874 1089 1026 1136; x_wconf 84' lang='lat'><strong>1619.</strong></span> <span class='ocrx_word' id='word_1_108' title='bbox 1383 1150 1387 1154; x_wconf 25' lang='grc' dir='ltr'>ι</span> 
     </span>
     <span class='ocr_line' id='line_1_14' title="bbox 876 1158 1818 1210; baseline -0.001 -1"><span class='ocrx_word' id='word_1_109' title='bbox 876 1159 1204 1210; x_wconf 85' lang='lat' dir='ltr'><strong>Excellentiae</strong></span> <span class='ocrx_word' id='word_1_110' title='bbox 1243 1159 1381 1210; x_wconf 86' lang='lat' dir='ltr'><strong>Tuae</strong></span> <span class='ocrx_word' id='word_1_111' title='bbox 1420 1158 1818 1210; x_wconf 79' lang='lat' dir='ltr'><strong>officiosissimus</strong></span> 
     </span>
     <span class='ocr_line' id='line_1_15' title="bbox 1920 1232 2220 1297; baseline 0.003 -15"><span class='ocrx_word' id='word_1_112' title='bbox 1920 1232 1974 1282; x_wconf 87' lang='lat' dir='ltr'><strong>J.</strong></span> <span class='ocrx_word' id='word_1_113' title='bbox 2016 1232 2220 1297; x_wconf 64' lang='grc' dir='ltr'><strong>Καρίαν.</strong></span> 
     </span>
    </p>
   </div>
   <div class='ocr_carea' id='block_1_7' title="bbox 181 1334 2439 2851">
    <p class='ocr_par' dir='ltr' id='par_1_7' title="bbox 182 1334 2439 2270">
     <span class='ocr_line' id='line_1_16' title="bbox 332 1334 2434 1388; baseline 0.001 -14"><span class='ocrx_word' id='word_1_114' title='bbox 332 1335 518 1376; x_wconf 87' lang='lat' dir='ltr'><strong>Remus</strong></span> <span class='ocrx_word' id='word_1_115' title='bbox 561 1336 797 1388; x_wconf 81' lang='lat' dir='ltr'><strong>respondit:</strong></span> <span class='ocrx_word' id='word_1_116' title='bbox 856 1334 1091 1376; x_wconf 79' lang='lat' dir='ltr'><strong>Clarissimo</strong></span> <span class='ocrx_word' id='word_1_117' title='bbox 1131 1338 1170 1374; x_wconf 91' lang='lat' dir='ltr'><strong>et</strong></span> <span class='ocrx_word' id='word_1_118' title='bbox 1213 1334 1557 1375; x_wconf 79' lang='lat' dir='ltr'><strong>excellentissime</strong></span> <span class='ocrx_word' id='word_1_119' title='bbox 1597 1335 1695 1386; x_wconf 85' lang='lat' dir='ltr'><strong>Vir,</strong></span> <span class='ocrx_word' id='word_1_120' title='bbox 1735 1334 1867 1374; x_wconf 91' lang='lat' dir='ltr'><strong>amice</strong></span> <span class='ocrx_word' id='word_1_121' title='bbox 1906 1334 2080 1375; x_wconf 90' lang='lat' dir='ltr'><strong>Uranice</strong></span> <span class='ocrx_word' id='word_1_122' title='bbox 2126 1335 2434 1380; x_wconf 80' lang='lat' dir='ltr'><strong>colendissimo.</strong></span> 
     </span>
     <span class='ocr_line' id='line_1_17' title="bbox 190 1392 2438 1446; baseline 0 -12"><span class='ocrx_word' id='word_1_123' title='bbox 190 1394 301 1434; x_wconf 86' lang='lat' dir='ltr'><strong>Tuas</strong></span> <span class='ocrx_word' id='word_1_124' title='bbox 326 1397 395 1437; x_wconf 86' lang='lat'><strong>11.</strong></span> <span class='ocrx_word' id='word_1_125' title='bbox 418 1395 524 1444; x_wconf 85' lang='lat' dir='ltr'><strong>Aug.</strong></span> <span class='ocrx_word' id='word_1_126' title='bbox 547 1396 687 1446; x_wconf 86' lang='lat' dir='ltr'><strong>accepi</strong></span> <span class='ocrx_word' id='word_1_127' title='bbox 716 1395 859 1435; x_wconf 85' lang='lat' dir='ltr'><strong>literas</strong></span> <span class='ocrx_word' id='word_1_128' title='bbox 890 1406 983 1434; x_wconf 89' lang='lat' dir='ltr'><strong>cum</strong></span> <span class='ocrx_word' id='word_1_129' title='bbox 1012 1395 1204 1445; x_wconf 85' lang='lat' dir='ltr'><strong>Epitome</strong></span> <span class='ocrx_word' id='word_1_130' title='bbox 1233 1394 1520 1433; x_wconf 83' lang='lat' dir='ltr'><strong>Astronomiae</strong></span> <span class='ocrx_word' id='word_1_131' title='bbox 1543 1392 1849 1445; x_wconf 85' lang='lat' dir='ltr'><strong>Copernicanae</strong></span> <span class='ocrx_word' id='word_1_132' title='bbox 1879 1397 1920 1433; x_wconf 93' lang='lat' dir='ltr'><strong>et</strong></span> <span class='ocrx_word' id='word_1_133' title='bbox 1952 1394 2080 1444; x_wconf 89' lang='lat' dir='ltr'><strong>prima</strong></span> <span class='ocrx_word' id='word_1_134' title='bbox 2110 1395 2266 1445; x_wconf 79' lang='lat' dir='ltr'><strong>pagina</strong></span> <span class='ocrx_word' id='word_1_135' title='bbox 2299 1395 2438 1446; x_wconf 87' lang='lat' dir='ltr'><strong>Ephe-</strong></span> 
     </span>
     <span class='ocr_line' id='line_1_18' title="bbox 187 1452 2438 1507; baseline 0 -15"><span class='ocrx_word' id='word_1_136' title='bbox 187 1452 356 1493; x_wconf 87' lang='lat' dir='ltr'><strong>meridis</strong></span> <span class='ocrx_word' id='word_1_137' title='bbox 390 1454 521 1507; x_wconf 83' lang='lat'><strong>1620,</strong></span> <span class='ocrx_word' id='word_1_138' title='bbox 565 1457 605 1493; x_wconf 87' lang='lat' dir='ltr'><strong>et</strong></span> <span class='ocrx_word' id='word_1_139' title='bbox 636 1454 778 1493; x_wconf 89' lang='lat' dir='ltr'><strong>omnia</strong></span> <span class='ocrx_word' id='word_1_140' title='bbox 809 1453 1027 1503; x_wconf 83' lang='lat' dir='ltr'><strong>diligenter</strong></span> <span class='ocrx_word' id='word_1_141' title='bbox 1056 1452 1297 1501; x_wconf 80' lang='lat' dir='ltr'><strong>refundam,</strong></span> <span class='ocrx_word' id='word_1_142' title='bbox 1339 1452 1462 1491; x_wconf 86' lang='lat' dir='ltr'><strong>modo</strong></span> <span class='ocrx_word' id='word_1_143' title='bbox 1494 1453 1676 1504; x_wconf 85' lang='lat' dir='ltr'><strong>aliquem</strong></span> <span class='ocrx_word' id='word_1_144' title='bbox 1714 1452 1909 1502; x_wconf 86' lang='lat' dir='ltr'><strong>habeam,</strong></span> <span class='ocrx_word' id='word_1_145' title='bbox 1949 1453 2015 1492; x_wconf 91' lang='lat' dir='ltr'><strong>cui</strong></span> <span class='ocrx_word' id='word_1_146' title='bbox 2050 1453 2209 1492; x_wconf 84' lang='lat' dir='ltr'><strong>tradam</strong></span> <span class='ocrx_word' id='word_1_147' title='bbox 2239 1455 2438 1504; x_wconf 78' lang='lat' dir='ltr'><strong>pecunias</strong></span> 
     </span>
     <span class='ocr_line' id='line_1_19' title="bbox 186 1510 2435 1563; baseline 0 -12"><span class='ocrx_word' id='word_1_148' title='bbox 186 1515 259 1551; x_wconf 86' lang='lat' dir='ltr'><strong>tuo</strong></span> <span class='ocrx_word' id='word_1_149' title='bbox 289 1513 470 1561; x_wconf 87' lang='lat' dir='ltr'><strong>nomine;</strong></span> <span class='ocrx_word' id='word_1_150' title='bbox 517 1515 558 1552; x_wconf 90' lang='lat' dir='ltr'><strong>et</strong></span> <span class='ocrx_word' id='word_1_151' title='bbox 587 1512 710 1552; x_wconf 87' lang='lat' dir='ltr'><strong>avide</strong></span> <span class='ocrx_word' id='word_1_152' title='bbox 740 1516 932 1563; x_wconf 88' lang='lat' dir='ltr'><strong>exspecto</strong></span> <span class='ocrx_word' id='word_1_153' title='bbox 961 1511 1314 1551; x_wconf 88' lang='lat' dir='ltr'><strong>Harmonicorum</strong></span> <span class='ocrx_word' id='word_1_154' title='bbox 1345 1510 1585 1552; x_wconf 83' lang='lat' dir='ltr'><strong>editionem.</strong></span> <span class='ocrx_word' id='word_1_155' title='bbox 1646 1511 1838 1562; x_wconf 88' lang='lat' dir='ltr'><strong>Epitome</strong></span> <span class='ocrx_word' id='word_1_156' title='bbox 1874 1514 1989 1550; x_wconf 81' lang='lat' dir='ltr'><strong>recta</strong></span> <span class='ocrx_word' id='word_1_157' title='bbox 2019 1522 2111 1550; x_wconf 91' lang='lat' dir='ltr'><strong>cum</strong></span> <span class='ocrx_word' id='word_1_158' title='bbox 2150 1511 2284 1552; x_wconf 87' lang='lat' dir='ltr'><strong>literis</strong></span> <span class='ocrx_word' id='word_1_159' title='bbox 2315 1513 2435 1553; x_wconf 87' lang='lat' dir='ltr'><strong>Sere-</strong></span> 
     </span>
     <span class='ocr_line' id='line_1_20' title="bbox 188 1564 2437 1623; baseline 0 -14"><span class='ocrx_word' id='word_1_160' title='bbox 188 1570 350 1610; x_wconf 87' lang='lat' dir='ltr'><strong>nissimi</strong></span> <span class='ocrx_word' id='word_1_161' title='bbox 381 1570 434 1609; x_wconf 91' lang='lat' dir='ltr'><strong>ad</strong></span> <span class='ocrx_word' id='word_1_162' title='bbox 452 1564 684 1610; x_wconf 85' lang='lat' dir='ltr'><strong>Galilaeum</strong></span> <span class='ocrx_word' id='word_1_163' title='bbox 715 1582 842 1623; x_wconf 90' lang='lat' dir='ltr'><strong>quam</strong></span> <span class='ocrx_word' id='word_1_164' title='bbox 872 1571 1051 1620; x_wconf 88' lang='lat' dir='ltr'><strong>primum</strong></span> <span class='ocrx_word' id='word_1_165' title='bbox 1080 1571 1319 1622; x_wconf 85' lang='lat' dir='ltr'><strong>perferetur,</strong></span> <span class='ocrx_word' id='word_1_166' title='bbox 1350 1581 1426 1608; x_wconf 87' lang='lat' dir='ltr'><strong>nec</strong></span> <span class='ocrx_word' id='word_1_167' title='bbox 1456 1570 1539 1609; x_wconf 90' lang='lat' dir='ltr'><strong>alio</strong></span> <span class='ocrx_word' id='word_1_168' title='bbox 1570 1569 1706 1623; x_wconf 88' lang='lat' dir='ltr'><strong>modo,</strong></span> <span class='ocrx_word' id='word_1_169' title='bbox 1738 1573 1785 1608; x_wconf 88' lang='lat' dir='ltr'><strong>ut</strong></span> <span class='ocrx_word' id='word_1_170' title='bbox 1815 1569 1948 1619; x_wconf 88' lang='lat' dir='ltr'><strong>credo,</strong></span> <span class='ocrx_word' id='word_1_171' title='bbox 1979 1570 2214 1620; x_wconf 87' lang='lat' dir='ltr'><strong>prohibitus</strong></span> <span class='ocrx_word' id='word_1_172' title='bbox 2248 1571 2325 1610; x_wconf 88' lang='lat' dir='ltr'><strong>erit</strong></span> <span class='ocrx_word' id='word_1_173' title='bbox 2358 1571 2437 1612; x_wconf 86' lang='lat' dir='ltr'><strong>iste</strong></span> 
     </span>
     <span class='ocr_line' id='line_1_21' title="bbox 186 1627 2438 1682; baseline 0.001 -15"><span class='ocrx_word' id='word_1_174' title='bbox 186 1629 311 1680; x_wconf 77' lang='lat' dir='ltr'><strong>liber,</strong></span> <span class='ocrx_word' id='word_1_175' title='bbox 356 1640 484 1680; x_wconf 89' lang='lat' dir='ltr'><strong>quam</strong></span> <span class='ocrx_word' id='word_1_176' title='bbox 515 1629 627 1682; x_wconf 90' lang='lat' dir='ltr'><strong>quod</strong></span> <span class='ocrx_word' id='word_1_177' title='bbox 659 1633 802 1668; x_wconf 87' lang='lat' dir='ltr'><strong>contra</strong></span> <span class='ocrx_word' id='word_1_178' title='bbox 843 1627 1029 1680; x_wconf 88' lang='lat' dir='ltr'><strong>diploma</strong></span> <span class='ocrx_word' id='word_1_179' title='bbox 1059 1630 1100 1669; x_wconf 88' lang='lat' dir='ltr'><strong>S.</strong></span> <span class='ocrx_word' id='word_1_180' title='bbox 1133 1628 1289 1680; x_wconf 81' lang='lat' dir='ltr'><strong>Officii,</strong></span> <span class='ocrx_word' id='word_1_181' title='bbox 1331 1631 1428 1667; x_wconf 88' lang='lat' dir='ltr'><strong>ante</strong></span> <span class='ocrx_word' id='word_1_182' title='bbox 1464 1629 1680 1668; x_wconf 88' lang='lat' dir='ltr'><strong>biennium</strong></span> <span class='ocrx_word' id='word_1_183' title='bbox 1710 1628 1902 1678; x_wconf 79' lang='lat' dir='ltr'><strong>affixum,</strong></span> <span class='ocrx_word' id='word_1_184' title='bbox 1935 1628 2144 1679; x_wconf 86' lang='lat' dir='ltr'><strong>loquatur.</strong></span> <span class='ocrx_word' id='word_1_185' title='bbox 2207 1628 2275 1674; x_wconf 86' lang='lat' dir='ltr'><strong>(In</strong></span> <span class='ocrx_word' id='word_1_186' title='bbox 2307 1641 2438 1670; x_wconf 84' lang='lat' dir='ltr'><strong>cansa</strong></span> 
     </span>
     <span class='ocr_line' id='line_1_22' title="bbox 187 1686 2434 1739; baseline 0.001 -14"><span class='ocrx_word' id='word_1_187' title='bbox 187 1691 276 1726; x_wconf 90' lang='lat' dir='ltr'><strong>erat</strong></span> <span class='ocrx_word' id='word_1_188' title='bbox 306 1686 478 1737; x_wconf 88' lang='lat' dir='ltr'><strong>quidam</strong></span> <span class='ocrx_word' id='word_1_189' title='bbox 507 1688 725 1737; x_wconf 85' lang='lat' dir='ltr'><strong>religiosus</strong></span> <span class='ocrx_word' id='word_1_190' title='bbox 744 1687 1040 1738; x_wconf 86' lang='lat' dir='ltr'><strong>Neapolitanus</strong></span> <span class='ocrx_word' id='word_1_191' title='bbox 1072 1686 1332 1737; x_wconf 63' lang='lat' dir='ltr'><strong>[roserii-inu,</strong></span> <span class='ocrx_word' id='word_1_192' title='bbox 1363 1687 1437 1739; x_wconf 91' lang='lat' dir='ltr'><strong>qui</strong></span> <span class='ocrx_word' id='word_1_193' title='bbox 1457 1686 1600 1727; x_wconf 91' lang='lat' dir='ltr'><strong>Italice</strong></span> <span class='ocrx_word' id='word_1_194' title='bbox 1629 1687 1849 1737; x_wconf 80' lang='lat' dir='ltr'><strong>spargebat</strong></span> <span class='ocrx_word' id='word_1_195' title='bbox 1877 1687 1922 1726; x_wconf 91' lang='lat' dir='ltr'><strong>in</strong></span> <span class='ocrx_word' id='word_1_196' title='bbox 1953 1687 2099 1736; x_wconf 82' lang='lat' dir='ltr'><strong>vulgus</strong></span> <span class='ocrx_word' id='word_1_197' title='bbox 2130 1687 2238 1727; x_wconf 88' lang='lat' dir='ltr'><strong>hanc</strong></span> <span class='ocrx_word' id='word_1_198' title='bbox 2269 1688 2434 1739; x_wconf 88' lang='lat' dir='ltr'><strong>opinio-</strong></span> 
     </span>
     <span class='ocr_line' id='line_1_23' title="bbox 185 1745 2437 1798; baseline 0.001 -14"><span class='ocrx_word' id='word_1_199' title='bbox 185 1757 279 1784; x_wconf 90' lang='lat' dir='ltr'><strong>nem</strong></span> <span class='ocrx_word' id='word_1_200' title='bbox 307 1746 476 1796; x_wconf 89' lang='lat' dir='ltr'><strong>publico</strong></span> <span class='ocrx_word' id='word_1_201' title='bbox 507 1747 674 1796; x_wconf 85' lang='lat' dir='ltr'><strong>scripto,</strong></span> <span class='ocrx_word' id='word_1_202' title='bbox 705 1746 814 1785; x_wconf 91' lang='lat' dir='ltr'><strong>unde</strong></span> <span class='ocrx_word' id='word_1_203' title='bbox 843 1745 1099 1797; x_wconf 78' lang='lat' dir='ltr'><strong>periculosae</strong></span> <span class='ocrx_word' id='word_1_204' title='bbox 1129 1746 1447 1798; x_wconf 83' lang='lat' dir='ltr'><strong>consequentiae</strong></span> <span class='ocrx_word' id='word_1_205' title='bbox 1478 1750 1519 1785; x_wconf 88' lang='lat' dir='ltr'><strong>et</strong></span> <span class='ocrx_word' id='word_1_206' title='bbox 1540 1746 1760 1797; x_wconf 88' lang='lat' dir='ltr'><strong>opiniones</strong></span> <span class='ocrx_word' id='word_1_207' title='bbox 1779 1746 2081 1798; x_wconf 83' lang='lat' dir='ltr'><strong>nascebantur3</strong></span> <span class='ocrx_word' id='word_1_208' title='bbox 2114 1749 2202 1785; x_wconf 88' lang='lat' dir='ltr'><strong>tum</strong></span> <span class='ocrx_word' id='word_1_209' title='bbox 2226 1745 2437 1787; x_wconf 85' lang='lat' dir='ltr'><strong>Galilaeus</strong></span> 
     </span>
     <span class='ocr_line' id='line_1_24' title="bbox 186 1803 2439 1856; baseline 0.001 -13"><span class='ocrx_word' id='word_1_210' title='bbox 186 1805 312 1844; x_wconf 89' lang='lat' dir='ltr'><strong>etiam</strong></span> <span class='ocrx_word' id='word_1_211' title='bbox 343 1803 466 1844; x_wconf 90' lang='lat' dir='ltr'><strong>nimis</strong></span> <span class='ocrx_word' id='word_1_212' title='bbox 498 1806 679 1854; x_wconf 80' lang='lat' dir='ltr'><strong>rigorose</strong></span> <span class='ocrx_word' id='word_1_213' title='bbox 710 1816 879 1844; x_wconf 79' lang='lat' dir='ltr'><strong>causam</strong></span> <span class='ocrx_word' id='word_1_214' title='bbox 910 1816 1028 1845; x_wconf 90' lang='lat' dir='ltr'><strong>suam</strong></span> <span class='ocrx_word' id='word_1_215' title='bbox 1066 1805 1348 1856; x_wconf 85' lang='lat' dir='ltr'><strong>pertractabat</strong></span> <span class='ocrx_word' id='word_1_216' title='bbox 1386 1804 1532 1843; x_wconf 88' lang='lat' dir='ltr'><strong>eodem</strong></span> <span class='ocrx_word' id='word_1_217' title='bbox 1567 1807 1752 1855; x_wconf 86' lang='lat' dir='ltr'><strong>tempore</strong></span> <span class='ocrx_word' id='word_1_218' title='bbox 1783 1803 1971 1855; x_wconf 85' lang='lat' dir='ltr'><strong>Romae.)</strong></span> <span class='ocrx_word' id='word_1_219' title='bbox 2030 1803 2187 1844; x_wconf 88' lang='lat' dir='ltr'><strong>Eodem</strong></span> <span class='ocrx_word' id='word_1_220' title='bbox 2230 1805 2353 1846; x_wconf 89' lang='lat' dir='ltr'><strong>modo</strong></span> <span class='ocrx_word' id='word_1_221' title='bbox 2397 1810 2439 1845; x_wconf 88' lang='lat' dir='ltr'><strong>et</strong></span> 
     </span>
     <span class='ocr_line' id='line_1_25' title="bbox 186 1860 2436 1916; baseline 0.002 -15"><span class='ocrx_word' id='word_1_222' title='bbox 186 1861 435 1913; x_wconf 86' lang='lat' dir='ltr'><strong>Copernicus</strong></span> <span class='ocrx_word' id='word_1_223' title='bbox 467 1867 671 1903; x_wconf 91' lang='lat' dir='ltr'><strong>correctus</strong></span> <span class='ocrx_word' id='word_1_224' title='bbox 703 1868 764 1903; x_wconf 90' lang='lat' dir='ltr'><strong>est</strong></span> <span class='ocrx_word' id='word_1_225' title='bbox 794 1861 938 1903; x_wconf 89' lang='lat' dir='ltr'><strong>saltem</strong></span> <span class='ocrx_word' id='word_1_226' title='bbox 969 1865 1013 1902; x_wconf 88' lang='lat' dir='ltr'><strong>in</strong></span> <span class='ocrx_word' id='word_1_227' title='bbox 1044 1862 1248 1914; x_wconf 88' lang='lat' dir='ltr'><strong>principio</strong></span> <span class='ocrx_word' id='word_1_228' title='bbox 1277 1863 1410 1913; x_wconf 84' lang='lat' dir='ltr'><strong>primo</strong></span> <span class='ocrx_word' id='word_1_229' title='bbox 1440 1861 1539 1903; x_wconf 87' lang='lat' dir='ltr'><strong>libri</strong></span> <span class='ocrx_word' id='word_1_230' title='bbox 1567 1874 1641 1913; x_wconf 90' lang='lat' dir='ltr'><strong>per</strong></span> <span class='ocrx_word' id='word_1_231' title='bbox 1670 1862 1834 1916; x_wconf 83' lang='lat' dir='ltr'><strong>aliquot</strong></span> <span class='ocrx_word' id='word_1_232' title='bbox 1862 1860 2007 1903; x_wconf 82' lang='lat' dir='ltr'><strong>lineas.</strong></span> <span class='ocrx_word' id='word_1_233' title='bbox 2084 1862 2265 1904; x_wconf 84' lang='lat' dir='ltr'><strong>Possunt</strong></span> <span class='ocrx_word' id='word_1_234' title='bbox 2295 1868 2436 1906; x_wconf 81' lang='lat' dir='ltr'><strong>tamon</strong></span> 
     </span>
     <span class='ocr_line' id='line_1_26' title="bbox 185 1919 2436 1976; baseline 0.001 -16"><span class='ocrx_word' id='word_1_235' title='bbox 185 1921 328 1974; x_wconf 90' lang='lat' dir='ltr'><strong>iidem,</strong></span> <span class='ocrx_word' id='word_1_236' title='bbox 362 1925 402 1960; x_wconf 89' lang='lat' dir='ltr'><strong>et</strong></span> <span class='ocrx_word' id='word_1_237' title='bbox 433 1921 500 1961; x_wconf 90' lang='lat' dir='ltr'><strong>hic</strong></span> <span class='ocrx_word' id='word_1_238' title='bbox 531 1933 697 1975; x_wconf 91' lang='lat' dir='ltr'><strong>quoque</strong></span> <span class='ocrx_word' id='word_1_239' title='bbox 726 1922 833 1961; x_wconf 87' lang='lat' dir='ltr'><strong>liber</strong></span> <span class='ocrx_word' id='word_1_240' title='bbox 863 1920 942 1975; x_wconf 87' lang='lat' dir='ltr'><strong>(uti</strong></span> <span class='ocrx_word' id='word_1_241' title='bbox 971 1921 1103 1974; x_wconf 84' lang='lat' dir='ltr'><strong>puto),</strong></span> <span class='ocrx_word' id='word_1_242' title='bbox 1133 1921 1324 1971; x_wconf 86' lang='lat' dir='ltr'><strong>Epitome</strong></span> <span class='ocrx_word' id='word_1_243' title='bbox 1354 1920 1526 1976; x_wconf 88' lang='lat' dir='ltr'><strong>scilicet,</strong></span> <span class='ocrx_word' id='word_1_244' title='bbox 1556 1919 1641 1970; x_wconf 84' lang='lat' dir='ltr'><strong>legi</strong></span> <span class='ocrx_word' id='word_1_245' title='bbox 1673 1932 1765 1960; x_wconf 85' lang='lat' dir='ltr'><strong>cum</strong></span> <span class='ocrx_word' id='word_1_246' title='bbox 1796 1922 1969 1961; x_wconf 88' lang='lat' dir='ltr'><strong>licentia</strong></span> <span class='ocrx_word' id='word_1_247' title='bbox 1999 1932 2023 1960; x_wconf 90' lang='lat' dir='ltr'><strong>a</strong></span> <span class='ocrx_word' id='word_1_248' title='bbox 2054 1920 2188 1962; x_wconf 88' lang='lat' dir='ltr'><strong>doctis</strong></span> <span class='ocrx_word' id='word_1_249' title='bbox 2221 1925 2261 1962; x_wconf 91' lang='lat' dir='ltr'><strong>et</strong></span> <span class='ocrx_word' id='word_1_250' title='bbox 2289 1924 2436 1973; x_wconf 84' lang='lat' dir='ltr'><strong>peritis</strong></span> 
     </span>
     <span class='ocr_line' id='line_1_27' title="bbox 183 1978 2439 2032; baseline 0.001 -14"><span class='ocrx_word' id='word_1_251' title='bbox 183 1980 227 2018; x_wconf 88' lang='lat' dir='ltr'><strong>in</strong></span> <span class='ocrx_word' id='word_1_252' title='bbox 257 1980 337 2019; x_wconf 90' lang='lat' dir='ltr'><strong>hac</strong></span> <span class='ocrx_word' id='word_1_253' title='bbox 368 1983 458 2020; x_wconf 89' lang='lat' dir='ltr'><strong>arte</strong></span> <span class='ocrx_word' id='word_1_254' title='bbox 487 1980 643 2020; x_wconf 89' lang='lat' dir='ltr'><strong>Romae</strong></span> <span class='ocrx_word' id='word_1_255' title='bbox 674 1985 714 2019; x_wconf 87' lang='lat' dir='ltr'><strong>et</strong></span> <span class='ocrx_word' id='word_1_256' title='bbox 742 1991 817 2031; x_wconf 89' lang='lat' dir='ltr'><strong>per</strong></span> <span class='ocrx_word' id='word_1_257' title='bbox 846 1983 975 2019; x_wconf 89' lang='lat' dir='ltr'><strong>totam</strong></span> <span class='ocrx_word' id='word_1_258' title='bbox 1007 1980 1185 2020; x_wconf 88' lang='lat' dir='ltr'><strong>ltaliam.</strong></span> <span class='ocrx_word' id='word_1_259' title='bbox 1234 1978 1354 2019; x_wconf 85' lang='lat' dir='ltr'><strong>Unde</strong></span> <span class='ocrx_word' id='word_1_260' title='bbox 1386 1991 1471 2020; x_wconf 90' lang='lat' dir='ltr'><strong>non</strong></span> <span class='ocrx_word' id='word_1_261' title='bbox 1502 1983 1564 2019; x_wconf 91' lang='lat' dir='ltr'><strong>est</strong></span> <span class='ocrx_word' id='word_1_262' title='bbox 1593 1978 1706 2032; x_wconf 91' lang='lat' dir='ltr'><strong>quod</strong></span> <span class='ocrx_word' id='word_1_263' title='bbox 1735 1980 1818 2019; x_wconf 88' lang='lat' dir='ltr'><strong>tibi</strong></span> <span class='ocrx_word' id='word_1_264' title='bbox 1845 1980 1994 2019; x_wconf 88' lang='lat' dir='ltr'><strong>timeas</strong></span> <span class='ocrx_word' id='word_1_265' title='bbox 2024 1990 2100 2019; x_wconf 89' lang='lat' dir='ltr'><strong>nec</strong></span> <span class='ocrx_word' id='word_1_266' title='bbox 2130 1981 2174 2020; x_wconf 89' lang='lat' dir='ltr'><strong>in</strong></span> <span class='ocrx_word' id='word_1_267' title='bbox 2206 1981 2334 2020; x_wconf 91' lang='lat' dir='ltr'><strong>Italia</strong></span> <span class='ocrx_word' id='word_1_268' title='bbox 2362 1993 2439 2021; x_wconf 91' lang='lat' dir='ltr'><strong>nec</strong></span> 
     </span>
     <span class='ocr_line' id='line_1_28' title="bbox 183 2038 2436 2093; baseline 0.001 -16"><span class='ocrx_word' id='word_1_269' title='bbox 183 2039 226 2077; x_wconf 91' lang='lat' dir='ltr'><strong>in</strong></span> <span class='ocrx_word' id='word_1_270' title='bbox 258 2039 451 2088; x_wconf 77' lang='lat' dir='ltr'><strong>Austria3</strong></span> <span class='ocrx_word' id='word_1_271' title='bbox 482 2039 607 2078; x_wconf 89' lang='lat' dir='ltr'><strong>modo</strong></span> <span class='ocrx_word' id='word_1_272' title='bbox 639 2040 749 2078; x_wconf 90' lang='lat' dir='ltr'><strong>intra</strong></span> <span class='ocrx_word' id='word_1_273' title='bbox 778 2042 874 2078; x_wconf 88' lang='lat' dir='ltr'><strong>tuos</strong></span> <span class='ocrx_word' id='word_1_274' title='bbox 903 2039 1058 2078; x_wconf 89' lang='lat' dir='ltr'><strong>limites</strong></span> <span class='ocrx_word' id='word_1_275' title='bbox 1087 2042 1129 2078; x_wconf 89' lang='lat' dir='ltr'><strong>te</strong></span> <span class='ocrx_word' id='word_1_276' title='bbox 1160 2038 1372 2078; x_wconf 80' lang='lat' dir='ltr'><strong>contineas</strong></span> <span class='ocrx_word' id='word_1_277' title='bbox 1403 2042 1444 2078; x_wconf 89' lang='lat' dir='ltr'><strong>et</strong></span> <span class='ocrx_word' id='word_1_278' title='bbox 1464 2039 1682 2086; x_wconf 76' lang='lat' dir='ltr'><strong>affectibus</strong></span> <span class='ocrx_word' id='word_1_279' title='bbox 1701 2039 1883 2089; x_wconf 86' lang='lat' dir='ltr'><strong>propriis</strong></span> <span class='ocrx_word' id='word_1_280' title='bbox 1903 2039 2092 2089; x_wconf 88' lang='lat' dir='ltr'><strong>imperes.</strong></span> <span class='ocrx_word' id='word_1_281' title='bbox 2131 2039 2278 2080; x_wconf 88' lang='lat' dir='ltr'><strong>Nescio</strong></span> <span class='ocrx_word' id='word_1_282' title='bbox 2313 2041 2436 2093; x_wconf 90' lang='lat' dir='ltr'><strong>enim,</strong></span> 
     </span>
     <span class='ocr_line' id='line_1_29' title="bbox 186 2096 2435 2152; baseline 0.002 -17"><span class='ocrx_word' id='word_1_283' title='bbox 186 2109 293 2148; x_wconf 88' lang='lat' dir='ltr'><strong>quae</strong></span> <span class='ocrx_word' id='word_1_284' title='bbox 323 2098 410 2136; x_wconf 89' lang='lat' dir='ltr'><strong>visa</strong></span> <span class='ocrx_word' id='word_1_285' title='bbox 441 2101 539 2139; x_wconf 86' lang='lat' dir='ltr'><strong>sunt</strong></span> <span class='ocrx_word' id='word_1_286' title='bbox 571 2097 620 2138; x_wconf 89' lang='lat' dir='ltr'><strong>de</strong></span> <span class='ocrx_word' id='word_1_287' title='bbox 657 2096 826 2137; x_wconf 84' lang='lat' dir='ltr'><strong>Cometa</strong></span> <span class='ocrx_word' id='word_1_288' title='bbox 854 2098 900 2136; x_wconf 87' lang='lat' dir='ltr'><strong>in</strong></span> <span class='ocrx_word' id='word_1_289' title='bbox 922 2097 1163 2138; x_wconf 87' lang='lat' dir='ltr'><strong>Germanico</strong></span> <span class='ocrx_word' id='word_1_290' title='bbox 1194 2096 1390 2138; x_wconf 87' lang='lat' dir='ltr'><strong>idiomate</strong></span> <span class='ocrx_word' id='word_1_291' title='bbox 1422 2098 1475 2147; x_wconf 91' lang='lat' dir='ltr'><strong>(si</strong></span> <span class='ocrx_word' id='word_1_292' title='bbox 1503 2097 1626 2137; x_wconf 91' lang='lat' dir='ltr'><strong>modo</strong></span> <span class='ocrx_word' id='word_1_293' title='bbox 1657 2100 1729 2136; x_wconf 85' lang='lat' dir='ltr'><strong>tua</strong></span> <span class='ocrx_word' id='word_1_294' title='bbox 1757 2101 1887 2148; x_wconf 81' lang='lat' dir='ltr'><strong>sunt),</strong></span> <span class='ocrx_word' id='word_1_295' title='bbox 1933 2108 2040 2149; x_wconf 89' lang='lat' dir='ltr'><strong>quae</strong></span> <span class='ocrx_word' id='word_1_296' title='bbox 2071 2098 2285 2152; x_wconf 85' lang='lat' dir='ltr'><strong>aliquibus</strong></span> <span class='ocrx_word' id='word_1_297' title='bbox 2318 2111 2435 2149; x_wconf 80' lang='lat' dir='ltr'><strong>mag-</strong></span> 
     </span>
     <span class='ocr_line' id='line_1_30' title="bbox 182 2151 2437 2210; baseline 0.001 -15"><span class='ocrx_word' id='word_1_298' title='bbox 182 2156 248 2195; x_wconf 91' lang='lat' dir='ltr'><strong>nis</strong></span> <span class='ocrx_word' id='word_1_299' title='bbox 279 2155 472 2195; x_wconf 89' lang='lat' dir='ltr'><strong>Dominis</strong></span> <span class='ocrx_word' id='word_1_300' title='bbox 503 2167 586 2196; x_wconf 92' lang='lat' dir='ltr'><strong>non</strong></span> <span class='ocrx_word' id='word_1_301' title='bbox 616 2155 838 2196; x_wconf 87' lang='lat' dir='ltr'><strong>admodum</strong></span> <span class='ocrx_word' id='word_1_302' title='bbox 868 2156 1124 2206; x_wconf 86' lang='lat' dir='ltr'><strong>placuerunt.</strong></span> <span class='ocrx_word' id='word_1_303' title='bbox 1185 2155 1312 2195; x_wconf 83' lang='lat' dir='ltr'><strong>Astra</strong></span> <span class='ocrx_word' id='word_1_304' title='bbox 1345 2158 1432 2206; x_wconf 79' lang='lat' dir='ltr'><strong>jam</strong></span> <span class='ocrx_word' id='word_1_305' title='bbox 1463 2151 1732 2196; x_wconf 86' lang='lat' dir='ltr'><strong>Harmoniam</strong></span> <span class='ocrx_word' id='word_1_306' title='bbox 1770 2156 2041 2196; x_wconf 89' lang='lat' dir='ltr'><strong>instituerunt</strong></span> <span class='ocrx_word' id='word_1_307' title='bbox 2078 2167 2190 2197; x_wconf 90' lang='lat' dir='ltr'><strong>more</strong></span> <span class='ocrx_word' id='word_1_308' title='bbox 2222 2157 2437 2210; x_wconf 82' lang='lat' dir='ltr'><strong>Syrenum,</strong></span> 
     </span>
     <span class='ocr_line' id='line_1_31' title="bbox 183 2213 2436 2270; baseline 0.001 -17"><span class='ocrx_word' id='word_1_309' title='bbox 183 2213 406 2254; x_wconf 83' lang='lat' dir='ltr'><strong>avertenda</strong></span> <span class='ocrx_word' id='word_1_310' title='bbox 437 2226 483 2253; x_wconf 88' lang='lat' dir='ltr'><strong>ea</strong></span> <span class='ocrx_word' id='word_1_311' title='bbox 514 2218 587 2265; x_wconf 86' lang='lat' dir='ltr'><strong>est,</strong></span> <span class='ocrx_word' id='word_1_312' title='bbox 619 2226 702 2255; x_wconf 93' lang='lat' dir='ltr'><strong>non</strong></span> <span class='ocrx_word' id='word_1_313' title='bbox 731 2215 1027 2265; x_wconf 86' lang='lat' dir='ltr'><strong>promovenda,</strong></span> <span class='ocrx_word' id='word_1_314' title='bbox 1058 2213 1250 2254; x_wconf 90' lang='lat' dir='ltr'><strong>succedet</strong></span> <span class='ocrx_word' id='word_1_315' title='bbox 1280 2214 1389 2253; x_wconf 83' lang='lat' dir='ltr'><strong>enim</strong></span> <span class='ocrx_word' id='word_1_316' title='bbox 1419 2214 1585 2254; x_wconf 89' lang='lat' dir='ltr'><strong>lethalis</strong></span> <span class='ocrx_word' id='word_1_317' title='bbox 1616 2225 1785 2254; x_wconf 88' lang='lat' dir='ltr'><strong>somnus</strong></span> <span class='ocrx_word' id='word_1_318' title='bbox 1807 2215 1893 2263; x_wconf 83' lang='lat' dir='ltr'><strong>(cfr.</strong></span> <span class='ocrx_word' id='word_1_319' title='bbox 1916 2214 1995 2254; x_wconf 90' lang='lat' dir='ltr'><strong>vol.</strong></span> <span class='ocrx_word' id='word_1_320' title='bbox 2018 2214 2052 2258; x_wconf 90' lang='lat' dir='ltr'><strong>I.</strong></span> <span class='ocrx_word' id='word_1_321' title='bbox 2084 2226 2126 2265; x_wconf 89' lang='lat' dir='ltr'><strong>p.</strong></span> <span class='ocrx_word' id='word_1_322' title='bbox 2154 2217 2237 2256; x_wconf 83' lang='lat'><strong>195</strong></span> <span class='ocrx_word' id='word_1_323' title='bbox 2262 2220 2303 2255; x_wconf 86' lang='lat' dir='ltr'><strong>et</strong></span> <span class='ocrx_word' id='word_1_324' title='bbox 2325 2215 2436 2270; x_wconf 87' lang='grc'><strong>658).</strong></span> 
     </span>
    </p>

    <p class='ocr_par' dir='ltr' id='par_1_8' title="bbox 182 2272 2437 2664">
     <span class='ocr_line' id='line_1_32' title="bbox 327 2272 2437 2327; baseline 0.001 -15"><span class='ocrx_word' id='word_1_325' title='bbox 327 2273 478 2327; x_wconf 90' lang='lat' dir='ltr'><strong>Putas,</strong></span> <span class='ocrx_word' id='word_1_326' title='bbox 522 2284 597 2313; x_wconf 88' lang='lat' dir='ltr'><strong>nos</strong></span> <span class='ocrx_word' id='word_1_327' title='bbox 637 2273 832 2324; x_wconf 87' lang='lat' dir='ltr'><strong>nuspiam</strong></span> <span class='ocrx_word' id='word_1_328' title='bbox 864 2274 1122 2327; x_wconf 84' lang='lat' dir='ltr'><strong>constitisse,</strong></span> <span class='ocrx_word' id='word_1_329' title='bbox 1163 2272 1237 2313; x_wconf 82' lang='lat' dir='ltr'><strong>sed</strong></span> <span class='ocrx_word' id='word_1_330' title='bbox 1268 2284 1428 2324; x_wconf 84' lang='lat' dir='ltr'><strong>semper</strong></span> <span class='ocrx_word' id='word_1_331' title='bbox 1457 2273 1849 2313; x_wconf 81' lang='lat' dir='ltr'><strong>circumcursitasse:</strong></span> <span class='ocrx_word' id='word_1_332' title='bbox 1896 2273 2023 2326; x_wconf 87' lang='lat' dir='ltr'><strong>scias,</strong></span> <span class='ocrx_word' id='word_1_333' title='bbox 2068 2273 2179 2324; x_wconf 87' lang='lat' dir='ltr'><strong>quod</strong></span> <span class='ocrx_word' id='word_1_334' title='bbox 2209 2276 2355 2325; x_wconf 80' lang='lat' dir='ltr'><strong>majori</strong></span> <span class='ocrx_word' id='word_1_335' title='bbox 2386 2287 2437 2314; x_wconf 89' lang='lat' dir='ltr'><strong>ex</strong></span> 
     </span>
     <span class='ocr_line' id='line_1_33' title="bbox 184 2331 2437 2382; baseline 0.001 -12"><span class='ocrx_word' id='word_1_336' title='bbox 184 2334 300 2382; x_wconf 87' lang='lat' dir='ltr'><strong>parte</strong></span> <span class='ocrx_word' id='word_1_337' title='bbox 330 2332 373 2370; x_wconf 92' lang='lat' dir='ltr'><strong>in</strong></span> <span class='ocrx_word' id='word_1_338' title='bbox 403 2332 571 2371; x_wconf 87' lang='lat' dir='ltr'><strong>Alsatia</strong></span> <span class='ocrx_word' id='word_1_339' title='bbox 596 2332 846 2372; x_wconf 88' lang='lat' dir='ltr'><strong>haeserimus</strong></span> <span class='ocrx_word' id='word_1_340' title='bbox 884 2335 925 2371; x_wconf 89' lang='lat' dir='ltr'><strong>et</strong></span> <span class='ocrx_word' id='word_1_341' title='bbox 960 2332 1058 2371; x_wconf 90' lang='lat' dir='ltr'><strong>inde</strong></span> <span class='ocrx_word' id='word_1_342' title='bbox 1095 2335 1209 2371; x_wconf 82' lang='lat' dir='ltr'><strong>recta</strong></span> <span class='ocrx_word' id='word_1_343' title='bbox 1238 2331 1450 2371; x_wconf 86' lang='lat' dir='ltr'><strong>Viennam</strong></span> <span class='ocrx_word' id='word_1_344' title='bbox 1478 2331 1810 2382; x_wconf 78' lang='lat' dir='ltr'><strong>pervenerimus,</strong></span> <span class='ocrx_word' id='word_1_345' title='bbox 1860 2333 1933 2371; x_wconf 91' lang='lat' dir='ltr'><strong>ubi</strong></span> <span class='ocrx_word' id='word_1_346' title='bbox 1979 2343 2090 2371; x_wconf 89' lang='lat' dir='ltr'><strong>nunc</strong></span> <span class='ocrx_word' id='word_1_347' title='bbox 2134 2345 2273 2373; x_wconf 80' lang='lat' dir='ltr'><strong>omnes</strong></span> <span class='ocrx_word' id='word_1_348' title='bbox 2315 2334 2437 2372; x_wconf 89' lang='lat' dir='ltr'><strong>inviti</strong></span> 
     </span>
     <span class='ocr_line' id='line_1_34' title="bbox 184 2388 2437 2443; baseline 0.001 -14"><span class='ocrx_word' id='word_1_349' title='bbox 184 2401 398 2430; x_wconf 88' lang='lat' dir='ltr'><strong>manemus</strong></span> <span class='ocrx_word' id='word_1_350' title='bbox 430 2395 471 2429; x_wconf 91' lang='lat' dir='ltr'><strong>et</strong></span> <span class='ocrx_word' id='word_1_351' title='bbox 502 2402 576 2440; x_wconf 88' lang='lat' dir='ltr'><strong>ego</strong></span> <span class='ocrx_word' id='word_1_352' title='bbox 606 2391 810 2443; x_wconf 86' lang='lat' dir='ltr'><strong>maxime,</strong></span> <span class='ocrx_word' id='word_1_353' title='bbox 844 2391 911 2430; x_wconf 86' lang='lat' dir='ltr'><strong>cui</strong></span> <span class='ocrx_word' id='word_1_354' title='bbox 941 2390 1085 2431; x_wconf 91' lang='lat' dir='ltr'><strong>eodem</strong></span> <span class='ocrx_word' id='word_1_355' title='bbox 1116 2390 1205 2442; x_wconf 89' lang='lat' dir='ltr'><strong>die,</strong></span> <span class='ocrx_word' id='word_1_356' title='bbox 1237 2400 1319 2440; x_wconf 91' lang='lat' dir='ltr'><strong>quo</strong></span> <span class='ocrx_word' id='word_1_357' title='bbox 1350 2390 1562 2441; x_wconf 84' lang='lat' dir='ltr'><strong>sponsalia</strong></span> <span class='ocrx_word' id='word_1_358' title='bbox 1590 2401 1682 2430; x_wconf 91' lang='lat' dir='ltr'><strong>mea</strong></span> <span class='ocrx_word' id='word_1_359' title='bbox 1710 2391 1754 2429; x_wconf 90' lang='lat' dir='ltr'><strong>in</strong></span> <span class='ocrx_word' id='word_1_360' title='bbox 1786 2388 1949 2429; x_wconf 75' lang='lat' dir='ltr'><strong>Alsatia</strong></span> <span class='ocrx_word' id='word_1_361' title='bbox 1979 2391 2354 2437; x_wconf 77' lang='lat' dir='ltr'><strong>contrahebantur,</strong></span> <span class='ocrx_word' id='word_1_362' title='bbox 2385 2404 2437 2433; x_wconf 84' lang='lat' dir='ltr'><strong>ex</strong></span> 
     </span>
     <span class='ocr_line' id='line_1_35' title="bbox 182 2447 2436 2502; baseline 0.002 -16"><span class='ocrx_word' id='word_1_363' title='bbox 182 2449 273 2500; x_wconf 85' lang='lat' dir='ltr'><strong>ipso</strong></span> <span class='ocrx_word' id='word_1_364' title='bbox 304 2449 476 2499; x_wconf 89' lang='lat' dir='ltr'><strong>prandio</strong></span> <span class='ocrx_word' id='word_1_365' title='bbox 509 2449 808 2490; x_wconf 87' lang='lat' dir='ltr'><strong>discedendum</strong></span> <span class='ocrx_word' id='word_1_366' title='bbox 838 2453 946 2497; x_wconf 79' lang='lat' dir='ltr'><strong>erat3</strong></span> <span class='ocrx_word' id='word_1_367' title='bbox 986 2450 1138 2498; x_wconf 85' lang='lat' dir='ltr'><strong>gratias</strong></span> <span class='ocrx_word' id='word_1_368' title='bbox 1175 2459 1253 2497; x_wconf 88' lang='lat' dir='ltr'><strong>ago</strong></span> <span class='ocrx_word' id='word_1_369' title='bbox 1283 2448 1501 2490; x_wconf 78' lang='lat' dir='ltr'><strong>Turriano.</strong></span> <span class='ocrx_word' id='word_1_370' title='bbox 1550 2447 1646 2488; x_wconf 86' lang='lat' dir='ltr'><strong>Hoc</strong></span> <span class='ocrx_word' id='word_1_371' title='bbox 1677 2459 1787 2488; x_wconf 89' lang='lat' dir='ltr'><strong>anno</strong></span> <span class='ocrx_word' id='word_1_372' title='bbox 1818 2460 1901 2488; x_wconf 89' lang='lat' dir='ltr'><strong>non</strong></span> <span class='ocrx_word' id='word_1_373' title='bbox 1931 2449 2026 2499; x_wconf 87' lang='lat' dir='ltr'><strong>plus</strong></span> <span class='ocrx_word' id='word_1_374' title='bbox 2057 2460 2183 2502; x_wconf 90' lang='lat' dir='ltr'><strong>quam</strong></span> <span class='ocrx_word' id='word_1_375' title='bbox 2218 2452 2298 2491; x_wconf 87' lang='grc'><strong>625</strong></span> <span class='ocrx_word' id='word_1_376' title='bbox 2332 2451 2436 2491; x_wconf 89' lang='lat' dir='ltr'><strong>mill.</strong></span> 
     </span>
     <span class='ocr_line' id='line_1_36' title="bbox 186 2506 2435 2560; baseline 0.001 -14"><span class='ocrx_word' id='word_1_377' title='bbox 186 2506 321 2546; x_wconf 89' lang='lat' dir='ltr'><strong>Germ.</strong></span> <span class='ocrx_word' id='word_1_378' title='bbox 354 2506 530 2560; x_wconf 86' lang='lat' dir='ltr'><strong>confeci,</strong></span> <span class='ocrx_word' id='word_1_379' title='bbox 573 2507 645 2547; x_wconf 90' lang='lat' dir='ltr'><strong>sed</strong></span> <span class='ocrx_word' id='word_1_380' title='bbox 674 2507 840 2546; x_wconf 89' lang='lat' dir='ltr'><strong>tandem</strong></span> <span class='ocrx_word' id='word_1_381' title='bbox 870 2511 967 2558; x_wconf 90' lang='lat' dir='ltr'><strong>post</strong></span> <span class='ocrx_word' id='word_1_382' title='bbox 996 2518 1153 2547; x_wconf 80' lang='lat' dir='ltr'><strong>remum</strong></span> <span class='ocrx_word' id='word_1_383' title='bbox 1184 2508 1302 2559; x_wconf 90' lang='lat' dir='ltr'><strong>quies</strong></span> <span class='ocrx_word' id='word_1_384' title='bbox 1334 2507 1433 2558; x_wconf 89' lang='lat' dir='ltr'><strong>erit,</strong></span> <span class='ocrx_word' id='word_1_385' title='bbox 1473 2507 1572 2546; x_wconf 90' lang='lat' dir='ltr'><strong>licet</strong></span> <span class='ocrx_word' id='word_1_386' title='bbox 1601 2507 1671 2546; x_wconf 87' lang='lat' dir='ltr'><strong>vix</strong></span> <span class='ocrx_word' id='word_1_387' title='bbox 1700 2507 1813 2546; x_wconf 88' lang='lat' dir='ltr'><strong>intra</strong></span> <span class='ocrx_word' id='word_1_388' title='bbox 1844 2507 2072 2546; x_wconf 89' lang='lat' dir='ltr'><strong>biennium.</strong></span> <span class='ocrx_word' id='word_1_389' title='bbox 2138 2508 2292 2548; x_wconf 81' lang='lat' dir='ltr'><strong>Milites</strong></span> <span class='ocrx_word' id='word_1_390' title='bbox 2326 2510 2435 2549; x_wconf 91' lang='lat' dir='ltr'><strong>enim</strong></span> 
     </span>
     <span class='ocr_line' id='line_1_37' title="bbox 186 2565 2432 2617; baseline 0.001 -13"><span class='ocrx_word' id='word_1_391' title='bbox 186 2566 325 2605; x_wconf 89' lang='lat' dir='ltr'><strong>vocati</strong></span> <span class='ocrx_word' id='word_1_392' title='bbox 354 2569 451 2605; x_wconf 89' lang='lat' dir='ltr'><strong>sunt</strong></span> <span class='ocrx_word' id='word_1_393' title='bbox 489 2565 543 2605; x_wconf 91' lang='lat' dir='ltr'><strong>ad</strong></span> <span class='ocrx_word' id='word_1_394' title='bbox 574 2577 746 2606; x_wconf 89' lang='lat' dir='ltr'><strong>coenam</strong></span> <span class='ocrx_word' id='word_1_395' title='bbox 786 2578 1002 2617; x_wconf 86' lang='lat' dir='ltr'><strong>magnam,</strong></span> <span class='ocrx_word' id='word_1_396' title='bbox 1050 2577 1191 2605; x_wconf 89' lang='lat' dir='ltr'><strong>vereor</strong></span> <span class='ocrx_word' id='word_1_397' title='bbox 1237 2565 1348 2616; x_wconf 91' lang='lat' dir='ltr'><strong>quod</strong></span> <span class='ocrx_word' id='word_1_398' title='bbox 1384 2577 1466 2605; x_wconf 86' lang='lat' dir='ltr'><strong>non</strong></span> <span class='ocrx_word' id='word_1_399' title='bbox 1509 2565 1722 2606; x_wconf 86' lang='lat' dir='ltr'><strong>discedent</strong></span> <span class='ocrx_word' id='word_1_400' title='bbox 1762 2569 1859 2605; x_wconf 90' lang='lat' dir='ltr'><strong>ante</strong></span> <span class='ocrx_word' id='word_1_401' title='bbox 1898 2567 2043 2617; x_wconf 88' lang='lat' dir='ltr'><strong>epulas</strong></span> <span class='ocrx_word' id='word_1_402' title='bbox 2089 2571 2129 2605; x_wconf 89' lang='lat' dir='ltr'><strong>et</strong></span> <span class='ocrx_word' id='word_1_403' title='bbox 2167 2566 2298 2607; x_wconf 90' lang='lat' dir='ltr'><strong>donec</strong></span> <span class='ocrx_word' id='word_1_404' title='bbox 2341 2568 2432 2607; x_wconf 88' lang='lat' dir='ltr'><strong>ine-</strong></span> 
     </span>
     <span class='ocr_line' id='line_1_38' title="bbox 182 2624 506 2664; baseline 0 -1"><span class='ocrx_word' id='word_1_405' title='bbox 182 2624 311 2663; x_wconf 86' lang='lat' dir='ltr'><strong>briati</strong></span> <span class='ocrx_word' id='word_1_406' title='bbox 341 2625 506 2664; x_wconf 82' lang='lat' dir='ltr'><strong>fuerint.</strong></span> 
     </span>
    </p>

    <p class='ocr_par' dir='ltr' id='par_1_9' title="bbox 181 2681 2436 2851">
     <span class='ocr_line' id='line_1_39' title="bbox 326 2681 2435 2734; baseline 0.001 -12"><span class='ocrx_word' id='word_1_407' title='bbox 326 2682 442 2722; x_wconf 90' lang='lat' dir='ltr'><strong>Hinc</strong></span> <span class='ocrx_word' id='word_1_408' title='bbox 471 2683 623 2722; x_wconf 86' lang='lat' dir='ltr'><strong>transit</strong></span> <span class='ocrx_word' id='word_1_409' title='bbox 652 2683 804 2722; x_wconf 87' lang='lat' dir='ltr'><strong>Remus</strong></span> <span class='ocrx_word' id='word_1_410' title='bbox 835 2683 888 2722; x_wconf 86' lang='lat' dir='ltr'><strong>ad</strong></span> <span class='ocrx_word' id='word_1_411' title='bbox 920 2683 1229 2722; x_wconf 88' lang='lat' dir='ltr'><strong>observationes</strong></span> <span class='ocrx_word' id='word_1_412' title='bbox 1250 2685 1435 2722; x_wconf 88' lang='lat' dir='ltr'><strong>cometae</strong></span> <span class='ocrx_word' id='word_1_413' title='bbox 1466 2683 1563 2721; x_wconf 89' lang='lat' dir='ltr'><strong>anni</strong></span> <span class='ocrx_word' id='word_1_414' title='bbox 1589 2683 1712 2732; x_wconf 86' lang='lat'><strong>1619,</strong></span> <span class='ocrx_word' id='word_1_415' title='bbox 1742 2682 1798 2721; x_wconf 91' lang='lat' dir='ltr'><strong>ad</strong></span> <span class='ocrx_word' id='word_1_416' title='bbox 1827 2681 1958 2722; x_wconf 90' lang='lat' dir='ltr'><strong>libros</strong></span> <span class='ocrx_word' id='word_1_417' title='bbox 1979 2683 2150 2734; x_wconf 87' lang='lat' dir='ltr'><strong>Kepleri</strong></span> <span class='ocrx_word' id='word_1_418' title='bbox 2181 2683 2232 2723; x_wconf 89' lang='lat' dir='ltr'><strong>de</strong></span> <span class='ocrx_word' id='word_1_419' title='bbox 2252 2682 2435 2724; x_wconf 84' lang='lat' dir='ltr'><strong>Cometis</strong></span> 
     </span>
     <span class='ocr_line' id='line_1_40' title="bbox 181 2739 2436 2795; baseline 0.001 -15"><span class='ocrx_word' id='word_1_420' title='bbox 181 2742 435 2794; x_wconf 81' lang='lat' dir='ltr'><strong>referendas,</strong></span> <span class='ocrx_word' id='word_1_421' title='bbox 478 2742 595 2780; x_wconf 83' lang='lat' dir='ltr'><strong>affert</strong></span> <span class='ocrx_word' id='word_1_422' title='bbox 626 2741 831 2794; x_wconf 90' lang='lat' dir='ltr'><strong>quaedam</strong></span> <span class='ocrx_word' id='word_1_423' title='bbox 862 2741 912 2781; x_wconf 93' lang='lat' dir='ltr'><strong>de</strong></span> <span class='ocrx_word' id='word_1_424' title='bbox 942 2741 1164 2781; x_wconf 88' lang='lat' dir='ltr'><strong>halonibus</strong></span> <span class='ocrx_word' id='word_1_425' title='bbox 1196 2744 1237 2780; x_wconf 90' lang='lat' dir='ltr'><strong>et</strong></span> <span class='ocrx_word' id='word_1_426' title='bbox 1265 2741 1464 2795; x_wconf 89' lang='lat' dir='ltr'><strong>iridibus,</strong></span> <span class='ocrx_word' id='word_1_427' title='bbox 1506 2752 1615 2793; x_wconf 89' lang='lat' dir='ltr'><strong>quae</strong></span> <span class='ocrx_word' id='word_1_428' title='bbox 1646 2739 1728 2783; x_wconf 87' lang='lat' dir='ltr'><strong>vol.</strong></span> <span class='ocrx_word' id='word_1_429' title='bbox 1759 2741 1810 2780; x_wconf 90' lang='grc' dir='ltr'><strong>ΙΙ.</strong></span> <span class='ocrx_word' id='word_1_430' title='bbox 1842 2752 1883 2792; x_wconf 91' lang='lat' dir='ltr'><strong>p.</strong></span> <span class='ocrx_word' id='word_1_431' title='bbox 1918 2743 2001 2781; x_wconf 82' lang='lat'><strong>574</strong></span> <span class='ocrx_word' id='word_1_432' title='bbox 2033 2743 2341 2794; x_wconf 87' lang='lat' dir='ltr'><strong>praemisimus,</strong></span> <span class='ocrx_word' id='word_1_433' title='bbox 2394 2747 2436 2783; x_wconf 89' lang='lat' dir='ltr'><strong>et</strong></span> 
     </span>
     <span class='ocr_line' id='line_1_41' title="bbox 183 2797 736 2851; baseline 0.004 -13"><span class='ocrx_word' id='word_1_434' title='bbox 183 2800 247 2838; x_wconf 86' lang='lat' dir='ltr'><strong>his</strong></span> <span class='ocrx_word' id='word_1_435' title='bbox 277 2800 428 2838; x_wconf 86' lang='lat' dir='ltr'><strong>transit</strong></span> <span class='ocrx_word' id='word_1_436' title='bbox 458 2799 511 2839; x_wconf 93' lang='lat' dir='ltr'><strong>ad</strong></span> <span class='ocrx_word' id='word_1_437' title='bbox 541 2797 736 2851; x_wconf 89' lang='lat' dir='ltr'><strong>eclipses:</strong></span> 
     </span>
    </p>
   </div>
   <div class='ocr_carea' id='block_1_8' title="bbox 182 2871 2435 3568">
    <p class='ocr_par' dir='ltr' id='par_1_10' title="bbox 182 2871 2435 3568">
     <span class='ocr_line' id='line_1_42' title="bbox 328 2871 2434 2927; baseline 0 -16"><span class='ocrx_word' id='word_1_438' title='bbox 328 2871 452 2922; x_wconf 84' lang='lat' dir='ltr'><strong>Quod</strong></span> <span class='ocrx_word' id='word_1_439' title='bbox 482 2873 656 2924; x_wconf 90' lang='lat' dir='ltr'><strong>eclipsin</strong></span> <span class='ocrx_word' id='word_1_440' title='bbox 685 2871 850 2927; x_wconf 88' lang='lat' dir='ltr'><strong>attinet,</strong></span> <span class='ocrx_word' id='word_1_441' title='bbox 881 2872 1026 2924; x_wconf 88' lang='lat' dir='ltr'><strong>procul</strong></span> <span class='ocrx_word' id='word_1_442' title='bbox 1056 2872 1185 2912; x_wconf 90' lang='lat' dir='ltr'><strong>dubio</strong></span> <span class='ocrx_word' id='word_1_443' title='bbox 1217 2875 1407 2912; x_wconf 84' lang='lat' dir='ltr'><strong>exactam</strong></span> <span class='ocrx_word' id='word_1_444' title='bbox 1435 2872 1681 2912; x_wconf 87' lang='lat' dir='ltr'><strong>habebimus</strong></span> <span class='ocrx_word' id='word_1_445' title='bbox 1702 2872 1930 2911; x_wconf 85' lang='lat' dir='ltr'><strong>Romanam</strong></span> <span class='ocrx_word' id='word_1_446' title='bbox 1961 2871 2303 2926; x_wconf 90' lang='lat' dir='ltr'><strong>observationem,</strong></span> <span class='ocrx_word' id='word_1_447' title='bbox 2335 2883 2434 2912; x_wconf 83' lang='lat' dir='ltr'><strong>narn</strong></span> 
     </span>
     <span class='ocr_line' id='line_1_43' title="bbox 185 2929 2433 2982; baseline 0 -13"><span class='ocrx_word' id='word_1_448' title='bbox 185 2934 338 2970; x_wconf 86' lang='lat' dir='ltr'><strong>aestate</strong></span> <span class='ocrx_word' id='word_1_449' title='bbox 367 2931 523 2970; x_wconf 89' lang='lat' dir='ltr'><strong>Romae</strong></span> <span class='ocrx_word' id='word_1_450' title='bbox 551 2931 636 2970; x_wconf 82' lang='lat' dir='ltr'><strong>fere</strong></span> <span class='ocrx_word' id='word_1_451' title='bbox 667 2943 826 2982; x_wconf 88' lang='lat' dir='ltr'><strong>semper</strong></span> <span class='ocrx_word' id='word_1_452' title='bbox 858 2931 1018 2971; x_wconf 87' lang='lat' dir='ltr'><strong>coelum</strong></span> <span class='ocrx_word' id='word_1_453' title='bbox 1056 2942 1259 2973; x_wconf 88' lang='lat' dir='ltr'><strong>serenum.</strong></span> <span class='ocrx_word' id='word_1_454' title='bbox 1322 2930 1642 2979; x_wconf 86' lang='lat' dir='ltr'><strong>Grienbergerus</strong></span> <span class='ocrx_word' id='word_1_455' title='bbox 1677 2929 1823 2982; x_wconf 89' lang='lat' dir='ltr'><strong>procul</strong></span> <span class='ocrx_word' id='word_1_456' title='bbox 1863 2929 1990 2968; x_wconf 89' lang='lat' dir='ltr'><strong>dubio</strong></span> <span class='ocrx_word' id='word_1_457' title='bbox 2032 2931 2282 2971; x_wconf 82' lang='lat' dir='ltr'><strong>observavit.</strong></span> <span class='ocrx_word' id='word_1_458' title='bbox 2346 2931 2433 2970; x_wconf 91' lang='lat' dir='ltr'><strong>Imo</strong></span> 
     </span>
     <span class='ocr_line' id='line_1_44' title="bbox 182 2987 2433 3039; baseline 0 -11"><span class='ocrx_word' id='word_1_459' title='bbox 182 2993 223 3028; x_wconf 87' lang='lat' dir='ltr'><strong>te</strong></span> <span class='ocrx_word' id='word_1_460' title='bbox 253 3000 337 3028; x_wconf 89' lang='lat' dir='ltr'><strong>non</strong></span> <span class='ocrx_word' id='word_1_461' title='bbox 370 2990 507 3039; x_wconf 87' lang='lat' dir='ltr'><strong>capio:</strong></span> <span class='ocrx_word' id='word_1_462' title='bbox 553 2990 619 3029; x_wconf 92' lang='lat' dir='ltr'><strong>die</strong></span> <span class='ocrx_word' id='word_1_463' title='bbox 661 2991 730 3032; x_wconf 86' lang='grc'><strong>26.</strong></span> <span class='ocrx_word' id='word_1_464' title='bbox 760 2991 878 3030; x_wconf 88' lang='lat' dir='ltr'><strong>Junii</strong></span> <span class='ocrx_word' id='word_1_465' title='bbox 914 2990 960 3028; x_wconf 91' lang='lat' dir='ltr'><strong>in</strong></span> <span class='ocrx_word' id='word_1_466' title='bbox 987 2990 1131 3028; x_wconf 89' lang='lat' dir='ltr'><strong>Lunae</strong></span> <span class='ocrx_word' id='word_1_467' title='bbox 1170 3001 1264 3029; x_wconf 90' lang='lat' dir='ltr'><strong>cum</strong></span> <span class='ocrx_word' id='word_1_468' title='bbox 1287 2987 1390 3030; x_wconf 83' lang='lat' dir='ltr'><strong>Sole</strong></span> <span class='ocrx_word' id='word_1_469' title='bbox 1425 2990 1748 3038; x_wconf 80' lang='lat' dir='ltr'><strong>configuratione</strong></span> <span class='ocrx_word' id='word_1_470' title='bbox 1777 2988 1899 3038; x_wconf 90' lang='lat' dir='ltr'><strong>ponis</strong></span> <span class='ocrx_word' id='word_1_471' title='bbox 1930 2990 2037 3038; x_wconf 89' lang='lat' dir='ltr'><strong>conj.</strong></span> <span class='ocrx_word' id='word_1_472' title='bbox 2068 2989 2179 3028; x_wconf 90' lang='lat' dir='ltr'><strong>Solis</strong></span> <span class='ocrx_word' id='word_1_473' title='bbox 2210 2994 2251 3028; x_wconf 91' lang='lat' dir='ltr'><strong>et</strong></span> <span class='ocrx_word' id='word_1_474' title='bbox 2281 2990 2433 3038; x_wconf 88' lang='lat' dir='ltr'><strong>Lunae,</strong></span> 
     </span>
     <span class='ocr_line' id='line_1_45' title="bbox 183 3043 2435 3102; baseline 0.001 -16"><span class='ocrx_word' id='word_1_475' title='bbox 183 3048 224 3086; x_wconf 91' lang='lat' dir='ltr'><strong>h.</strong></span> <span class='ocrx_word' id='word_1_476' title='bbox 249 3048 318 3088; x_wconf 83' lang='lat'><strong>12.</strong></span> <span class='ocrx_word' id='word_1_477' title='bbox 350 3048 433 3096; x_wconf 85' lang='lat'><strong>27¹,</strong></span> <span class='ocrx_word' id='word_1_478' title='bbox 466 3047 636 3087; x_wconf 89' lang='lat' dir='ltr'><strong>eandem</strong></span> <span class='ocrx_word' id='word_1_479' title='bbox 667 3055 707 3087; x_wconf 88' lang='lat' dir='ltr'><strong>et</strong></span> <span class='ocrx_word' id='word_1_480' title='bbox 736 3061 810 3098; x_wconf 89' lang='lat' dir='ltr'><strong>ego</strong></span> <span class='ocrx_word' id='word_1_481' title='bbox 843 3050 882 3088; x_wconf 87' lang='lat' dir='ltr'><strong>h.</strong></span> <span class='ocrx_word' id='word_1_482' title='bbox 906 3049 972 3087; x_wconf 89' lang='grc'><strong>12.</strong></span> <span class='ocrx_word' id='word_1_483' title='bbox 995 3043 1125 3102; x_wconf 77' lang='lat' dir='ltr'><em>28¹s2¹</em></span> <span class='ocrx_word' id='word_1_484' title='bbox 1159 3060 1210 3088; x_wconf 88' lang='lat' dir='ltr'><strong>ex</strong></span> <span class='ocrx_word' id='word_1_485' title='bbox 1240 3048 1457 3100; x_wconf 86' lang='lat' dir='ltr'><strong>Tychone;</strong></span> <span class='ocrx_word' id='word_1_486' title='bbox 1490 3051 1612 3097; x_wconf 91' lang='lat' dir='ltr'><strong>atque</strong></span> <span class='ocrx_word' id='word_1_487' title='bbox 1641 3048 1687 3088; x_wconf 93' lang='lat' dir='ltr'><strong>in</strong></span> <span class='ocrx_word' id='word_1_488' title='bbox 1715 3047 1922 3099; x_wconf 86' lang='lat' dir='ltr'><strong>principio</strong></span> <span class='ocrx_word' id='word_1_489' title='bbox 1955 3050 1996 3085; x_wconf 87' lang='lat' dir='ltr'><strong>et</strong></span> <span class='ocrx_word' id='word_1_490' title='bbox 2026 3047 2186 3087; x_wconf 89' lang='lat' dir='ltr'><strong>calculo</strong></span> <span class='ocrx_word' id='word_1_491' title='bbox 2219 3046 2435 3099; x_wconf 88' lang='lat' dir='ltr'><strong>eclipsium</strong></span> 
     </span>
     <span class='ocr_line' id='line_1_46' title="bbox 183 3103 2432 3160; baseline 0.001 -16"><span class='ocrx_word' id='word_1_492' title='bbox 183 3106 328 3145; x_wconf 87' lang='lat' dir='ltr'><strong>Lunae</strong></span> <span class='ocrx_word' id='word_1_493' title='bbox 357 3106 480 3155; x_wconf 89' lang='lat' dir='ltr'><strong>ponis</strong></span> <span class='ocrx_word' id='word_1_494' title='bbox 511 3107 550 3145; x_wconf 92' lang='lat' dir='ltr'><strong>h.</strong></span> <span class='ocrx_word' id='word_1_495' title='bbox 585 3108 652 3149; x_wconf 84' lang='lat'><strong>12.</strong></span> <span class='ocrx_word' id='word_1_496' title='bbox 686 3108 755 3146; x_wconf 80' lang='lat'><strong>38‘</strong></span> <span class='ocrx_word' id='word_1_497' title='bbox 786 3108 853 3148; x_wconf 86' lang='lat' dir='ltr'><strong>vel</strong></span> <span class='ocrx_word' id='word_1_498' title='bbox 884 3107 954 3146; x_wconf 83' lang='lat'><strong>36‘</strong></span> <span class='ocrx_word' id='word_1_499' title='bbox 984 3110 1157 3160; x_wconf 90' lang='lat' dir='ltr'><strong>aequate</strong></span> <span class='ocrx_word' id='word_1_500' title='bbox 1187 3106 1454 3155; x_wconf 87' lang='lat' dir='ltr'><strong>Uraniburgi.</strong></span> <span class='ocrx_word' id='word_1_501' title='bbox 1514 3106 1601 3156; x_wconf 86' lang='lat' dir='ltr'><strong>Ego</strong></span> <span class='ocrx_word' id='word_1_502' title='bbox 1632 3110 1758 3157; x_wconf 88' lang='lat' dir='ltr'><strong>puto,</strong></span> <span class='ocrx_word' id='word_1_503' title='bbox 1803 3105 1940 3144; x_wconf 87' lang='lat' dir='ltr'><strong>Lincii</strong></span> <span class='ocrx_word' id='word_1_504' title='bbox 1971 3117 2059 3145; x_wconf 90' lang='lat' dir='ltr'><strong>esse</strong></span> <span class='ocrx_word' id='word_1_505' title='bbox 2085 3103 2319 3160; x_wconf 83' lang='lat' dir='ltr'><strong>legendum,</strong></span> <span class='ocrx_word' id='word_1_506' title='bbox 2368 3118 2432 3146; x_wconf 90' lang='lat' dir='ltr'><strong>se-</strong></span> 
     </span>
     <span class='ocr_line' id='line_1_47' title="bbox 184 3163 2431 3216; baseline 0.001 -14"><span class='ocrx_word' id='word_1_507' title='bbox 184 3163 364 3203; x_wconf 90' lang='lat' dir='ltr'><strong>cundum</strong></span> <span class='ocrx_word' id='word_1_508' title='bbox 395 3175 531 3202; x_wconf 90' lang='lat' dir='ltr'><strong>meum</strong></span> <span class='ocrx_word' id='word_1_509' title='bbox 563 3163 769 3204; x_wconf 89' lang='lat' dir='ltr'><strong>calculum</strong></span> <span class='ocrx_word' id='word_1_510' title='bbox 801 3167 896 3205; x_wconf 87' lang='lat' dir='ltr'><strong>finis</strong></span> <span class='ocrx_word' id='word_1_511' title='bbox 926 3165 1065 3205; x_wconf 88' lang='lat' dir='ltr'><strong>Lincii</strong></span> <span class='ocrx_word' id='word_1_512' title='bbox 1096 3164 1273 3204; x_wconf 88' lang='lat' dir='ltr'><strong>debebat</strong></span> <span class='ocrx_word' id='word_1_513' title='bbox 1302 3176 1390 3204; x_wconf 86' lang='lat' dir='ltr'><strong>esse</strong></span> <span class='ocrx_word' id='word_1_514' title='bbox 1418 3164 1459 3204; x_wconf 90' lang='lat' dir='ltr'><strong>h.</strong></span> <span class='ocrx_word' id='word_1_515' title='bbox 1498 3165 1562 3204; x_wconf 90' lang='grc'><strong>12.</strong></span> <span class='ocrx_word' id='word_1_516' title='bbox 1593 3166 1683 3215; x_wconf 83' lang='lat'><strong>59‘,</strong></span> <span class='ocrx_word' id='word_1_517' title='bbox 1728 3168 1891 3215; x_wconf 89' lang='lat' dir='ltr'><strong>tempus</strong></span> <span class='ocrx_word' id='word_1_518' title='bbox 1930 3164 2168 3204; x_wconf 86' lang='lat' dir='ltr'><strong>emersionis</strong></span> <span class='ocrx_word' id='word_1_519' title='bbox 2200 3165 2240 3204; x_wconf 88' lang='lat' dir='ltr'><strong>h.</strong></span> <span class='ocrx_word' id='word_1_520' title='bbox 2272 3167 2313 3206; x_wconf 92' lang='lat'><strong>0.</strong></span> <span class='ocrx_word' id='word_1_521' title='bbox 2346 3166 2431 3216; x_wconf 79' lang='lat'><strong>23‘,</strong></span> 
     </span>
     <span class='ocr_line' id='line_1_48' title="bbox 183 3221 2433 3276; baseline 0 -15"><span class='ocrx_word' id='word_1_522' title='bbox 183 3221 439 3261; x_wconf 87' lang='lat' dir='ltr'><strong>incidentiae</strong></span> <span class='ocrx_word' id='word_1_523' title='bbox 469 3222 509 3260; x_wconf 91' lang='grc'><strong>11.</strong></span> <span class='ocrx_word' id='word_1_524' title='bbox 533 3225 573 3262; x_wconf 90' lang='lat' dir='ltr'><strong>O.</strong></span> <span class='ocrx_word' id='word_1_525' title='bbox 596 3224 666 3261; x_wconf 83' lang='lat'><strong>38¹</strong></span> <span class='ocrx_word' id='word_1_526' title='bbox 697 3227 785 3272; x_wconf 89' lang='lat' dir='ltr'><strong>(ego</strong></span> <span class='ocrx_word' id='word_1_527' title='bbox 817 3225 957 3276; x_wconf 91' lang='lat' dir='ltr'><strong>miror,</strong></span> <span class='ocrx_word' id='word_1_528' title='bbox 991 3223 1103 3275; x_wconf 91' lang='lat' dir='ltr'><strong>quod</strong></span> <span class='ocrx_word' id='word_1_529' title='bbox 1132 3235 1293 3275; x_wconf 87' lang='lat' dir='ltr'><strong>semper</strong></span> <span class='ocrx_word' id='word_1_530' title='bbox 1321 3233 1454 3274; x_wconf 83' lang='lat' dir='ltr'><strong>penas</strong></span> <span class='ocrx_word' id='word_1_531' title='bbox 1484 3223 1587 3263; x_wconf 88' lang='lat' dir='ltr'><strong>baec</strong></span> <span class='ocrx_word' id='word_1_532' title='bbox 1609 3223 1691 3262; x_wconf 85' lang='lat' dir='ltr'><strong>duo</strong></span> <span class='ocrx_word' id='word_1_533' title='bbox 1711 3227 1900 3274; x_wconf 91' lang='lat' dir='ltr'><strong>tempora</strong></span> <span class='ocrx_word' id='word_1_534' title='bbox 1929 3222 2136 3274; x_wconf 83' lang='lat' dir='ltr'><strong>aequalia)</strong></span> <span class='ocrx_word' id='word_1_535' title='bbox 2167 3226 2208 3261; x_wconf 84' lang='lat' dir='ltr'><strong>et</strong></span> <span class='ocrx_word' id='word_1_536' title='bbox 2237 3223 2433 3274; x_wconf 87' lang='lat' dir='ltr'><strong>scrupula</strong></span> 
     </span>
     <span class='ocr_line' id='line_1_49' title="bbox 185 3277 2430 3335; baseline 0.001 -17"><span class='ocrx_word' id='word_1_537' title='bbox 185 3280 422 3319; x_wconf 85' lang='lat' dir='ltr'><strong>deficientia</strong></span> <span class='ocrx_word' id='word_1_538' title='bbox 453 3277 528 3333; x_wconf 67' lang='lat' dir='ltr'><strong>lleo</strong></span> <span class='ocrx_word' id='word_1_539' title='bbox 561 3280 754 3320; x_wconf 85' lang='lat' dir='ltr'><strong>diametri</strong></span> <span class='ocrx_word' id='word_1_540' title='bbox 784 3279 864 3333; x_wconf 88' lang='lat' dir='ltr'><strong>(vel</strong></span> <span class='ocrx_word' id='word_1_541' title='bbox 892 3279 978 3335; x_wconf 58' lang='lat'><strong>7¹3,</strong></span> <span class='ocrx_word' id='word_1_542' title='bbox 1011 3283 1048 3321; x_wconf 91' lang='lat' dir='ltr'><strong>si</strong></span> <span class='ocrx_word' id='word_1_543' title='bbox 1078 3283 1183 3322; x_wconf 78' lang='lat' dir='ltr'><strong>bene</strong></span> <span class='ocrx_word' id='word_1_544' title='bbox 1213 3281 1431 3334; x_wconf 90' lang='lat' dir='ltr'><strong>recordor),</strong></span> <span class='ocrx_word' id='word_1_545' title='bbox 1466 3278 1551 3334; x_wconf 80' lang='lat' dir='ltr'><strong>1¹l2</strong></span> <span class='ocrx_word' id='word_1_546' title='bbox 1570 3283 1696 3333; x_wconf 89' lang='lat' dir='ltr'><strong>paulo</strong></span> <span class='ocrx_word' id='word_1_547' title='bbox 1726 3279 1820 3332; x_wconf 89' lang='lat' dir='ltr'><strong>plus</strong></span> <span class='ocrx_word' id='word_1_548' title='bbox 1852 3281 2024 3319; x_wconf 87' lang='lat' dir='ltr'><strong>circiter.</strong></span> <span class='ocrx_word' id='word_1_549' title='bbox 2076 3280 2174 3320; x_wconf 87' lang='lat' dir='ltr'><strong>Jam</strong></span> <span class='ocrx_word' id='word_1_550' title='bbox 2209 3285 2256 3321; x_wconf 90' lang='lat' dir='ltr'><strong>tu</strong></span> <span class='ocrx_word' id='word_1_551' title='bbox 2286 3283 2430 3322; x_wconf 87' lang='lat' dir='ltr'><strong>obser-</strong></span> 
     </span>
     <span class='ocr_line' id='line_1_50' title="bbox 183 3337 2431 3393; baseline 0 -15"><span class='ocrx_word' id='word_1_552' title='bbox 183 3339 290 3379; x_wconf 83' lang='lat' dir='ltr'><strong>vasti</strong></span> <span class='ocrx_word' id='word_1_553' title='bbox 323 3339 389 3377; x_wconf 84' lang='lat'><strong>14‘</strong></span> <span class='ocrx_word' id='word_1_554' title='bbox 420 3341 518 3378; x_wconf 88' lang='lat' dir='ltr'><strong>ante</strong></span> <span class='ocrx_word' id='word_1_555' title='bbox 545 3341 682 3393; x_wconf 85' lang='lat' dir='ltr'><strong>finem,</strong></span> <span class='ocrx_word' id='word_1_556' title='bbox 715 3351 809 3387; x_wconf 86' lang='lat' dir='ltr'><strong>ergo</strong></span> <span class='ocrx_word' id='word_1_557' title='bbox 841 3341 877 3379; x_wconf 89' lang='lat' dir='ltr'><strong>si</strong></span> <span class='ocrx_word' id='word_1_558' title='bbox 906 3340 979 3378; x_wconf 82' lang='lat'><strong>23¹</strong></span> <span class='ocrx_word' id='word_1_559' title='bbox 1008 3341 1132 3380; x_wconf 86' lang='lat' dir='ltr'><strong>horae</strong></span> <span class='ocrx_word' id='word_1_560' title='bbox 1162 3340 1264 3380; x_wconf 85' lang='lat' dir='ltr'><strong>dant</strong></span> <span class='ocrx_word' id='word_1_561' title='bbox 1293 3339 1391 3393; x_wconf 80' lang='lat'><strong>90⁴¹,</strong></span> <span class='ocrx_word' id='word_1_562' title='bbox 1423 3340 1527 3393; x_wconf 89' lang='lat' dir='ltr'><strong>qnid</strong></span> <span class='ocrx_word' id='word_1_563' title='bbox 1559 3340 1657 3380; x_wconf 72' lang='lat'><strong>14³?</strong></span> <span class='ocrx_word' id='word_1_564' title='bbox 1686 3340 1859 3380; x_wconf 85' lang='lat' dir='ltr'><strong>habebis</strong></span> <span class='ocrx_word' id='word_1_565' title='bbox 1890 3339 1972 3378; x_wconf 72' lang='lat'><strong>55⁰</strong></span> <span class='ocrx_word' id='word_1_566' title='bbox 2003 3337 2070 3377; x_wconf 85' lang='lat' dir='ltr'><strong>vel</strong></span> <span class='ocrx_word' id='word_1_567' title='bbox 2102 3340 2140 3378; x_wconf 84' lang='lat'><strong>1¹</strong></span> <span class='ocrx_word' id='word_1_568' title='bbox 2170 3341 2357 3389; x_wconf 86' lang='lat' dir='ltr'><strong>proxime</strong></span> <span class='ocrx_word' id='word_1_569' title='bbox 2385 3341 2431 3379; x_wconf 94' lang='lat' dir='ltr'><strong>in</strong></span> 
     </span>
     <span class='ocr_line' id='line_1_51' title="bbox 185 3396 2429 3450; baseline 0.001 -14"><span class='ocrx_word' id='word_1_570' title='bbox 185 3397 350 3438; x_wconf 82' lang='lat' dir='ltr'><strong>defectu</strong></span> <span class='ocrx_word' id='word_1_571' title='bbox 379 3397 479 3436; x_wconf 89' lang='lat' dir='ltr'><strong>hora</strong></span> <span class='ocrx_word' id='word_1_572' title='bbox 510 3398 811 3437; x_wconf 87' lang='lat' dir='ltr'><strong>observationis</strong></span> <span class='ocrx_word' id='word_1_573' title='bbox 845 3399 910 3439; x_wconf 89' lang='grc'><strong>12.</strong></span> <span class='ocrx_word' id='word_1_574' title='bbox 944 3399 1035 3450; x_wconf 83' lang='grc'><strong>45’,</strong></span> <span class='ocrx_word' id='word_1_575' title='bbox 1066 3396 1190 3449; x_wconf 86' lang='lat' dir='ltr'><strong>plane</strong></span> <span class='ocrx_word' id='word_1_576' title='bbox 1220 3402 1344 3450; x_wconf 88' lang='lat' dir='ltr'><strong>prout</strong></span> <span class='ocrx_word' id='word_1_577' title='bbox 1374 3399 1624 3450; x_wconf 87' lang='lat' dir='ltr'><strong>observasti,</strong></span> <span class='ocrx_word' id='word_1_578' title='bbox 1654 3410 1730 3438; x_wconf 88' lang='lat' dir='ltr'><strong>nec</strong></span> <span class='ocrx_word' id='word_1_579' title='bbox 1762 3409 1865 3448; x_wconf 88' lang='lat' dir='ltr'><strong>opus</strong></span> <span class='ocrx_word' id='word_1_580' title='bbox 1886 3400 1979 3450; x_wconf 91' lang='lat' dir='ltr'><strong>·est,</strong></span> <span class='ocrx_word' id='word_1_581' title='bbox 2010 3400 2058 3436; x_wconf 87' lang='lat' dir='ltr'><strong>ut</strong></span> <span class='ocrx_word' id='word_1_582' title='bbox 2087 3409 2238 3447; x_wconf 86' lang='lat' dir='ltr'><strong>augeas</strong></span> <span class='ocrx_word' id='word_1_583' title='bbox 2270 3398 2429 3438; x_wconf 84' lang='lat' dir='ltr'><strong>diame-</strong></span> 
     </span>
     <span class='ocr_line' id='line_1_52' title="bbox 183 3455 2430 3508; baseline 0.002 -14"><span class='ocrx_word' id='word_1_584' title='bbox 183 3460 291 3494; x_wconf 90' lang='lat' dir='ltr'><strong>trum</strong></span> <span class='ocrx_word' id='word_1_585' title='bbox 311 3455 469 3495; x_wconf 82' lang='lat' dir='ltr'><strong>Lunae.</strong></span> <span class='ocrx_word' id='word_1_586' title='bbox 509 3456 641 3495; x_wconf 82' lang='lat' dir='ltr'><strong>Tuam</strong></span> <span class='ocrx_word' id='word_1_587' title='bbox 671 3455 932 3494; x_wconf 89' lang='lat' dir='ltr'><strong>latitudinem</strong></span> <span class='ocrx_word' id='word_1_588' title='bbox 955 3457 1096 3495; x_wconf 90' lang='lat' dir='ltr'><strong>Lunae</strong></span> <span class='ocrx_word' id='word_1_589' title='bbox 1123 3457 1170 3495; x_wconf 89' lang='lat' dir='ltr'><strong>in</strong></span> <span class='ocrx_word' id='word_1_590' title='bbox 1200 3458 1491 3507; x_wconf 77' lang='lat' dir='ltr'><strong>conjunctione</strong></span> <span class='ocrx_word' id='word_1_591' title='bbox 1522 3460 1562 3496; x_wconf 88' lang='lat' dir='ltr'><strong>et</strong></span> <span class='ocrx_word' id='word_1_592' title='bbox 1594 3457 1868 3508; x_wconf 89' lang='lat' dir='ltr'><strong>oppositione,</strong></span> <span class='ocrx_word' id='word_1_593' title='bbox 1901 3466 2024 3505; x_wconf 88' lang='lat' dir='ltr'><strong>quam</strong></span> <span class='ocrx_word' id='word_1_594' title='bbox 2053 3455 2173 3494; x_wconf 91' lang='lat' dir='ltr'><strong>credo</strong></span> <span class='ocrx_word' id='word_1_595' title='bbox 2204 3457 2430 3499; x_wconf 87' lang='lat' dir='ltr'><strong>maximam</strong></span> 
     </span>
     <span class='ocr_line' id='line_1_53' title="bbox 185 3512 2226 3568; baseline 0.001 -15"><span class='ocrx_word' id='word_1_596' title='bbox 185 3514 362 3553; x_wconf 88' lang='lat' dir='ltr'><strong>assumis</strong></span> <span class='ocrx_word' id='word_1_597' title='bbox 393 3512 446 3552; x_wconf 88' lang='lat'><strong>5⁰</strong></span> <span class='ocrx_word' id='word_1_598' title='bbox 478 3514 559 3568; x_wconf 87' lang='lat'><strong>18¹,</strong></span> <span class='ocrx_word' id='word_1_599' title='bbox 590 3525 677 3552; x_wconf 88' lang='lat' dir='ltr'><strong>non</strong></span> <span class='ocrx_word' id='word_1_600' title='bbox 706 3514 813 3554; x_wconf 90' lang='lat' dir='ltr'><strong>bene</strong></span> <span class='ocrx_word' id='word_1_601' title='bbox 845 3515 989 3564; x_wconf 84' lang='lat' dir='ltr'><strong>capi03</strong></span> <span class='ocrx_word' id='word_1_602' title='bbox 1018 3513 1103 3564; x_wconf 81' lang='lat' dir='ltr'><strong>legi</strong></span> <span class='ocrx_word' id='word_1_603' title='bbox 1133 3515 1302 3567; x_wconf 88' lang='lat' dir='ltr'><strong>quidem</strong></span> <span class='ocrx_word' id='word_1_604' title='bbox 1333 3517 1470 3555; x_wconf 87' lang='lat' dir='ltr'><strong>obiter</strong></span> <span class='ocrx_word' id='word_1_605' title='bbox 1497 3515 1790 3566; x_wconf 83' lang='lat' dir='ltr'><strong>prolegomena</strong></span> <span class='ocrx_word' id='word_1_606' title='bbox 1819 3514 1878 3566; x_wconf 90' lang='lat' dir='ltr'><strong>(in</strong></span> <span class='ocrx_word' id='word_1_607' title='bbox 1908 3513 2226 3564; x_wconf 88' lang='lat' dir='ltr'><strong>premerides).</strong></span> 
     </span>
    </p>
   </div>
   <div class='ocr_carea' id='block_1_9' title="bbox 184 3584 2428 3934">
    <p class='ocr_par' dir='ltr' id='par_1_11' title="bbox 184 3584 2428 3934">
     <span class='ocr_line' id='line_1_54' title="bbox 328 3584 2428 3641; baseline 0.001 -17"><span class='ocrx_word' id='word_1_608' title='bbox 328 3585 491 3634; x_wconf 87' lang='lat' dir='ltr'><strong>Quaeso</strong></span> <span class='ocrx_word' id='word_1_609' title='bbox 525 3586 738 3625; x_wconf 85' lang='lat' dir='ltr'><strong>examines</strong></span> <span class='ocrx_word' id='word_1_610' title='bbox 769 3586 943 3637; x_wconf 85' lang='lat' dir='ltr'><strong>eclipsin</strong></span> <span class='ocrx_word' id='word_1_611' title='bbox 966 3585 1076 3626; x_wconf 87' lang='lat' dir='ltr'><strong>Solis</strong></span> <span class='ocrx_word' id='word_1_612' title='bbox 1109 3588 1233 3627; x_wconf 90' lang='grc'><strong>1612.</strong></span> <span class='ocrx_word' id='word_1_613' title='bbox 1265 3600 1405 3629; x_wconf 90' lang='lat' dir='ltr'><strong>mense</strong></span> <span class='ocrx_word' id='word_1_614' title='bbox 1426 3587 1566 3641; x_wconf 83' lang='lat' dir='ltr'><strong>Maj03</strong></span> <span class='ocrx_word' id='word_1_615' title='bbox 1600 3599 1647 3627; x_wconf 86' lang='lat' dir='ltr'><strong>ea</strong></span> <span class='ocrx_word' id='word_1_616' title='bbox 1676 3598 1761 3627; x_wconf 91' lang='lat' dir='ltr'><strong>non</strong></span> <span class='ocrx_word' id='word_1_617' title='bbox 1791 3584 1937 3629; x_wconf 87' lang='lat' dir='ltr'><strong>saltem</strong></span> <span class='ocrx_word' id='word_1_618' title='bbox 1966 3586 2258 3626; x_wconf 85' lang='lat' dir='ltr'><strong>inveniebatur</strong></span> <span class='ocrx_word' id='word_1_619' title='bbox 2276 3586 2428 3627; x_wconf 85' lang='lat' dir='ltr'><strong>Romae</strong></span> 
     </span>
     <span class='ocr_line' id='line_1_55' title="bbox 185 3643 2427 3720; baseline 0.001 -37"><span class='ocrx_word' id='word_1_620' title='bbox 185 3644 379 3684; x_wconf 84' lang='lat' dir='ltr'><strong>excedere</strong></span> <span class='ocrx_word' id='word_1_621' title='bbox 409 3645 553 3691; x_wconf 84' lang='lat' dir='ltr'><strong>finem,</strong></span> <span class='ocrx_word' id='word_1_622' title='bbox 598 3655 740 3683; x_wconf 88' lang='lat' dir='ltr'><strong>verum</strong></span> <span class='ocrx_word' id='word_1_623' title='bbox 769 3645 896 3684; x_wconf 88' lang='lat' dir='ltr'><strong>etiam</strong></span> <span class='ocrx_word' id='word_1_624' title='bbox 923 3643 1048 3720; x_wconf 48' lang='lat' dir='ltr'><strong>longe</strong></span> <span class='ocrx_word' id='word_1_625' title='bbox 1079 3647 1311 3698; x_wconf 87' lang='lat' dir='ltr'><strong>anticipare</strong></span> <span class='ocrx_word' id='word_1_626' title='bbox 1348 3647 1604 3698; x_wconf 86' lang='lat' dir='ltr'><strong>principium</strong></span> <span class='ocrx_word' id='word_1_627' title='bbox 1641 3649 1682 3690; x_wconf 83' lang='lat' dir='ltr'><strong>et</strong></span> <span class='ocrx_word' id='word_1_628' title='bbox 1710 3644 2041 3693; x_wconf 83' lang='lat' dir='ltr'><strong>magnitudinem</strong></span> <span class='ocrx_word' id='word_1_629' title='bbox 2077 3655 2256 3696; x_wconf 88' lang='lat' dir='ltr'><strong>aequare</strong></span> <span class='ocrx_word' id='word_1_630' title='bbox 2286 3649 2310 3685; x_wconf 73' lang='lat'><strong>5</strong></span> <span class='ocrx_word' id='word_1_631' title='bbox 2343 3646 2427 3686; x_wconf 83' lang='lat' dir='ltr'><strong>fere</strong></span> 
     </span>
     <span class='ocr_line' id='line_1_56' title="bbox 185 3697 2425 3756; baseline 0.002 -15"><span class='ocrx_word' id='word_1_632' title='bbox 185 3703 359 3754; x_wconf 82' lang='lat' dir='ltr'><strong>digitos3</strong></span> <span class='ocrx_word' id='word_1_633' title='bbox 401 3703 555 3742; x_wconf 83' lang='lat' dir='ltr'><strong>fuerint</strong></span> <span class='ocrx_word' id='word_1_634' title='bbox 585 3697 686 3756; x_wconf 69' lang='lat' dir='ltr'><strong>4³l4.</strong></span> <span class='ocrx_word' id='word_1_635' title='bbox 747 3702 863 3742; x_wconf 85' lang='lat' dir='ltr'><strong>Finis</strong></span> <span class='ocrx_word' id='word_1_636' title='bbox 895 3706 980 3743; x_wconf 86' lang='lat' dir='ltr'><strong>erat</strong></span> <span class='ocrx_word' id='word_1_637' title='bbox 1019 3704 1064 3742; x_wconf 92' lang='lat' dir='ltr'><strong>in</strong></span> <span class='ocrx_word' id='word_1_638' title='bbox 1102 3704 1357 3744; x_wconf 86' lang='lat' dir='ltr'><strong>sciothericis</strong></span> <span class='ocrx_word' id='word_1_639' title='bbox 1387 3707 1547 3754; x_wconf 86' lang='lat' dir='ltr'><strong>magnis</strong></span> <span class='ocrx_word' id='word_1_640' title='bbox 1586 3703 1752 3753; x_wconf 85' lang='lat' dir='ltr'><strong>collegii</strong></span> <span class='ocrx_word' id='word_1_641' title='bbox 1778 3703 1956 3742; x_wconf 89' lang='lat' dir='ltr'><strong>Romani</strong></span> <span class='ocrx_word' id='word_1_642' title='bbox 1993 3713 2066 3752; x_wconf 90' lang='lat' dir='ltr'><strong>per</strong></span> <span class='ocrx_word' id='word_1_643' title='bbox 2104 3704 2253 3742; x_wconf 90' lang='lat' dir='ltr'><strong>tubum</strong></span> <span class='ocrx_word' id='word_1_644' title='bbox 2282 3705 2324 3746; x_wconf 93' lang='lat' dir='ltr'><strong>h.</strong></span> <span class='ocrx_word' id='word_1_645' title='bbox 2359 3706 2425 3746; x_wconf 82' lang='lat'><strong>12.</strong></span> 
     </span>
     <span class='ocr_line' id='line_1_57' title="bbox 185 3758 2425 3815; baseline 0.001 -16"><span class='ocrx_word' id='word_1_646' title='bbox 185 3762 272 3812; x_wconf 82' lang='lat'><strong>24¹,</strong></span> <span class='ocrx_word' id='word_1_647' title='bbox 303 3761 407 3800; x_wconf 88' lang='lat' dir='ltr'><strong>mihi</strong></span> <span class='ocrx_word' id='word_1_648' title='bbox 436 3761 560 3800; x_wconf 88' lang='lat' dir='ltr'><strong>etiam</strong></span> <span class='ocrx_word' id='word_1_649' title='bbox 590 3761 771 3811; x_wconf 88' lang='lat' dir='ltr'><strong>praecise</strong></span> <span class='ocrx_word' id='word_1_650' title='bbox 802 3762 842 3802; x_wconf 92' lang='lat' dir='ltr'><strong>h.</strong></span> <span class='ocrx_word' id='word_1_651' title='bbox 877 3763 943 3803; x_wconf 82' lang='lat'><strong>12.</strong></span> <span class='ocrx_word' id='word_1_652' title='bbox 976 3763 1060 3815; x_wconf 78' lang='lat'><strong>24⁴,</strong></span> <span class='ocrx_word' id='word_1_653' title='bbox 1090 3763 1136 3800; x_wconf 89' lang='lat' dir='ltr'><strong>in</strong></span> <span class='ocrx_word' id='word_1_654' title='bbox 1167 3763 1234 3801; x_wconf 87' lang='lat' dir='ltr'><strong>via</strong></span> <span class='ocrx_word' id='word_1_655' title='bbox 1261 3763 1378 3802; x_wconf 87' lang='lat' dir='ltr'><strong>Julia</strong></span> <span class='ocrx_word' id='word_1_656' title='bbox 1408 3764 1448 3802; x_wconf 92' lang='grc'><strong>11.</strong></span> <span class='ocrx_word' id='word_1_657' title='bbox 1482 3765 1548 3803; x_wconf 87' lang='grc'><strong>12.</strong></span> <span class='ocrx_word' id='word_1_658' title='bbox 1579 3762 1649 3813; x_wconf 62' lang='lat'><strong>28(</strong></span> <span class='ocrx_word' id='word_1_659' title='bbox 1678 3773 1751 3814; x_wconf 89' lang='lat' dir='ltr'><strong>per</strong></span> <span class='ocrx_word' id='word_1_660' title='bbox 1781 3758 2051 3801; x_wconf 88' lang='lat' dir='ltr'><strong>astrolabium</strong></span> <span class='ocrx_word' id='word_1_661' title='bbox 2087 3765 2128 3800; x_wconf 86' lang='lat' dir='ltr'><strong>et</strong></span> <span class='ocrx_word' id='word_1_662' title='bbox 2161 3763 2425 3802; x_wconf 85' lang='lat' dir='ltr'><strong>mathemati-</strong></span> 
     </span>
     <span class='ocr_line' id='line_1_58' title="bbox 186 3817 2425 3872; baseline 0.001 -14"><span class='ocrx_word' id='word_1_663' title='bbox 186 3831 277 3858; x_wconf 91' lang='lat' dir='ltr'><strong>cum</strong></span> <span class='ocrx_word' id='word_1_664' title='bbox 319 3819 512 3872; x_wconf 83' lang='lat' dir='ltr'><strong>Belgam3</strong></span> <span class='ocrx_word' id='word_1_665' title='bbox 558 3821 618 3859; x_wconf 91' lang='lat' dir='ltr'><strong>sic</strong></span> <span class='ocrx_word' id='word_1_666' title='bbox 654 3817 923 3869; x_wconf 85' lang='lat' dir='ltr'><strong>Ingolstadii:</strong></span> <span class='ocrx_word' id='word_1_667' title='bbox 965 3819 1056 3870; x_wconf 89' lang='lat' dir='ltr'><strong>lege</strong></span> <span class='ocrx_word' id='word_1_668' title='bbox 1086 3820 1353 3860; x_wconf 87' lang='lat' dir='ltr'><strong>Scheinerum</strong></span> <span class='ocrx_word' id='word_1_669' title='bbox 1394 3823 1438 3861; x_wconf 89' lang='lat' dir='ltr'><strong>in</strong></span> <span class='ocrx_word' id='word_1_670' title='bbox 1483 3822 1682 3872; x_wconf 88' lang='lat' dir='ltr'><strong>„maculis</strong></span> <span class='ocrx_word' id='word_1_671' title='bbox 1711 3817 1966 3860; x_wconf 85' lang='lat' dir='ltr'><strong>Solaribus.“</strong></span> <span class='ocrx_word' id='word_1_672' title='bbox 2027 3818 2135 3858; x_wconf 89' lang='lat' dir='ltr'><strong>Mihi</strong></span> <span class='ocrx_word' id='word_1_673' title='bbox 2173 3821 2425 3871; x_wconf 87' lang='lat' dir='ltr'><strong>principium</strong></span> 
     </span>
     <span class='ocr_line' id='line_1_59' title="bbox 184 3876 2423 3934; baseline 0.002 -18"><span class='ocrx_word' id='word_1_674' title='bbox 184 3888 257 3927; x_wconf 84' lang='lat' dir='ltr'><strong>per</strong></span> <span class='ocrx_word' id='word_1_675' title='bbox 287 3878 613 3920; x_wconf 89' lang='lat' dir='ltr'><strong>observationem</strong></span> <span class='ocrx_word' id='word_1_676' title='bbox 644 3878 767 3934; x_wconf 84' lang='lat' dir='ltr'><strong>quasi</strong></span> <span class='ocrx_word' id='word_1_677' title='bbox 796 3878 838 3921; x_wconf 86' lang='lat' dir='ltr'><strong>h.</strong></span> <span class='ocrx_word' id='word_1_678' title='bbox 873 3881 942 3920; x_wconf 88' lang='lat'><strong>10.</strong></span> <span class='ocrx_word' id='word_1_679' title='bbox 973 3891 1009 3920; x_wconf 91' lang='lat' dir='ltr'><strong>a.</strong></span> <span class='ocrx_word' id='word_1_680' title='bbox 1038 3890 1113 3933; x_wconf 89' lang='lat' dir='ltr'><strong>m.,</strong></span> <span class='ocrx_word' id='word_1_681' title='bbox 1160 3878 1322 3920; x_wconf 87' lang='lat' dir='ltr'><strong>duratio</strong></span> <span class='ocrx_word' id='word_1_682' title='bbox 1353 3881 1393 3923; x_wconf 89' lang='lat' dir='ltr'><strong>h.</strong></span> <span class='ocrx_word' id='word_1_683' title='bbox 1425 3882 1465 3921; x_wconf 84' lang='lat'><strong>2.</strong></span> <span class='ocrx_word' id='word_1_684' title='bbox 1498 3882 1588 3932; x_wconf 77' lang='lat'><strong>24¹,</strong></span> <span class='ocrx_word' id='word_1_685' title='bbox 1632 3877 1875 3931; x_wconf 84' lang='lat' dir='ltr'><strong>Ingolstadii</strong></span> <span class='ocrx_word' id='word_1_686' title='bbox 1906 3879 1948 3921; x_wconf 88' lang='grc'><strong>2.</strong></span> <span class='ocrx_word' id='word_1_687' title='bbox 1980 3879 2063 3922; x_wconf 78' lang='lat'><strong>45‘.</strong></span> <span class='ocrx_word' id='word_1_688' title='bbox 2122 3876 2283 3932; x_wconf 83' lang='lat' dir='ltr'><strong>Quodsi</strong></span> <span class='ocrx_word' id='word_1_689' title='bbox 2327 3883 2423 3922; x_wconf 87' lang='lat' dir='ltr'><strong>tuus</strong></span> 
     </span>
    </p>
   </div>
  </div>
 </body>
</html>
