2554 4140
808 1105 1680 1250 CONSIDERATIO

235 1298 902 1392 ossismorum
963 1298 1562 1392 alimoniorum
1625 1299 1721 1391 u
1785 1288 2261 1396 wu'rnun.

252 1611 391 1662 Circa
427 1584 572 1660 finem
608 1610 927 1674 praefationis
966 1612 1016 1660 in
1053 1611 1273 1661 Tabulas
1312 1610 1670 1676 Rudolphinas'
1703 1611 1874 1676 (supra
1910 1610 1994 1660 fol.
2039 1610 2169 1675 674)
2206 1613 2373 1659 monet

108 1685 376 1750 Keplerus,
431 1683 798 1734 observationes
837 1683 1078 1735 Waltheri
1131 1690 1179 1735 et
1215 1684 1595 1748 Regiomontani
1643 1688 1836 1745 testari,
1892 1683 1951 1734 de
1990 1683 2370 1747 aequationibus

12 1793 15 1816 ÷
105 1758 406 1821 secularibus
443 1758 585 1807 nobis
624 1771 731 1807 esse
770 1757 1098 1820 cogitandum,
1139 1757 1271 1820 quod
1296 1758 1532 1821 singulari
1558 1750 1734 1808 libello.
1766 1757 2043 1808 redditurus
2067 1757 2130 1806 sit
2169 1755 2373 1806 demon-

14 1839 15 1842 ’
106 1838 314 1881 stratum
353 1846 442 1880 suo
482 1837 717 1894 tempore.
793 1831 889 1880 Hic
926 1830 1122 1880 libellus
1160 1846 1256 1880 non
1297 1831 1491 1893 quidem
1531 1832 1786 1881 absolutus
1825 1837 1925 1891 est,
1965 1830 2067 1879 sed*
2090 1828 2375 1878 inchoatum

13 1947 15 1960 ‚
106 1920 195 1954 nos
233 1904 640 1968 deprehendimus
679 1907 804 1954 inter
838 1905 1168 1968 manuscripta
1205 1903 1557 1955 Pulkoviensia
1594 1906 1780 1968 illoque
1821 1905 1962 1968 quasi
2000 1901 2270 1967 appendice
2311 1901 2376 1951 ad

13 1995 15 2002 ⁸
106 1995 186 2039 ea,
227 1993 354 2042 quae
391 1979 757 2045 in-praemissis
796 1992 822 2027 e
859 1969 1065 2026 Tabulis
1104 1976 1430 2041 Rudolphinis
1472 1980 1815 2044 excerpsimus,
1857 1977 2088 2027 volumen
2125 1975 2220 2025 hoc
2258 1989 2373 2025 sex-

106 2059 207 2101 tum
247 2050 534 2100 concludere
573 2052 862 2099 censuimus,
1559 2070 1565 2076 ·

253 2125 508 2188 Inscripsit
558 2123 687 2173 hanc
725 2123 1115 2186 disquisitionem
1159 2122 1619 2186 „Considerationes
1665 2122 2128 2184 observationum“‚
2180 2126 2377 2171 secutus

111 2199 312 2260 librum,
364 2213 509 2262 quem
561 2196 722 2246 edidit‘
761 2195 1246 2247 willebrordus
1299 2195 1587 2247 Snellius
1629 2197 1855 2261 Lugduni
1895 2197 2197 2245 Batavorum
2225 2209 2377 2244 anno

110 2273 246 2321 1618
284 2273 591 2337 inscriptum:
648 2269 781 2320 Coeli
820 2277 865 2319 et
901 2269 1124 2320 siderum
1161 2273 1219 2318 in
1256 2285 1311 2319 eo
1348 2274 1636 2320 errantium
1675 2271 2043 2322 observationes
2082 2269 2375 2330 Hassiacae,

111 2346 449 2394 Illustrissimi
501 2344 758 2407 Principis
816 2342 1090 2403 Wilhelmi,
1144 2343 1358 2392 Hassiae
1415 2343 1763 2407 Landyravii,
1789 2385 1792 2389 .
1817 2345 2058 2406 auspiciis
2114 2341 2379 2404 quondam

109 2421 386 2467 institutae.
463 2417 533 2465 Et
566 2417 887 2480 specileyium
924 2416 1157 2464 biennale
1194 2431 1255 2464 ex
1291 2417 1726 2466 observationibus
1753 2417 2037 2467 Bohemicis
2086 2415 2146 2464 V.
2175 2413 2241 2463 N.
2278 2413 2379 2478 Ty-

106 2493 275 2540 ehonis
312 2491 500 2540 Brahe.
581 2489 774 2554 Quibus
827 2495 1142 2538 accesserunt
1192 2488 1488 2538 Joannis
1538 2491 2047 2553 Reyiomontani
2093 2494 2139 2536 et
2174 2487 2379 2536 Bern-

105 2565 273 2613 hard
281 2567 300 2613 i
347 2563 629 2612 Walteri
665 2563 1035 2612 observationes
1074 2561 1447 2624 Noriberyicae.

250 2637 525 2687 Praemittit
558 2635 801 2700 Keplerus
843 2634 1382 2696 ‚,considerationibus“
1435 2636 1537 2683 suis
1579 2632 1728 2684 verba
1769 2633 1938 2684 Snellii
1977 2631 2378 2699 (chiomontani

108 2709 189 2758 vel
228 2706 491 2775 Waltheri)
530 2723 686 2772 eaque
723 2723 811 2757 nos
852 2724 962 2758 eum
1002 2709 1155 2758 secuti
1194 2709 1324 2771 typis
1366 2709 1566 2771 exprimi
1609 2704 1884 2757 cui-avimus
1924 2706 2207 2755 minoribus.
2286 2704 2375 2752 In-

107 2785 224 2847 cipit
261 2782 503 2847 Keplerus
542 2784 604 2831 ab
644 2782 1072 2832 observationibus
1110 2779 1407 2840 Saturni,
1447 2795 1575 2830 anno
1621 2783 1751 2830 1461
1798 2780 1994 2828 habitis.¹

283 2853 414 2898 1461.
456 2852 496 2897 d.
538 2852 578 2896 2.
611 2851 875 2897 Decembris
916 2851 963 2895 in
1002 2850 1128 2895 initio
1167 2850 1314 2894 noctis
1355 2850 1466 2895 vidit
1505 2851 1581 2895 Jo.
1623 2850 1679 2895 de
1723 2848 2007 2904 Monteregio
2048 2847 2220 2892 Romae
2256 2846 2377 2892 Mar-

111 2926 200 2963 tem
250 2925 298 2963 et
348 2918 613 2974 Saturnum,
667 2917 744 2973 qui
797 2917 1045 2962 secundum
1094 2915 1423 2973 longitudinem
1474 2915 1646 2964 zodiaci
1692 2914 1995 2960 censebantur
2046 2912 2278 2969 conjuncti
2321 2924 2378 2956 ex

112 2984 310 3028 numeris
358 2982 614 3039 almanaeh,
661 2983 781 3039 quod
819 2989 971 3029 tamen
1013 2982 1127 3028 visui
1168 2994 1259 3026 non
1299 2982 1521 3039 apparuit.
1597 2982 1725 3026 Tunc
1768 2979 1886 3032 enim
1926 2977 2233 3024 consideranti
2270 2976 2380 3023 mihi

112 3050 229 3094 duae
269 3048 430 3093 stellae
469 3049 611 3102 fixae,
651 3061 769 3105 quae
813 3055 920 3094 sunt
958 3049 1005 3093 in
1037 3048 1187 3106 capite
1224 3052 1262 3102 z
1287 3081 1298 3102 ‚
1342 3062 1441 3092 cum
1475 3047 1607 3093 stella
1638 3047 1787 3091 Marte
1828 3044 2185 3090 aestimabantur
2213 3043 2258 3088 in
2290 3055 2381 3088 una

112 3117 229 3160 linea
258 3119 397 3159 recta.
466 3115 671 3170 Utraque
701 3118 851 3159 autem
882 3113 1044 3158 harum
1077 3112 1310 3158 stellarum
1343 3113 1535 3157 fixarum
1566 3112 1609 3157 in
1642 3111 1732 3156 fine
1753 3111 1834 3156 27υ
1862 3114 1899 3163 z
1944 3106 2380 3166 deprehendebatur,

114 3180 152 3226 si
189 3192 295 3224 vera
332 3184 402 3224 est
446 3180 763 3225 modernorum
810 3180 864 3224 de
903 3185 1029 3224 motu
1070 3184 1256 3224 octavae
1297 3179 1518 3235 sphaerae
1562 3175 1739 3234 positio.
1814 3176 2036 3222 Saturnus
2077 3178 2226 3220 autem
2270 3176 2380 3217 tunc

113 3245 308 3291 babebat
336 3245 418 3290 29⁰
463 3249 534 3301 z,
575 3244 950 3301 quemadmodum
992 3244 1194 3291 calculus
1240 3244 1475 3290 edocebat.
1537 3241 1765 3287 Distantia
1805 3246 1956 3286 autem
1994 3240 2112 3284 inter
2155 3237 2194 3294 t,
2234 3233 2280 3278 et
2323 3238 2365 3290 d

115 3312 339 3369 aequabat
371 3323 488 3367 eam,
533 3323 650 3366 quae
702 3310 818 3356 inter
849 3310 961 3355 duas
993 3309 1148 3355 stellas
1192 3308 1334 3352 dictas
1367 3314 1460 3364 est,
1505 3306 1788 3361 distantiam,
1838 3319 1952 3363 quae
1994 3303 2175 3363 quidem
2206 3305 2258 3350 2⁰
2287 3303 2382 3348 fere

117 3375 443 3433 complectitur.
511 3374 557 3419 Si
595 3375 748 3434 itaque
787 3375 922 3420 locus·
946 3374 1104 3420 harum
1148 3373 1339 3418 duarum
1384 3372 1617 3417 stellarum
1647 3371 1838 3417 fixarum
1882 3373 1997 3418 bene
2028 3369 2380 3428 comprehensus

117 3440 202 3486 fuit
231 3439 429 3498 itemque
463 3440 593 3486 locus
629 3441 669 3494 ‘b
710 3442 887 3500 gemino
914 3440 1102 3497 judicio,
1135 3439 1336 3495 oportuit
1383 3440 1423 3490 ὁ
1471 3451 1571 3482 esse
1603 3436 1646 3480 in
1680 3438 1770 3483 fine
1800 3439 1880 3484 27⁰
1917 3443 1980 3496 z,
2014 3438 2090 3495 qui
2119 3443 2269 3483 tamen
2299 3449 2382 3493 per

119 3506 474 3553 numerationem
506 3505 550 3548 in
579 3504 669 3551 fine
690 3507 782 3563 29⁰,
817 3504 1197 3563 quemadmodum
1225 3504 1288 3560 ἵ),
1320 3503 1507 3560 reperiri
1531 3502 1698 3547 debuit.
1758 3504 1880 3549 Ecce
1903 3516 2027 3549 error
2045 3503 2090 3548 in
2113 3504 2175 3548 20.
2228 3500 2311 3546 Die
2334 3501 2377 3544 5.

120 3574 231 3616 Dec.
269 3571 366 3615 visu
412 3570 680 3617 videbantur
719 3572 972 3629 conjuncti,
1015 3571 1094 3615 sed
1137 3571 1282 3614 nubes
1323 3568 1642 3626 impedimento
1683 3567 1822 3615 fuere.
1885 3570 2051 3615 Verum
2081 3570 2127 3614 in
2159 3568 2377 3626 principio

119 3637 264 3682 noctis
297 3639 334 3683 6.
371 3637 481 3681 Dec.
516 3637 740 3695 aspiciens
771 3639 860 3684 vidi
903 3639 943 3689 ὅ
993 3637 1086 3692 jam
1126 3633 1441 3691 praeterivisse
1481 3633 1520 3689 b
1561 3646 1642 3690 per
1673 3634 1804 3691 111'20,
1852 3635 2066 3681 distantia
2105 3635 2222 3678 enim
2260 3633 2377 3678 inter

123 3716 199 3748 eos
241 3705 339 3746 erat
385 3700 480 3746 fere
530 3702 826 3759 sesquialtera
868 3703 924 3748 ad
974 3700 1251 3756 distantiam,
1306 3711 1421 3757 quae
1465 3699 1581 3744 inter
1627 3698 1739 3746 duas
1786 3700 1938 3746 stellas
1988 3699 2148 3757 capitis
2195 3701 2233 3751 Z
2285 3704 2367 3743 est.

122 3770 253 3814 Luna
282 3773 392 3812 111110
426 3768 632 3825 aspectui
662 3769 899 3814 videbatur
930 3780 1029 3812 cum
1062 3764 1238 3811 duabus
1270 3764 1427 3819 stellis,
1461 3777 1576 3829 quae
1605 3765 1648 3812 in
1682 3766 1825 3815 cauda
1860 3771 1898 3823 z
1943 3770 2061 3823 sunt,
2097 3762 2374 3814 constituere

122 3831 395 3890 triangulum
428 3832 769 3889 aequilaterum.
