2554 4140
208 134 309 183 266
831 119 833 121 ¹
1021 133 1252 192 Epitomes
1283 134 1596 180 Astronomiae

205 278 299 328 hoc
338 285 410 329 est
440 278 632 342 frigora,
673 292 797 341 pene
833 280 1034 332 nullam.
1110 283 1424 345 Temperatur
1464 288 1641 343 tamen,
1682 296 1789 331 eum
1815 283 2167 332 ferventissima
2193 290 2279 346 est,
2327 300 2440 347 per-

203 352 363 414 petuis
401 352 634 400 imbribus
674 357 722 400 et
759 353 897 402 coelo
924 354 1105 416 nubilo,
1147 361 1231 404 aut
1269 356 1426 403 ventis
1455 354 1640 418 frigidis
1678 355 1903 404 flantibus
1937 370 1996 404 ex
2033 358 2275 405 montanis
2303 358 2442 405 altis-

205 424 364 484 simis,
418 439 542 487 quae
590 426 639 470 in
686 423 772 472 illa
816 439 940 474 zona
978 427 1286 475 nihilominus
1336 429 1450 476 nive
1488 434 1724 490 perpetuo
1761 435 1873 476 sunt
1912 434 2053 477 tecta.
2130 428 2441 492 Sentiturque

203 497 479 558 gratissima
529 497 650 546 haec
700 504 748 546 et
785 498 1122 548 efficacissima
1157 500 1484 561 refrigeratio,
1533 502 1739 563 primum
1790 507 1935 564 atque
1983 503 2091 564 quis
2142 516 2193 549 se
2234 501 2312 550 vel
2350 504 2441 551 sub

204 569 387 618 arboris
428 570 709 633 campestris
749 571 968 620 umbram
1007 587 1065 621 ex
1103 572 1467 621 violentissimis
1506 572 1637 621 Solis
1673 572 1819 622 radiis
1857 575 2116 636 receperit,
2166 580 2217 621 ut
2255 581 2442 624 testau-

203 647 295 703 tur,
335 644 418 703 qui
456 644 716 692 multorum
755 658 988 693 annorum
1027 647 1372 708 experientiam
1413 644 1508 692 illis
1547 647 1595 692 in
1634 645 1754 694 locis
1791 646 1881 694 sibi
1922 652 2274 709 compararunt.

348 715 450 764 Sub
489 717 689 779 tropico,
729 718 778 763 in
818 717 1023 766 confinio
1061 731 1290 766 zonarum
1330 717 1539 767 torridae
1578 724 1625 767 et
1663 724 1981 782 temperatae,
2029 721 2234 783 primum
2274 719 2443 781 incipit

204 794 366 837 aestas
405 790 550 838 unica
597 789 767 838 confici
820 791 867 836 in
906 791 1012 852 ipso
1051 791 1150 838 alto
1198 790 1408 838 solstitio
1449 797 1497 839 et
1547 789 1623 839 die
1661 790 1970 854 longissima:
2021 799 2136 841 tunc
2186 793 2313 839 enim
2353 791 2437 840 Sol

204 859 302 908 illis
339 875 426 924 per
464 863 695 912 verticem
733 864 926 924 transit3
975 862 1161 924 reliquo
1201 865 1314 911 anni
1352 870 1568 926 tempore
1619 869 1722 912 toto
1762 869 1949 926 praeter
1998 866 2228 912 verticem
2266 870 2439 912 vectus

206 935 251 980 in
292 940 510 988 austrum
550 934 774 984 declinat.
851 934 1030 983 Aestus
1067 941 1229 985 autem
1266 936 1345 984 hie
1385 945 1458 984 est
1496 935 1874 985 violentissimus
1912 935 2152 1000 longeque
2193 939 2440 997 intensior,

205 1020 350 1068 quam
390 1008 438 1054 in
475 1007 595 1057 locis
634 1022 802 1057 versus
841 1013 1151 1071 aequatorem
1190 1008 1268 1058 vel
1307 1009 1397 1057 sub
1438 1023 1519 1057 eo:
1561 1010 1676 1072 quia
1713 1008 1798 1058 Sol
1836 1015 1948 1057 tune
1986 1015 2033 1057 et
2064 1025 2094 1058 a
2134 1010 2314 1058 vertice
2353 1008 2442 1058 de-

203 1080 350 1128 mittit
382 1079 565 1141 radios,
622 1086 670 1128 et
707 1080 884 1129 multos
924 1080 1088 1130 ordine
1126 1081 1349 1131 meridies
1363 1118 1374 1143 ,
1429 1082 1564 1130 nulla
1599 1081 1946 1144 propemodum
1986 1083 2251 1131 mutatione
2291 1080 2443 1131 decli-

202 1154 413 1202 nationis
465 1152 829 1213 animadversa,
882 1156 1105 1203 continue
1152 1155 1327 1218 affligit
1374 1162 1423 1204 et
1476 1154 1579 1202 dies
1616 1153 1820 1220 longoS,
1869 1160 2033 1203 noctes
2071 1156 2244 1203 breves
2283 1154 2443 1204 efficit.

205 1223 331 1285 Quin
371 1226 516 1275 etiam
568 1225 700 1274 hisee
751 1225 926 1274 seculis
980 1228 1071 1275 sub
1109 1229 1297 1291 tropico
1339 1227 1511 1276 Cancri
1562 1226 1871 1277 violentiores
1919 1234 2030 1276 sunt
2073 1229 2195 1276 istae
2248 1242 2442 1288 causae,
2527 1241 2530 1243 ·

203 1312 347 1359 quam
387 1300 477 1347 sub
518 1298 817 1362 Capricorni,
860 1299 989 1362 quod
1029 1299 1114 1348 Sol
1151 1307 1285 1349 motu
1323 1302 1516 1363 proprio
1557 1299 1737 1348 diutius
1775 1303 1823 1348 in
1862 1302 2186 1363 septentrione
2227 1314 2443 1350 commo-

203 1372 296 1419 rari
336 1371 573 1432 videatur,
614 1387 759 1435 quam
799 1374 846 1419 in
884 1378 1065 1421 austro.

344 1443 477 1492 Inter
524 1447 757 1507 tropicum
797 1450 844 1493 et
881 1445 1122 1509 polarem,
1177 1459 1264 1493 seu
1303 1446 1350 1492 in
1389 1459 1515 1493 zona
1553 1450 1846 1507 temperata,
1897 1444 2006 1494 l'oca
2055 1447 2242 1508 tropico
2281 1446 2445 1494 vicina

201 1514 321 1563 nihil
374 1517 598 1566 differunt
648 1518 708 1566 ab
761 1519 844 1577 iis,
894 1519 978 1580 qui
1031 1519 1121 1567 sub
1178 1519 1284 1580 ipso
1340 1519 1541 1581 tropice.
1619 1517 1728 1580 Quo
1783 1532 1898 1566 vero
1949 1518 2141 1582 longius
2179 1533 2210 1566 a
2248 1518 2444 1581 tropicis

201 1591 552 1651 recesserimuS‚
592 1590 684 1640 hoc
721 1590 831 1653 plus
870 1593 1015 1640 etiam
1041 1590 1125 1640 Sol
1163 1590 1458 1640 meridianus
1497 1593 1544 1638 in
1572 1590 1781 1640 solstitio
1821 1590 2009 1639 desistit
2046 1607 2076 1640 a
2115 1592 2309 1652 vertice,
2352 1590 2446 1639 hoe

200 1662 358 1712 minus
413 1665 558 1713 etiam
606 1665 700 1712 urit
747 1669 933 1714 aestate
981 1665 1238 1726 minusque
1284 1663 1506 1713 calefacit
1544 1663 1728 1724 hieme,
1782 1677 2059 1727 quanquam
2108 1666 2156 1711 in
2211 1677 2444 1726 compen—

202 1737 438 1784 sationem
492 1735 774 1786 nonnullam
826 1736 1093 1786 deficientis
1140 1736 1442 1785 rectitudinis
1488 1735 1732 1785 radiorum
1784 1738 1959 1800 accipit
2005 1736 2178 1799 longas
2219 1737 2322 1785 dies
2359 1750 2446 1799 per
2526 1741 2527 1744 ’

202 1814 462 1869 aestatem,
516 1817 563 1859 et
602 1824 699 1870 quo
739 1809 932 1872 longius
971 1809 1055 1859 Sol
1095 1810 1389 1858 meridianus
1429 1826 1456 1858 a
1497 1811 1676 1858 vertice
1715 1810 1921 1858 abfuerit
1968 1811 2014 1856 in
2063 1810 2300 1870 solstitie,
2354 1809 2446 1858 hoc
2518 1862 2523 1868 ‚

202 1881 304 1930 dies
342 1889 453 1931 sunt
490 1882 836 1946 productioreS,
877 1888 927 1931 at
965 1883 1106 1931 simul
1149 1885 1294 1931 etiam
1333 1882 1427 1931 hoe
1467 1883 1778 1931 violentiores
1806 1882 2002 1942 hiemeS,
2044 1882 2158 1931 Sole
2199 1889 2246 1931 et
2272 1896 2442 1945 parum
2524 1899 2526 1930 1

201 1955 558 2017 scattollente,
599 1962 646 2005 et
682 1957 850 2018 paucis
870 1955 1000 2004 horis
1040 1955 1257 2018 quotidie
1298 1955 1504 2004 lucente.
1582 1955 1866 2004 Summatim
1908 1955 2135 2005 dicendo:
2175 1955 2292 2003 solis
2319 1969 2444 2017 pene

200 2029 334 2076 zonis
382 2030 658 2092 temperatis
698 2031 891 2092 propria
930 2034 1003 2077 est
1050 2030 1342 2092 permutatio
1384 2030 1585 2077 aestatis
1624 2035 1671 2077 et
1709 2029 1907 2089 hiemis,
1962 2030 2324 2092 comparatione
2363 2029 2440 2075 in-

201 2102 371 2150 stituta
409 2101 470 2150 ad
508 2117 656 2150 zonas
698 2107 896 2151 ceteras.

345 2172 446 2223 Sub
486 2174 640 2237 polari
679 2174 882 2233 eircu10,
936 2175 1018 2236 qui
1072 2173 1280 2223 confinia
1323 2175 1484 2236 signat
1531 2187 1684 2223 zonae
1731 2179 2025 2237 temperatae
2079 2179 2127 2223 et
2164 2186 2317 2221 zonae
2356 2171 2443 2220 sri-
2487 2194 2492 2205 ν

199 2246 358 2309 gidae‚
397 2249 600 2311 primum
629 2263 744 2296 vera
771 2253 818 2296 et
845 2253 1180 2296 consummata
1210 2260 1359 2296 eausa
1396 2247 1587 2309 frigoris
1613 2247 1880 2310 hiemisque
1919 2261 2027 2296 sese
2059 2247 2105 2294 in
2133 2250 2444 2308 conspectum

201 2320 395 2382 profert,
436 2320 548 2369 Sole
587 2321 633 2367 in
676 2320 872 2369 hiemali
910 2319 1119 2369 solstitio
1160 2333 1255 2368 non
1295 2321 1477 2368 oriente
1518 2321 1563 2366 in
1604 2332 1700 2368 uno
1739 2319 1815 2367 die
1855 2318 2078 2386 naturali,
2117 2321 2311 2383 penitus
2349 2319 2446 2366 sei·
2511 2347 2518 2363 ι

199 2393 313 2442 lieet
358 2407 453 2441 non
507 2393 818 2443 calefaciente
866 2399 1057 2441 terram.
1154 2391 1573 2455 Quemadmodum
1628 2406 1739 2441 vero
1791 2393 1881 2442 sub
1933 2394 2117 2455 tropico
2171 2391 2332 2440 adhue
2369 2394 2442 2440 est

202 2467 432 2515 continua
470 2481 590 2529 pene
631 2472 805 2526 aestaS,
845 2479 932 2528 pro
972 2465 1129 2515 hieme
1166 2479 1283 2514 vero
1324 2471 1511 2514 tantum
1551 2465 1852 2528 aliquantula
1889 2466 2108 2525 remissio
2148 2464 2337 2525 caloris,
2378 2465 2446 2511 ita
2528 2516 2532 2522 Δ

201 2539 291 2588 sub
330 2539 485 2603 polari
525 2554 550 2588 e
588 2541 826 2589 contrario
867 2539 1096 2587 continua
1132 2553 1256 2601 pene
1295 2538 1448 2587 hiems
1488 2546 1586 2599 est,
1628 2552 1713 2600 pro
1753 2544 1938 2589 aestate
1978 2552 2092 2586 vero
2131 2544 2317 2586 tantum
2355 2535 2447 2585 ali-

205 2612 441 2675 quantula
478 2613 696 2661 remissio
736 2613 943 2675 frigoris,
984 2625 1090 2659 eum
1131 2611 1231 2673 Sol,
1273 2611 1498 2674 quamvis
1538 2612 1789 2660 continuas
1831 2613 1898 2658 24
1924 2611 2068 2659 horas
2098 2611 2280 2670 lucens,
2323 2623 2447 2657 nun-

203 2700 349 2747 quam
398 2690 558 2734 tamen
609 2685 861 2735 attollatur
913 2683 1058 2732 altius
1099 2686 1164 2731 47
1214 2683 1471 2748 gradibuS,
1528 2691 1756 2747 quantam
1808 2680 2112 2733 altitudinem
2161 2697 2309 2746 penes
2359 2695 2446 2729 nos

202 2758 351 2807 habet
388 2772 552 2817 mense
582 2758 736 2822 Aprili
776 2765 824 2806 et
849 2756 1136 2819 Septembri,
1176 2757 1378 2820 proinde
1417 2755 1704 2806 imbecillior
1729 2763 1799 2805 est
1840 2758 1912 2804 vis
1940 2757 2260 2816 calefactoria,
2304 2767 2447 2817 quam

203 2836 256 2879 ut
278 2832 416 2880 nives
444 2837 490 2880 et
523 2831 730 2893 glaciem
754 2845 840 2894 per
865 2830 1072 2878 hiemem
1111 2831 1447 2878 saevissimam
1472 2836 1751 2893 generatam
1778 2828 2040 2878 dissolvere
2066 2835 2252 2878 mature
2277 2828 2445 2891 possit.

203 2904 264 2952 Et
301 2910 354 2953 ut
379 2905 470 2953 sub
499 2906 684 2967 tropico
723 2909 885 2953 aestas
926 2903 1183 2951 violentior
1210 2908 1283 2950 est
1309 2917 1455 2964 quam
1493 2903 1540 2949 in
1568 2902 1726 2951 medio
1753 2916 1903 2950 zonae
1931 2901 2153 2963 torridae,
2194 2903 2263 2950 ita
2303 2901 2452 2949 vicis-

202 2978 291 3023 sim
318 2977 409 3025 sub
445 2977 601 3040 polari
631 2977 762 3026 calor
799 2977 1018 3024 aestivus
1046 2975 1398 3038 qualiscunque
1425 2975 1583 3040 minus
1621 2975 1769 3023 habet
1815 2977 1983 3023 virium
2023 2989 2168 3038 quam
2206 2976 2255 3022 in
2284 2971 2442 3022 medio

203 3063 353 3097 zonae
390 3049 607 3112 frigidae,
649 3065 707 3100 eo
748 3048 878 3113 quod
918 3048 1003 3097 Sol
1042 3049 1242 3096 nivosos
1280 3053 1468 3097 montes
1507 3062 1603 3096 non
1642 3062 1697 3096 ex
1741 3049 1867 3095 omni
1905 3047 2055 3097 latere
2092 3061 2182 3097 nec
2221 3049 2448 3096 continua

198 3124 476 3184 praeseutia
514 3122 766 3183 illuminet,
808 3129 861 3170 ut
892 3122 995 3184 jam
1035 3121 1238 3184 patebit.

348 3194 478 3242 Inter
514 3196 730 3258 polarem
771 3202 818 3244 et
855 3194 1023 3258 polum
1060 3206 1147 3243 seu
1186 3195 1235 3240 in
1274 3207 1427 3242 zonae
1464 3191 1669 3255 frigidae
1706 3191 1938 3240 lateribus
1990 3191 2144 3240 hiems
2192 3197 2266 3240 est
2302 3202 2449 3254 prope

208 3266 451 3326 continua,
492 3273 654 3316 aestas
694 3267 843 3329 nulla,
883 3269 978 3315 nisi
1015 3268 1054 3315 si
1083 3267 1427 3316 resolutionem
1465 3265 1641 3328 glaciei
1672 3264 1876 3313 velimus
1914 3271 2148 3314 aestatem
2187 3263 2447 3327 appellare,

207 3339 344 3400 eujus
371 3345 604 3401 respectu,
646 3355 743 3402 quo
767 3342 967 3404 propius
1005 3339 1174 3402 polum
1201 3341 1405 3399 venitur,
1447 3338 1541 3386 hoc
1578 3337 1803 3386 humilior
1849 3337 2044 3399 quidem
2085 3337 2169 3386 Sol
2210 3346 2284 3386 est
2306 3335 2448 3384 meri-

207 3410 364 3460 dianis
403 3411 534 3460 horis
574 3412 758 3460 dierum
797 3412 1140 3473 solstitialium,
1183 3418 1234 3460 at
1274 3413 1487 3460 vicissim
1525 3411 1618 3459 hoc
1656 3411 1801 3459 etiam
1839 3408 1981 3458 altior
2006 3416 2169 3459 manet
2206 3412 2253 3456 in
2282 3407 2449 3460 mediis

205 3485 428 3535 noctibus
465 3484 551 3532 illa
591 3486 703 3540 anni
729 3491 881 3547 parte,
924 3485 1120 3547 quando
1160 3499 1256 3533 non
1287 3484 1477 3544 occidit,
1519 3491 1666 3546 atque
1703 3484 1773 3530 ita
1799 3482 1979 3543 glacies
2019 3489 2065 3532 ct
2090 3485 2228 3531 nives
2269 3489 2316 3531 et
2341 3478 2451 3543 gelu

206 3556 453 3605 induratas
492 3557 663 3618 glebas
704 3556 917 3619 undique
957 3559 1323 3614 circumvectus
1363 3557 1498 3606 nullo
1537 3558 1695 3619 spatio
1737 3569 1966 3603 concesso
2005 3555 2262 3618 frigoribus
2301 3553 2363 3602 ad
2399 3564 2468 3615 sel
2544 3577 2552 3632 ss

205 3628 536 3691 recolligenda
574 3643 658 3692 per
695 3644 833 3677 suam
860 3630 1149 3690 absentiam,
1188 3633 1367 3694 quippe
1405 3643 1653 3691 nunquam
1681 3628 1871 3687 absenS,
1911 3628 2098 3689 aliquid
2125 3642 2241 3676 sane
2281 3627 2451 3689 virium

206 3717 292 3767 per
330 3708 565 3752 aestatem
604 3701 789 3764 colligit
815 3701 877 3750 ad
919 3701 1283 3751 dissolvendum
1309 3702 1438 3764 gela,
1480 3702 1636 3749 minus
1655 3699 1858 3762 'quidem
1896 3715 2044 3763 prope
2076 3700 2305 3764 polarem,
2342 3697 2450 3761 plus

209 3791 325 3825 vero
365 3789 534 3825 versus
575 3775 743 3837 polum
781 3776 954 3837 ipsum.
1022 3774 1058 3820 Ε
1098 3781 1263 3824 contra
1302 3776 1492 3837 frigoris
1529 3772 1751 3823 hiemalis
1792 3772 2082 3822 diuturnitas
2119 3777 2322 3835 augetur
2346 3779 2478 3819 cum‘

211 3852 322 3914 ipsa
360 3855 502 3898 noete
539 3849 797 3909 continua,
855 3847 931 3896 cui
980 3850 1143 3895 tamen
1191 3848 1408 3899 succedit
1454 3846 1620 3910 aliqua
1666 3844 1825 3896 adhuc
1863 3845 2146 3896 vicissitudo
2185 3844 2366 3896 dierum
2405 3845 2452 3891 et

2540 3846 2554 3919 ἢ
