2554 4140
16 3716 19 3753 ,¹

789 120 1022 178 Excerpta
1050 132 1107 166 ex
1137 119 1325 166 Tabulis
1346 116 1665 177 Rudolphinis.
2254 116 2356 168 585

98 272 166 314 tot
214 267 359 312 modis
409 264 715 324 exprimendis
772 266 885 313 adeo
934 267 1198 326 propinque·
1227 266 1490 312 conveniret
1536 278 1638 310 cum
1690 263 1957 310 eccentricis
2017 261 2088 307 vel
2138 258 2353 319 epicyclis

99 334 331 379 veterum?

268 387 545 443 Mirabamur
563 398 798 453 hactenus,
831 399 938 455 quid
961 411 1125 444 causae
1147 397 1367 455 subesset,
1403 408 1519 453 quae
1541 395 1791 454 effecisset,¹
1813 401 1864 442 ut
1892 391 2356 452 aequationemhanc

98 468 373 515 menstruam
403 463 557 521 Tycho
588 464 792 520 praecise
824 464 1050 510 dimidiam
1082 464 1255 510 faceret
1284 462 1537 510 anomaliae
1568 463 1766 518 solutae,
1808 475 1907 507 cum
1941 473 2079 506 causa
2107 472 2198 504 non
2229 463 2381 522 pate-q

96 536 178 576 ret.
240 529 410 573 Verum
442 542 498 572 en
528 529 611 574 tibi
642 543 826 575 causam
859 545 916 576 ex
947 531 1033 575 hac
1062 528 1250 588 physica
1279 528 1534 588 hypothesi,
1568 540 1677 572 sane
1708 539 1843 584 quam
1874 524 2163 570 concinnam:
2195 535 2355 568 eccen-

38 603 46 614 ‘
96 596 234 643 tricus
264 595 423 640 Lunae
454 594 589 640 altius
620 608 646 640 a
676 596 812 652 plano
845 597 1003 642 circuli
1032 597 1373 651 illuminationis
1405 594 1599 641 emoveri
1629 606 1720 638 non
1751 596 1924 650 potest,
1972 604 2106 647 quam
2136 590 2227 634 fert
2258 590 2357 646 eJus

97 659 405 706 eccentricitas
444 660 594 705 realis.
657 661 952 719 Triangulum
988 662 1150 720 igitur,
1191 662 1321 719 cujus
1362 675 1468 707 area
1497 660 1683 705 metitur
1722 658 2039 714 aequationem
2067 659 2358 712 menstruam,

95 726 223 773 basin
267 725 517 782 longiorem
556 726 792 782 acquirere
823 741 912 772 non
951 733 1126 785 potest,
1175 741 1309 785 quam
1348 726 1462 772 illud
1502 726 1654 784 prius,
1703 725 1824 782 quod
1868 724 2149 780 aequationis
2182 723 2360 768 solutae

96 799 272 852 partem
301 792 538 850 physicam
567 793 864 848 metiebatur;
896 808 1002 850 pars
1034 808 1141 839 vero
1162 794 1352 852 physica
1373 793 1574 838 semissis
1591 796 1667 836 ‘est
1688 790 1971 848 aequationis
1999 789 2173 834 solutae
2204 790 2358 836 1011113.

97 862 186 907 Cur
226 864 378 904 autem
419 858 687 903 tantundem
727 859 866 904 faciat
896 860 1053 905 Lunae
1099 859 1316 905 discessio
1359 874 1387 904 a
1427 863 1582 904 centro
1625 858 1815 907 Terrae,
1858 860 2078 912 quantum
2116 867 2143 898 a
2189 855 2357 901 circulo

94 923 455 979 illuminationis,
494 924 541 969 id
580 924 806 980 indaginis
852 932 922 969 est
962 924 1150 971 altioris.
1209 925 1274 970 Et
1312 930 1491 970 tantum
1525 925 1581 971 de
1622 923 1890 981 aequatione
1934 926 2166 966 menstrua
2205 920 2358 978 priori,

1468 988 1477 1006 Ι

58 996 66 1000 ’
94 1005 208 1051 quae
236 988 498 1035 Ptolemaeo
530 994 628 1035 erat
658 995 784 1036 nota.

263 1056 447 1113 Restat,
492 1061 544 1100 ut
585 1055 774 1101 alteram
816 1054 1065 1100 anomaliae
1094 1060 1353 1102 menstruae
1392 1058 1709 1114 aequationem
1749 1053 1990 1112 explicem,
2034 1065 2170 1116 quam
2201 1050 2358 1108 Tycho

93 1126 297 1170 inventor
326 1122 708 1166 variationem
736 1121 1014 1178 indigetavit,
1046 1122 1176 1179 cujus
1208 1136 1236 1167 a
1265 1123 1404 1179 priori
1433 1123 1522 1168 hoc
1553 1130 1624 1169 est
1655 1122 1915 1177 discrimen,
1959 1118 2081 1178 quod
2110 1117 2234 1175 prior
2263 1117 2359 1174 qui-

35 1224 46 1240 „
97 1192 195 1236 dem
223 1202 306 1246 per
338 1188 539 1233 diversos
569 1189 676 1233 anni
705 1201 883 1235 menses
915 1189 1146 1235 naturales
1177 1189 1264 1234 fuit
1295 1190 1499 1235 diversae
1532 1188 1812 1246 quantitatiS,
1842 1187 1932 1231 ista
1957 1198 2039 1242 per
2066 1195 2221 1228 omnes
2255 1183 2360 1228 anni

93 1268 268 1302 menses
310 1260 381 1300 est
420 1254 591 1299 eadem.
658 1255 729 1299 De
769 1256 868 1312 eJus
914 1261 1017 1302 ortu
1063 1256 1304 1314 causisque
1346 1256 1613 1313 quantitatis
1659 1267 1775 1310 quae
1813 1248 2000 1298 ’3111111113
2050 1250 2275 1306 disputavi
2313 1250 2360 1294 in

89 1323 212 1380 Epit.
241 1322 366 1366 Astr.
399 1322 497 1378 (fol.
530 1321 654 1377 364.)
684 1335 848 1378 magna
878 1322 1214 1379 probabilitate,
1247 1322 1323 1367 hic
1354 1328 1615 1379 praetereo,
1648 1319 2035 1377 adfundarnenta
2067 1315 2227 1361 calculi
2256 1330 2359 1372 pro-

93 1388 283 1445 peransj
332 1387 487 1444 Tycho
519 1387 658 1442 igitur
689 1387 911 1433 calculum
934 1389 1053 1433 rexit
1075 1389 1386 1446 suppositione
1411 1389 1602 1434 duorum
1624 1387 1906 1442 (111-0011013111
1929 1385 2011 1431 31111
2033 1385 2133 1441 ipso
2159 1382 2358 1441 zodiaco,

93 1452 238 1499 defixo
269 1453 451 1510 majoris
483 1459 639 1498 centro
670 1453 718 1498 in
748 1453 849 1498 1000
881 1455 1039 1500 Lunae
1069 1468 1213 1512 prope
1242 1468 1373 1508 vero,
1414 1461 1473 1501 111·
1495 1455 1721 1501 contraria
1750 1453 2032 1500 revolutione
2075 1448 2244 1496 circelli
2273 1448 2357 1492 mi-

76 1519 216 1566 'noris
247 1519 295 1564 in
325 1519 487 1574 majori
516 1519 649 1564 Luna
692 1534 776 1576 per
818 1520 1084 1565 diametrum
1123 1521 1329 1577 majoris,
1369 1521 1545 1567 orbitae
1574 1522 1733 1567 Lunae
1771 1519 2131 1574 subordinatam,
2176 1528 2358 1561 rursum

93 1597 390 1643 prorsumque
419 1585 724 1640 reciprocaret
753 1593 881 1631 motu
911 1587 1188 1640 librationis,
1229 1594 1280 1633 ut
1312 1588 1433 1644 apud
1467 1585 1765 1644 Copernic'um
1795 1591 1965 1644 puncta
1995 1581 2358 1641 aequinoctialia.

93 1651 217 1697 Haec
245 1649 514 1707 hypothesis
548 1647 619 1694 est
648 1656 756 1708 apta
788 1651 989 1710 calculo,
1031 1667 1059 1698 a
1089 1653 1238 1699 causis
1269 1653 1335 1698 rei
1366 1653 1545 1709 longius
1586 1653 1696 1698 abit.
1755 1653 1817 1699 Ut
1853 1651 1992 1708 igitur
2022 1650 2158 1695 etiam
2195 1648 2242 1692 in
2271 1647 2358 1695 hac

93 1716 361 1774 aequatione
399 1719 633 1777 teneamus
676 1716 955 1775 institutum,
1001 1719 1252 1775 suppositis
1292 1719 1441 1764 causis
1471 1718 1775 1776 naturalibus,
1821 1716 1900 1763 ubi
1928 1715 2034 1761 illae
2073 1715 2359 1772 potissimum

94 1786 284 1841 regnant
320 1781 462 1838 ipsius
494 1782 726 1839 Tychonis
777 1783 1084 1841 confessione,
1134 1784 1426 1839 conjiciemus
1468 1784 1625 1829 oculos
1671 1784 1720 1829 in
1761 1783 1947 1841 planum
1986 1780 2177 1838 cimelii,
2224 1793 2360 1838 quem

99 1847 335 1895 eccentrici
365 1852 572 1893 centrum
603 1849 758 1893 scribit
792 1850 912 1894 circa
943 1849 1142 1894 Terram.
1204 1849 1323 1894 Nam
1362 1863 1500 1895 eausa
1531 1850 1790 1895 variationis
1830 1855 1900 1895 est
1941 1847 2143 1895 incitatio
2186 1847 2359 1892 lunaris

93 1920 241 1961 motus
273 1914 391 1960 circa
422 1914 624 1972 copulas,
655 1915 859 1961 incitatio
891 1929 996 1960 vero
1026 1915 1142 1960 haec
1178 1914 1232 1959 fit
1261 1916 1308 1960 in
1338 1916 1631 1972 proportione
1678 1917 1858 1962 sinuum
1889 1913 2207 1972 complementi
2237 1913 2358 1958 elon-

96 1980 284 2041 gationis
315 1980 404 2025 loci
433 1981 595 2024 Lunae
625 1995 767 2039 prope
790 1982 884 2026 veri
906 1995 932 2026 a
954 1981 1072 2026 Sole.
1114 2015 1124 2026 .
1158 2015 1170 2027 .
1203 2015 1213 2025 .
1260 1981 1704 2028 Demonstrationem
1734 1982 1875 2027 habes
1914 1982 1960 2026 in
1991 1981 2118 2039 Epit.
2147 1978 2224 2025 fol.
2256 1979 2359 2025 476.
2424 2014 2431 2024 .

77 2045 182 2093 Ι8011
211 2052 499 2103 computatur
532 2060 639 2092 area
669 2048 839 2092 REAX
870 2048 1099 2093 additione
1129 2047 1343 2104 trianguli
1372 2048 1499 2093 RXA
1531 2050 1590 2095 ad
1622 2054 1844 2095 sectorem
1873 2048 2014 2095 ΒΑΕ.
2075 2045 2360 2092 Revertimur

94 2113 228 2171 igitur
255 2113 312 2157 ad
343 2114 727 2170 computationem
757 2115 984 2172 trianguli,
1017 2120 1069 2159 ut
1097 2115 1145 2159 in
1175 2115 1484 2172 superioribus
1517 2116 1877 2173 aequatiOnibus,
1911 2126 2027 2170 quae
2055 2113 2130 2158 hic
2161 2111 2359 2158 omnium

95 2185 164 2225 est
194 2179 428 2236 facillima,
477 2179 644 2236 quippe
675 2186 727 2225 ut
757 2182 1124 2239 rectangulorum
1156 2181 1442 2238 quadrantis,
1493 2186 1538 2226 et
1568 2180 1824 2239 aequivalet
1855 2194 1963 2236 area
1991 2179 2120 2226 RXA
2151 2177 2360 2224 excessui

98 2245 369 2292 incitationis
398 2259 482 2303 per
514 2246 598 2292 ER
628 2242 768 2304 supra
797 2248 1081 2302 mediocrem,
1111 2248 1139 2292 i.
1162 2261 1200 2292 e.
1232 2248 1321 2304 ipsi
1351 2249 1603 2295 variationi.
1658 2249 1788 2305 Quod
1818 2261 1925 2293 vero
1957 2247 2072 2292 haec
2091 2246 2207 2291 ratio
2240 2259 2358 2290 com-

95 2311 282 2370 putandi
311 2313 599 2358 exactissime
629 2315 937 2373 aequipolleat
969 2315 1187 2360 diametro
1217 2314 1471 2361 librationis
1494 2315 1795 2374 Tychonicae,
1829 2314 2184 2359 demonstratum
2213 2311 2357 2358 habes

97 2375 213 2424 dicto
242 2378 342 2424 loco
373 2380 624 2436 Epitomes.
2179 2398 2181 2401 -

135 2490 151 2504 ‚
267 2445 371 2490 Etsi
403 2459 509 2490 vero
541 2446 688 2491 minor
719 2452 790 2492 est
819 2447 1027 2492 circellus
1058 2446 1158 2503 iste,
1192 2461 1328 2504 quam
1358 2453 1410 2492 ut
1441 2446 1540 2503 eJus
1561 2459 1668 2491 area
1697 2445 1981 2504 aequiparari
2001 2442 2148 2503 possit
2179 2444 2358 2495 effectui

95 2508 201 2557 hnic
228 2511 504 2568 variationiS,
538 2512 707 2569 quippe
738 2525 854 2569 quae
885 2511 931 2556 in
961 2511 1103 2569 priori
1132 2518 1364 2558 menstrua
1394 2513 1664 2570 aequatione
1699 2513 1908 2558 formavit
1937 2512 2068 2558 nobis
2098 2511 2213 2556 haec
2242 2515 2357 2555 rect-

95 2577 256 2635 nngula
283 2578 561 2636 quadrantis,
593 2580 846 2636 quantitate
862 2579 1057 2632 minima,
1089 2577 1163 2623 vix
1179 2578 1550 2636 subduodecupla
1570 2579 1848 2636 praesentis3
1881 2583 1929 2623 at
1949 2577 2118 2638 sufficit
2137 2576 2267 2622 nobis
2299 2575 2358 2621 ad

94 2641 345 2698 institutum
375 2644 608 2701 proportio
640 2645 741 2701 ipsa
770 2643 1138 2700 rectangulorum
1179 2644 1298 2689 inter
1329 2657 1377 2689 se
1408 2651 1586 2703 mutua3
1632 2647 1931 2703 quantitatem
1975 2644 2169 2689 maximo
2201 2656 2357 2688 eorum

95 2708 212 2757 lieet·
232 2710 464 2767 assignare
496 2711 552 2755 ab
586 2711 866 2769 experientia
897 2710 1139 2769 Tychonis,
1172 2717 1224 2756 ut
1253 2712 1314 2756 sit
1343 2712 1414 2756 40‘
1446 2713 1530 2758 30¹¹
1564 2712 1652 2768 (cfr.
1683 2729 1724 2768 p.
1758 2713 1894 2769 366.),
1933 2711 2002 2756 vel
2034 2712 2171 2756 etiam
2199 2723 2226 2754 a
2258 2722 2357 2766 spe-

95 2773 317 2826 ,alatione
348 2789 599 2834 causarum,
631 2783 682 2822 ut
715 2778 774 2822 sit
803 2776 941 2834 paulo
971 2777 1132 2832 major.
1195 2777 1268 2823 Sic
1298 2778 1435 2836 igitur
1466 2778 1718 2837 triangula,
1758 2792 1874 2835 quae
1912 2778 1960 2822 in
1991 2776 2172 2823 circello
2204 2789 2286 2834 per
2317 2778 2356 2823 B

94 2840 317 2898 descripto
338 2840 602 2898 formantur,
635 2842 723 2888 duo
746 2843 972 2888 sustinent
1002 2843 1166 2901 officia,
1197 2859 1338 2889 unum
1368 2845 1614 2903 proprium,
1650 2845 1696 2888 in
1726 2844 1866 2902 priori
1895 2848 2129 2888 menstrua
2158 2842 2355 2900 explica-

96 2910 201 2964 tam,
230 2907 481 2952 metiendae
510 2907 849 2964 inaequalitatis
880 2909 1211 2967 triangulorum
1242 2911 1573 2956 collateralium
1603 2910 1743 2964 ΒΝΖ,
1774 2910 1915 2966 BOZ,
1947 2909 2026 2954 ubi
2058 2910 2356 2966 quantitatem

99 2972 334 3031 genuinam
366 2971 671 3017 determinant
709 2974 829 3045 ipsa;
867 2974 1061 3019 alterum
1091 2976 1329 3033 vicarium,
1371 2976 1417 3021 in
1449 2976 1755 3034 dispensanda
1785 2975 2037 3034 quantitate
2056 2982 2059 2985 “
2078 2977 2353 3040 variationis,

97 3037 373 3085 extrinsecus
412 3044 610 3094 recepta.
671 3039 735 3083 Et
771 3039 828 3083 ad
872 3039 1063 3097 primum
1105 3041 1285 3098 quidem
1317 3041 1516 3087 officium
1554 3042 1959 3089 administrandum
1997 3042 2355 3089 terminabantur

95 3088 174 3149 illa
199 3103 258 3149 ad
286 3109 490 3148 centrum
523 3104 782 3161 eccentrici,
828 3111 876 3150 at
906 3105 944 3150 si
979 3106 1074 3163 jam
1110 3107 1241 3153 nobis
1283 3107 1401 3153 hanc
1441 3120 1624 3165 operam
1654 3108 1866 3153 vicariam
1906 3107 2058 3155 locare
2093 3108 2353 3169 jubeantur,

96 3169 318 3217 terminari
349 3170 514 3216 debent
542 3170 599 3215 ad
621 3171 867 3216 sectionem
898 3172 1055 3216 circuli
1086 3186 1113 3218 a
1142 3172 1262 3218 linea
1292 3177 1441 3218 motus
1463 3174 1622 3219 Lunae
1653 3186 1795 3230 prope
1816 3173 1912 3219 veri
1939 3172 2120 3220 factam.
2171 3175 2219 3220 Si
2249 3189 2354 3223 vero

98 3232 172 3279 wi
197 3246 287 3279 non
315 3234 466 3292 placet
494 3235 609 3281 haec
638 3236 686 3280 in
717 3236 897 3282 circello
932 3250 1071 3294 opera
1111 3238 1259 3283 aliena
1291 3244 1336 3284 et
1366 3239 1555 3296 vicaria,
1599 3238 1768 3295 poterit
1796 3238 1835 3284 is
1873 3252 1954 3296 pro
1985 3239 2233 3286 variatione
2267 3243 2354 3289 dis-

100 3301 328 3356 pensanda
357 3301 554 3347 scribere
585 3305 739 3347 centro
771 3303 811 3345 A
842 3302 1073 3349 circellum
1105 3305 1357 3361 quantitate
1382 3305 1532 3362 justa,
1576 3304 1706 3360 cujus
1738 3303 2071 3350 semidiameter
2101 3305 2158 3351 sit
2188 3309 2246 3354 ad
2275 3309 2354 3354 BA

97 3362 143 3409 in
169 3369 459 3425 proportione
494 3367 907 3424 semiduodecupla,
941 3368 967 3413 i.
1001 3381 1038 3413 e.
1071 3375 1121 3414 ut
1155 3370 1297 3416 15800
1327 3371 1384 3416 ad
1415 3371 1545 3418 4362.
1606 3370 1724 3417 Satis
1756 3375 1802 3416 et
1833 3371 1889 3418 de
1918 3370 2054 3429 hujus
2086 3362 2353 3430 aequatiun-

10 3484 13 3495 ‚
98 3429 223 3477 culae
250 3432 503 3492 hypothesi.

265 3523 408 3576 8011».
439 3525 544 3565 469.
602 3523 651 3563 In
692 3523 898 3574 triangulo
940 3522 1046 3563 GAB
1088 3524 1144 3563 ad
1183 3522 1215 3564 O
1255 3523 1496 3574 rectangulo
1536 3525 1686 3566 dantur
1725 3527 1800 3568 AB
1838 3543 1896 3565 =
1925 3529 2116 3583 0,04362
2155 3535 2196 3571 et
2225 3531 2282 3585 [-
2312 3533 2351 3572 A

13 3567 16 3626 ξ
100 3588 158 3614 =
186 3578 274 3630 86⁰,
311 3581 410 3622 hinc
440 3581 512 3621 AG
542 3597 601 3618 =
631 3583 718 3624 AB.
760 3595 842 3624 cos.
875 3579 931 3626 A.
991 3581 1195 3632 Keplerus
1238 3585 1400 3634 quaerit
1442 3585 1485 3624 in
1529 3586 1687 3626 tabulis
1719 3587 1805 3627 suis
1852 3586 2147 3638 logarithmum
2188 3592 2350 3631 numeri

100 3635 241 3678 48620
272 3650 446 3693 eumque
475 3640 591 3679 addit
630 3639 710 3691 log.
745 3654 827 3682 cos,
862 3640 962 3693 36⁰3
1011 3653 1170 3680 summa
1203 3642 1373 3683 104158
1412 3643 1455 3681 111
1494 3642 1651 3684 tabulis
1691 3645 1857 3697 adjecta
1886 3652 1950 3687 est
1988 3659 2158 3688 numero
2191 3651 2349 3704 35290,

100 3703 181 3746 quo
210 3707 281 3746 per
312 3699 367 3739 10
399 3698 532 3738 diviso
563 3699 704 3750 prodit
737 3700 1020 3740 eecentricitas
1053 3701 1167 3740 3529
1198 3699 1279 3748 (vel
1313 3702 1529 3754 0,03529).

274 3777 346 3830 81)
383 3789 425 3828 p.
463 3780 564 3821 471.
627 3780 758 3828 Quam
800 3777 901 3820 dicit
942 3780 1146 3831 Keplerus
1189 3780 1469 3831 »peculiarem
1512 3781 1737 3825 tabellam«
1783 3786 1973 3828 invenies
2012 3788 2052 3826 in
2095 3787 2197 3829 Tab.
2237 3787 2347 3828 Rud.

19 3854 22 3867 .
102 3827 176 3874 501.
203 3833 275 3889 82,
306 3846 498 3878 numeros
531 3849 623 3879 vero
656 3850 759 3892 quos
791 3839 994 3891 Keplerns
1027 3838 1095 3881 hic
1125 3839 1249 3879 11111113
1284 3842 1447 3883 concise
1479 3843 1676 3901 exponit,
1710 3842 1798 3886 illic
1830 3856 1914 3887 non
1947 3845 2239 3899 deprehendes.
2301 3846 2350 3887 In
