2554 4140
829 170 969 218 Liber
997 163 1229 229 Quartus(
1273 169 1384 215 Pars
1416 169 1585 215 Tertia.
2228 171 2332 220 377

221 321 291 369 At
324 321 499 369 saltem
537 335 854 371 communem
891 328 1132 371 statueres
1171 322 1302 370 hanc
1343 323 1578 368 virtutem
1616 321 1748 367 inter
1785 317 1952 369 Solem
2003 323 2050 365 et
2084 315 2333 380 planetas,

78 399 357 456 mutuoque
406 401 765 443 commeantem
816 398 922 444 vim
971 395 1276 458 expulsionis
1325 394 1740 454 attractionisque
1755 430 1767 447 ‚
1827 398 1886 440 ut
1933 397 2002 439 est
2049 390 2335 438 eommunis

79 469 214 514 inter
264 466 406 515 binos
440 473 708 537 maqnetes.
786 469 941 517 Immo
990 468 1112 516 haec
1158 469 1266 530 ipsa
1313 467 1486 528 quinta
1528 466 1652 513 ratio
1692 469 1790 524 est,
1843 479 1927 513 cur
1964 462 2176 526 planetis
2214 461 2336 524 ipsis

76 553 175 587 nou
211 539 452 587 tribuatur
489 541 583 587 ista
603 540 842 603 'expulsio
883 547 932 590 et
967 541 1216 599 attractio,
1257 552 1318 587 ne
1355 543 1526 585 mutua
1564 538 1628 584 sit
1666 551 1727 585 ex
1764 538 1873 599 ipso
1915 537 2143 585 creatoris
2183 534 2328 582 insti-

77 617 199 671 tuto,
239 613 322 673 qui
357 611 478 659 nihil
516 611 633 660 facit
672 614 890 675 frustra3-
910 628 1025 676 ergo
1065 614 1106 660 si
1145 613 1470 675 porrigeretur
1507 611 1663 658 virtus
1701 609 1929 671 planetae
1964 622 2121 670 usque
2149 606 2211 655 ad
2237 606 2334 655 So-

77 683 195 744 lem,
243 683 329 732 Sol
366 699 398 733 a
432 684 644 747 planetis
681 687 730 732 in
769 690 1082 750 proportione
1132 699 1385 747 corporum
1425 696 1663 732 conversa
1700 683 1798 730 situ
1835 695 1950 742 suc,
2001 695 2146 743 quem
2185 680 2336 729 habet

78 758 127 804 in
165 761 328 805 centro
366 757 549 818 mundi,
588 761 803 807 emoveri
841 760 921 809 vel
959 759 1132 808 saltem
1171 758 1380 806 titubare
1420 755 1631 816 deberet,
1666 755 1772 817 jam
1810 754 1906 802 huc
1938 754 2041 816 jam
2073 752 2190 802 illuc
2215 766 2332 815 pro-

77 834 275 886 tractus,
314 836 459 892 prout
495 830 634 879 multi
669 831 898 894 planetae
937 833 999 881 ab
1039 845 1136 879 uno
1174 831 1342 891 latere,
1381 829 1527 878 simili
1565 830 1690 878 inter
1727 842 1779 876 se
1804 826 2052 884 facultate,
2095 827 2141 873 in
2170 825 2335 874 Solem

79 903 359 965 ingruerint.
1501 948 1516 958 ,
1775 927 1777 929 -

233 975 428 1024 Videris
464 977 555 1026 hoc
591 977 967 1026 incommodum
1005 992 1070 1025 ne
1106 978 1175 1024 sic
1213 975 1414 1039 quidem
1466 974 1704 1038 effuqere:
1764 973 1851 1022 Sol
1894 974 2030 1021 enim
2067 974 2223 1034 specie
2260 974 2341 1019 sui

77 1050 301 1111 corporis
347 1051 578 1098 virtuosa
625 1065 714 1098 ceu
758 1057 903 1099 conto
956 1051 1205 1099 connis-us
1252 1047 1502 1101 trudendo
1547 1047 1781 1109 planetas
1817 1061 1866 1094 se
1903 1047 2071 1109 ipsum
2108 1044 2337 1099 extrudet

73 1123 544 1185 proportionaliter,
592 1123 893 1186 trahensque
939 1124 1199 1186 planetam
1249 1122 1382 1169 velut
1430 1135 1586 1180 uncO,
1635 1134 1685 1167 se
1727 1123 1893 1183 ipsum
1942 1132 2225 1182 parumper
2271 1117 2341 1164 ad

74 1195 338 1258 planetam
378 1195 612 1244 attrahet.
689 1194 929 1244 Omnibus
967 1194 1124 1244 modis
1162 1195 1257 1242 hoc
1295 1194 1578 1256 effugimuS,
1618 1199 1800 1256 negata
1835 1196 2008 1240 mutua
2046 1191 2338 1239 attractione

79 1273 129 1316 et
174 1267 476 1330 expulsione.
564 1267 726 1316 Primo
780 1271 907 1319 enim
956 1283 1046 1318 nec
1093 1268 1249 1316 forma
1298 1266 1651 1330 dispositioque
1703 1279 1960 1329 corporum
2011 1264 2109 1313 huc
2154 1263 2341 1312 directa

72 1341 193 1400 erit,
232 1341 274 1387 si
312 1342 467 1389 virtus
503 1340 732 1404 planetae
770 1343 882 1390 talis
920 1355 1016 1389 non
1057 1340 1119 1390 ad
1158 1339 1323 1389 Solem
1361 1344 1624 1402 prorogata
1664 1345 1771 1401 est3
1819 1338 1994 1388 deinde
2033 1351 2193 1400 neque
2231 1337 2340 1399 ipso

76 1419 190 1461 actu
226 1412 325 1462 tale
364 1413 481 1477 quid
521 1415 754 1476 sequitur,
795 1417 938 1480 quasi
978 1416 1098 1464 citra
1136 1413 1391 1463 consilium
1430 1414 1687 1472 creatoris,
1729 1428 1787 1462 ex
1828 1411 1935 1461 sola
1973 1410 2212 1460 materiali
2251 1424 2342 1458 ne-

77 1487 319 1535 cessitate.
396 1486 523 1536 Nam
576 1493 714 1536 tanta
765 1495 839 1537 est
884 1488 1065 1547 moles,
1120 1492 1258 1536 tanta
1297 1485 1516 1535 densitas
1551 1487 1600 1533 in
1639 1487 1843 1535 materia
1883 1486 2098 1548 corporis
2137 1482 2339 1542 Solaris,

78 1565 214 1608 tanta
260 1558 367 1620 ejus
414 1562 489 1608 vis
528 1560 804 1609 attrahendi
842 1561 1184 1624 pellendique,
1233 1565 1371 1608 tanta
1419 1561 1634 1608 vicissim
1686 1559 1878 1608 exilitas
1938 1566 1987 1607 et
2023 1558 2252 1621 planetae
2292 1561 2343 1605 et

80 1633 365 1681 renitentiae
405 1634 526 1695 eJuS,
568 1638 622 1681 ut
658 1632 743 1682 Sol
783 1634 842 1682 de
882 1640 1015 1682 statu
1054 1648 1143 1682 suo
1182 1632 1303 1680 nihil
1340 1632 1653 1695 periclitetur.
1727 1633 1808 1683 Sic
1847 1646 1958 1681 cum
1994 1633 2135 1680 navis
2175 1630 2343 1678 haeret

84 1707 132 1752 in
172 1719 321 1754 arena
358 1712 618 1768 potestque
670 1708 863 1755 nonnisi
916 1723 946 1755 a
995 1706 1215 1756 ducentis
1257 1708 1396 1769 equis
1434 1705 1606 1755 revelli
1645 1711 1693 1755 et
1731 1705 1840 1754 loco
1879 1706 2095 1765 moveri,
2148 1708 2342 1752 centum

0 1811 2 1821 >
83 1780 213 1840 equi,
254 1780 479 1840 quamvis
518 1781 615 1827 sint
651 1795 764 1842 pars
804 1780 1009 1829 dimidia
1042 1781 1307 1843 requisitae
1349 1780 1558 1839 virtutis,
1598 1793 1693 1828 non
1734 1785 1898 1827 tamen
1935 1782 2226 1841 promovent
2264 1775 2342 1823 di-

0 1850 2 1873 '
81 1851 284 1899 midium
322 1851 544 1912 solitarii,
585 1855 701 1915 quia
738 1855 862 1902 inter
900 1859 1085 1902 motum
1125 1859 1173 1902 et
1210 1867 1307 1901 non
1349 1858 1533 1900 motum
1571 1852 1709 1901 nulla
1735 1851 1877 1901 datur
1905 1850 2192 1911 dimidiati0‚
2235 1863 2343 1898 cum

80 1925 176 1972 ista
212 1926 310 1971 sint
348 1925 737 1974 contradictoria.

0 1960 6 2029 Ε
51 2002 54 2005 ’
223 1996 325 2045 Die
359 1999 652 2061 hypothesin
689 1999 979 2059 evidentem,
1019 1999 1267 2062 quomodo
1301 1999 1514 2060 planeta
1552 1999 1758 2061 quilibet
1793 2013 1908 2047 suos
1945 1999 2187 2046 circuitus
2223 2009 2345 2044 eon-

41 2116 46 2124 ,
77 2069 216 2132 ficiat
249 2072 554 2134 interimque
589 2073 829 2121 trahatur
866 2080 912 2121 et
949 2073 1206 2120 trudatur.
1277 2072 1574 2134 Incipiamus
1613 2072 1675 2120 ab
1725 2086 1783 2121 eo
1823 2076 2091 2130 momentO,
2146 2066 2344 2131 quando

7 2177 11 2207 ,
81 2142 232 2192 fibrae
269 2146 574 2206 magneticae
610 2145 740 2194 latus
777 2147 1014 2208 praebent
1051 2145 1170 2205 Soli,
1210 2146 1281 2194 sic
1318 2150 1372 2192 ut
1409 2145 1472 2193 ab
1512 2159 1570 2194 eo
1611 2144 1793 2195 distent
1829 2144 2100 2208 aequaliter
2139 2148 2344 2204 utraque

9 2210 11 2258 ἐ
81 2215 311 2264 fibrarum
349 2225 579 2279 extrema,
621 2224 671 2267 et
694 2221 758 2267 sit
796 2218 891 2268 hoc
927 2219 975 2265 in
1003 2217 1238 2267 distantia
1277 2233 1385 2265 om·
1723 2227 1727 2231 ·

83 2290 215 2337 nium
249 2290 537 2353 longissima
562 2291 631 2339 A:
671 2298 787 2341 tunc
811 2291 897 2340 Sol
935 2306 1025 2341 nec
1054 2291 1256 2355 expellit
1279 2291 1390 2354 pla-
1686 2361 1691 2367 .
1783 2267 1864 2308 ΡΨ
1891 2263 1943 2360 68,

84 2368 271 2423 notam,
327 2378 418 2413 nec
455 2363 634 2425 allicit,
685 2365 798 2425 sed,
855 2364 1007 2414 veluti
1055 2365 1231 2414 dubius
1270 2366 1395 2412 inter
1605 2368 1608 2375 ⁴
1707 2403 1755 2428 κ..
1885 2385 1942 2396 --κ

83 2441 368 2499 utrumque,
419 2443 620 2500 prensat
667 2445 829 2487 tamen
881 2437 1019 2486 illum
1066 2443 1114 2487 et
1150 2437 1393 2486 rotatione
1613 2423 1707 2487 ,οῖ’
1802 2454 1813 2461 ·
1834 2415 1931 2509 ‘DA
2079 2448 2125 2486 “a

86 2510 161 2556 sni
199 2511 416 2572 corporis
455 2512 760 2573 emissaeque
798 2513 979 2574 speciei
1010 2525 1239 2574 prensum
1276 2524 1394 2573 pro-
1534 2556 1553 2580 Ι
1670 2521 1698 2551 ·‘
2059 2536 2079 2555 κ

18 2632 21 2641 Ἰ
85 2578 253 2630 movet
298 2583 362 2631 ab
413 2582 457 2630 A
508 2598 680 2632 versus
720 2584 790 2644 Β,
842 2586 1043 2633 vincens
1093 2585 1394 2645 renitentem,
1499 2589 1533 2658 ’,ι’
1567 2557 1675 2638 ΒΕ
2067 2562 2138 2633 (θ
2215 2600 2244 2660 X

88 2654 347 2717 victusque
387 2656 603 2704 vicissim
641 2658 704 2706 ab
743 2656 844 2718 illo,
886 2658 956 2705 sic
994 2663 1047 2704 ut
1086 2657 1222 2704 illum
1262 2656 1398 2707 velut
1613 2591 1833 2754 ’χ
2118 2652 2130 2707 ’Ξ
2240 2661 2258 2716 “,

22 2748 25 2768 =.
88 2740 119 2776 ο
153 2729 392 2787 manibus,
433 2728 529 2777 hoc
566 2735 639 2778 est
677 2745 704 2778 e
740 2728 889 2778 radiis
915 2730 957 2776 A
994 2729 1396 2781 antecedentibus
1477 2717 1797 2831 μεθ-ἠ
1825 2733 1915 2824 1,
2078 2730 2194 2815 Q&

24 2822 26 2831 v
86 2802 268 2863 speciei
308 2803 557 2851 virtuosae
605 2804 797 2851 amittat
835 2804 1144 2866 excipiatque
1183 2817 1395 2864 sequen·
1564 2787 1587 2819 ⁰
1689 2808 1830 2894 l
1906 2809 2049 2895 x

89 2873 219 2921 tibus
256 2873 330 2935 H,
381 2873 529 2937 idque
580 2876 628 2921 in
668 2881 799 2924 certa
841 2878 1152 2939 proportione
1204 2880 1396 2929 virtutis
1761 2817 1914 2963 (lx
1978 2888 2084 2960 ΘΕ.
2248 2863 2254 2878 ’

78 2948 268 3009 ‚speciei
305 2947 354 2994 in
383 2946 467 2995 illo
502 2947 775 2996 intervallo.
852 2948 962 2997 Hoc
999 2956 1146 3012 pacto
1171 2960 1395 3014 promoto
1690 2953 1712 2985 ‘¹
1872 2933 1906 3003 5
1936 2987 1938 2991 >

21 3013 26 3076 Ι
89 3017 302 3082 planeta,
342 3020 457 3068 dum
494 3022 682 3069 interim
709 3020 860 3070 fibrae
898 3024 1201 3086 magneticae
1229 3027 1279 3073 vi
1318 3026 1395 3074 di-
1712 3024 1719 3031 ’
1879 3012 1909 3046 ¹¹
2146 3015 2183 3030 ”

22 3079 30 3217 ἲ
89 3093 316 3141 rectionis
365 3096 414 3141 in
463 3093 666 3142 eandem
705 3093 871 3142 mundi
909 3094 1108 3158 plagam
1155 3103 1391 3160 spectant,
1645 3098 1723 3146 “··.
2006 3123 2053 3150 ,κ
2080 3089 2108 3111 ”

93 3161 147 3213 flt
180 3170 236 3213 ut
281 3165 432 3229 plaga
468 3166 572 3215 Soli
621 3168 778 3215 amica
827 3168 1063 3229 paulatim
1112 3171 1394 3222 obvertatur

27 3231 32 3286 Ι
92 3233 214 3297 Soli,
264 3238 447 3288 discors
487 3241 671 3289 abnuat
723 3255 753 3287 a
791 3239 931 3289 Sole:
979 3246 1096 3290 tunc
1139 3244 1286 3305 igitur
1322 3245 1499 3308 globus
1538 3247 1704 3310 incipit
1741 3260 1771 3294 a
1808 3245 1924 3296 Sole
1964 3246 2111 3308 trahi,
2161 3262 2348 3311 parurn,

29 3313 34 3378 l
94 3307 140 3357 si
171 3324 340 3373 parum
380 3313 503 3361 inter
541 3327 593 3362 se
633 3312 854 3361 differant
892 3316 1248 3364 extremitatum
1288 3331 1319 3365 a
1346 3318 1460 3368 Sole
1501 3319 1787 3381 distantiae3
1827 3334 1924 3383 quo
1963 3325 2118 3369 tractu
2152 3321 2351 3385 planeta

30 3386 38 3470 ς
95 3394 157 3431 a
190 3384 510 3447 amplitudine
549 3385 713 3434 circuli
755 3385 965 3434 inchoati
1005 3387 1051 3432 in
1095 3388 1133 3435 A
1175 3388 1410 3451 paulatim
1451 3393 1710 3441 introrsum
1749 3395 1876 3442 circa
1902 3393 1942 3441 B
1969 3395 2197 3456 recipitur
2237 3408 2349 3441 ver·-

1775 3159 1833 3176 '·—·
1884 3161 1954 3177 -.ον

3 3465 37 3516 {2
96 3466 179 3503 aus
214 3456 406 3518 Solem,
458 3458 594 3507 velut
643 3460 690 3505 in
732 3460 1057 3519 angustiorem
1098 3462 1331 3510 ambitum
1373 3466 1519 3527 inque
1557 3467 1783 3528 virtutem
1829 3460 2138 3529 prensantem
2176 3468 2350 3515 sortio-

6 3531 40 3606 U,
98 3538 211 3587 rom,
250 3531 429 3593 quippe
469 3530 754 3592 densiorem,
795 3547 823 3579 a
864 3545 961 3593 qua
1002 3533 1147 3593 igitur
1182 3548 1234 3582 se
1274 3536 1377 3597 ipse
1417 3539 1575 3586 minus
1600 3540 1804 3588 extricat
1840 3553 1997 3602 eoque
2025 3541 2217 3588 citatius
2258 3539 2349 3587 ab·

8 3599 42 3675 ³3
99 3599 279 3663 ripitur.
355 3602 450 3651 Hic
506 3610 741 3654 attractus
792 3606 928 3652 initio
967 3603 1265 3655 lentissimus
1320 3612 1538 3671 proxime
1577 3610 1648 3673 A,
1705 3616 1820 3660 tunc
1873 3613 1946 3661 est
1994 3611 2346 3676 rapidissimus,

13 3688 43 3726 ι,
102 3672 296 3735 quando
344 3673 430 3723 Sol
475 3683 630 3726 totum
681 3677 1088 3740 hemisphaerium
1146 3677 1360 3742 corporis
1410 3683 1665 3745 planetarii
1718 3686 1926 3735 amicum
1980 3687 2031 3733 in
2087 3689 2347 3747 conspectu

16 3743 46 3799 ἰὴ
104 3741 266 3810 habet,
303 3744 487 3798 discors
523 3765 641 3799 vero
666 3757 819 3799 totum
860 3757 971 3813 post
997 3763 1169 3813 corpus
1206 3752 1433 3815 planetae
1461 3757 1742 3819 occultatur,
1783 3758 1831 3807 id
1867 3764 1940 3812 est
1979 3757 2172 3821 qnando
2198 3758 2348 3804 fibrae

43 3827 49 3884 ᾖ
103 3820 404 3879 mgneticae
439 3827 570 3871 recta
608 3823 879 3885 diriguntur
916 3826 964 3870 in
1002 3824 1162 3884 ipsum
1189 3824 1367 3887 Solem,
1408 3829 1538 3891 quod
1575 3828 1630 3879 fit
1666 3833 1792 3880 circa
1830 3832 1883 3890 C,
1925 3830 2242 3893 quadrantem
2268 3835 2348 3876 to-

21 3902 49 3929 u*
104 3888 200 3937 tius
243 3890 453 3941 ambitus
501 3895 771 3961 circulari„
820 3896 932 3948 inde
982 3910 1149 3946 versus
1188 3897 1233 3946 D
1272 3912 1458 3952 rursum
1495 3904 1740 3954 remissior
1787 3903 1840 3953 fit
1878 3903 1956 3954 hic
2008 3907 2242 3951 attractus
2281 3899 2344 3949 ad
