2554 4140
178 124 242 173 63
246 126 278 172 2
978 109 1048 153 De
1078 105 1264 152 Tabulis
1293 106 1596 166 Rudolphinis

176 269 319 316 mitas
359 266 571 325 ingruat,
610 260 690 307 cui
729 262 777 305 te
802 255 939 304 Deus
960 251 1247 303 subducere
1287 248 1590 316 cogitaverit,
1629 269 1739 304 cum
1763 256 2020 320 Tubingae
2058 261 2106 304 te
2139 255 2432 304 collocaret?

176 341 286 389 Non
325 343 420 396 est,
460 333 644 395 inquis,
684 326 957 377 recusanda
994 326 1197 375 afflictio
1235 326 1454 373 ministro
1495 326 1744 378 ecclesiae.
1824 330 1903 391 At,
1944 331 2140 391 inquam
2183 343 2299 390 eg0,
2338 342 2434 376 non

179 404 324 460 etiam
361 413 436 456 est
473 407 518 454 ei
557 400 850 466 quaerenda,
891 400 1109 462 quinon
1149 403 1221 446 est
1249 397 1406 446 eidem
1445 398 1718 448 obstrictus
1744 396 1889 461 officii
1925 403 2118 450 rationi.
2193 401 2317 448 Nam
2342 401 2436 448 hoc

103 532 105 534 .
178 489 310 532 statu
359 493 519 528 rerum
566 484 759 524 tuarum
812 471 978 520 videre
1029 477 1077 520 te
1114 470 1263 519 velim
1302 473 1448 519 etiam
1486 477 1635 534 atque
1673 474 1846 535 etiam,
1902 490 1963 524 ne
2001 480 2049 523 te
2090 488 2231 523 curae
2269 475 2433 537 potius

178 555 485 612 domesticae,
526 563 672 612 quam
712 545 927 602 studium
964 545 1237 592 sanctitatis
1278 543 1341 591 ad
1379 557 1554 591 munus
1593 544 1975 596 ecclesiasticum
2011 547 2304 610 captandum
2341 548 2436 593 im-

178 627 348 692 pellat.
423 623 522 673 Sed
559 619 656 670 non
696 619 922 667 diducam
958 617 1052 665 hoc
1090 616 1249 664 latius
1329 616 1528 665 Amicus
1567 619 1723 665 amico
1771 618 1864 666 hoc
1901 635 1998 668 uno
2037 621 2187 668 verbo
2227 634 2434 682 suggero

180 699 460 756 consilium,
517 701 571 743 ut
609 694 704 742 hoc
743 691 1020 741 exulcerato
1059 704 1219 737 rerum
1257 694 1387 736 statu
1425 695 1536 738 tuae
1575 689 1843 739 adhaereas
1880 693 2189 754 professioni,
2238 699 2290 740 ut
2329 691 2438 739 hal-

178 787 302 837 cyon
340 768 522 819 litorali
559 767 675 815 nido
717 766 873 814 ventis
912 755 1210 821 furentibus‘,
1258 775 1347 810 nec
1385 769 1558 824 sponte
1604 769 1690 811 tua
1729 764 1791 811 ab
1832 779 1890 812 ea
1926 765 2114 813 resilias
2128 802 2142 826 ‚
2190 767 2306 827 quin
2343 779 2437 827 po-

177 849 273 894 tius
313 848 579 906 exspectes,
621 841 663 888 si
702 837 818 900 quid
856 837 1138 884 vocationes
1179 834 1429 883 ultroneae
1468 835 1670 883 afferant
1708 838 1840 884 novi.
1917 837 2113 887 Interim
2151 841 2192 886 si
2219 846 2303 887 tuo
2343 851 2434 900 ego

178 920 288 967 loco
329 930 498 976 essem,
541 914 672 962 omni
711 909 1083 961 benevolentiae
1123 906 1476 970 significatione
1515 910 1722 970 primum
1761 911 1997 959 victorem
2034 913 2282 973 petitionis
2320 910 2440 958 mihi

179 991 489 1049 devincirem,
529 981 703 1034 deinde
729 983 834 1045 ejus
878 982 1225 1029 intercessione
1265 987 1466 1028 exorata
1502 995 1589 1044 per
1625 981 1846 1030 libellum
1884 983 2151 1046 supplicem
2189 984 2437 1046 significa-

178 1079 279 1114 rem
317 1061 532 1120 senatui,
583 1058 890 1120 acquiescere
937 1067 1014 1101 me
1063 1052 1169 1115 ejus
1210 1052 1396 1114 judicio
1437 1055 1485 1100 in
1525 1054 1618 1102 hac
1657 1054 1919 1116 electione3
1978 1061 2028 1104 at
2067 1070 2175 1104 cum
2218 1058 2437 1118 petierim

177 1138 341 1186 locum
389 1133 529 1182 illum
566 1145 661 1179 non
701 1128 902 1178 honoris
939 1125 1128 1184 studio,
1179 1125 1265 1174 sed
1316 1132 1517 1188 urgente
1554 1129 1758 1190 penuria
1811 1134 1859 1177 et
1895 1135 2029 1177 arcta
2065 1143 2115 1177 re
2159 1128 2438 1190 domestica,

178 1223 358 1272 rogare·
388 1221 480 1268 me,
520 1210 596 1266 ut,
638 1205 680 1252 si
719 1203 789 1250 sic
826 1206 879 1248 ut
917 1199 1151 1248 hactenus
1188 1213 1444 1262 perrexero
1485 1202 1533 1246 in
1573 1200 1868 1262 adjuvandis
1908 1207 1956 1249 et
1993 1201 2167 1250 studiis
2207 1207 2254 1250 et
2292 1201 2440 1249 disci-

179 1274 314 1346 plina
347 1279 648 1343 juventutiS,
702 1275 796 1338 ipsi
834 1274 929 1321 mei
967 1273 1205 1320 rationem
1242 1271 1457 1321 habeant
1507 1272 1569 1320 ad
1607 1273 1769 1322 futura
1807 1272 2023 1340 (Natalia
2061 1275 2213 1333 forte)
2267 1289 2440 1337 meque

179 1356 413 1419 pensione
446 1352 612 1413 aliqua
644 1352 840 1412 propter
874 1345 1020 1407 hujus
1046 1346 1161 1392 anni
1200 1347 1448 1393 caritatem
1484 1359 1706 1394 annonae
1746 1346 1982 1409 adjuvent
2020 1353 2108 1395 etc.
2186 1347 2256 1396 Eo
2295 1347 2439 1396 modo

178 1430 219 1477 si
259 1424 435 1476 blande
476 1437 642 1473 omnes
668 1419 1029 1483 amplexareris,
1069 1433 1098 1465 a
1127 1418 1303 1479 quibus
1341 1418 1429 1466 tibi
1472 1420 1719 1466 existimas
1758 1420 2184 1481 incommodatum,
2208 1426 2274 1483 ‚et
2299 1420 2442 1468 dimi-

180 1514 352 1549 nueres
395 1499 445 1545 in
483 1498 544 1545 iis
585 1496 880 1558 opinionem·
903 1492 1126 1553 concepti
1165 1505 1223 1538 ex
1263 1490 1458 1553 repulsa
1497 1490 1677 1540 doloris
1717 1498 1765 1540 et
1804 1492 2028 1541 duritiem
2058 1508 2248 1542 omnem
2286 1493 2442 1542 emol-

178 1574 314 1633 lires,
365 1576 419 1619 ut
463 1572 524 1617 iis
561 1570 610 1615 in
648 1569 869 1631 proxima
917 1565 1172 1612 occasione
1219 1562 1591 1612 secundioribus
1642 1566 1711 1613 uti
1749 1567 1924 1628 possis.
2001 1566 2078 1615 Ita
2115 1569 2287 1617 sentio.
2364 1566 2439 1614 Tu

173 1646 358 1709 judica.
403 1641 800 1692 circumstantias
828 1653 905 1687 me
944 1638 1166 1700 ignorare
1204 1636 1358 1697 videS,
1399 1644 1448 1686 et
1473 1636 1614 1686 Vale.
1662 1633 1838 1705 10s20.
1876 1632 2041 1687 Martii
2086 1642 2238 1689 1627.
2283 1638 2439 1689 Ulma.

1573 1797 1627 1846 J.
1667 1796 1934 1859 Keplerus,
1974 1797 2368 1849 Mathematicus.

324 1876 379 1924 P.
420 1874 469 1924 S.
525 1872 643 1924 Jam
693 1871 831 1920 finita
882 1870 1094 1934 epistola
1146 1876 1259 1919 tuae
1309 1869 1429 1917 mihi
1474 1877 1588 1918 sunt
1623 1869 1843 1919 redditae
1883 1870 1941 1919 de
1984 1872 2029 1919 6.
2069 1872 2210 1921 Febr.
2288 1873 2442 1922 Simul

180 1951 358 1999 sororis
406 1948 578 2007 literae
630 1945 722 1994 hoc
777 1944 1081 2007 significant,
1142 1942 1295 1990 filium
1346 1958 1507 2010 meum
1555 1944 1603 1991 3.
1652 1943 1819 1991 Martii
1865 1943 2179 1994 Rosweldam
2233 1948 2440 2008 venisse,

183 2026 231 2071 4.
272 2021 506 2086 ejusdem,
547 2021 770 2081 abrupt0,
812 2017 943 2080 quod
970 2015 1164 2066 Ulmam
1197 2018 1486 2077 instituerat,
1526 2017 1711 2077 itinere,
1752 2020 2025 2078 recessisse,
2073 2015 2214 2080 quasi
2252 2019 2443 2068 Tubin-

182 2111 295 2159 gam
333 2108 518 2144 versus.
595 2092 756 2154 Quare
796 2105 904 2139 cum
943 2095 996 2138 tu
1038 2088 1110 2138 6ῐο
1148 2092 1341 2152 vesperi
1380 2091 1646 2152 scripseris,
1686 2088 1822 2137 illum
1854 2090 2238 2154 jamyTubingae
2277 2093 2324 2139 in
2351 2108 2440 2142 suo

182 2169 477 2216 Martiniano
527 2165 678 2213 fuisse
716 2169 851 2226 puto.
926 2163 1070 2224 Legit
1109 2161 1366 2224 epistolam
1406 2161 1465 2210 de
1503 2176 1555 2211 se
1594 2163 1822 2225 scriptam
1861 2162 1924 2211 ad
1961 2178 2174 2212 sororem
2223 2165 2441 2226 ejusdem

185 2241 454 2304 argumenti
493 2253 602 2287 cum
639 2237 792 2285 literis
829 2234 893 2283 ad
931 2235 992 2283 D.
1021 2235 1347 2283 Thummium.
1421 2235 1529 2283 Non
1569 2249 1686 2284 sane
1726 2241 1895 2284 auctor
1936 2234 2010 2282 illi
2047 2251 2154 2285 sum
2191 2237 2442 2287 deserendi

185 2312 436 2376 stipendii,
478 2310 564 2359 sed
603 2309 819 2358 deterreo
851 2323 880 2356 a
918 2308 1184 2367 sumtibus,
1226 2322 1348 2370 quos
1383 2307 1685 2370 impossibile
1726 2314 1799 2357 est
1837 2314 1891 2357 ut
1925 2323 2016 2371 ego
2055 2311 2149 2372 ipsi
2189 2310 2251 2358 ad
2290 2313 2442 2360 satie-

184 2393 336 2435 tatem
374 2383 695 2447 suppeditem.
777 2380 940 2443 Quare
978 2386 1030 2428 tu
1072 2379 1231 2440 velim,
1271 2383 1313 2428 si
1352 2380 1483 2443 quod
1522 2381 1880 2430 incommodum
1921 2397 1981 2431 ex
2018 2381 2111 2432 hac
2149 2382 2322 2432 duritie
2362 2387 2441 2433 vi-

186 2459 312 2508 deris
353 2460 612 2517 oriturum,
662 2454 805 2510 illum
846 2453 1120 2502 demulceas
1159 2452 1335 2502 blande
1375 2460 1424 2502 et
1461 2448 1661 2503 meliora
1699 2469 1894 2517 sperare
1926 2454 2132 2518 jubeaS,
2182 2457 2326 2504 simul
2365 2459 2442 2506 in-

175 2533 335 2591 vites,
387 2537 442 2579 ut
489 2532 679 2591 quoties
719 2527 798 2575 vel
837 2528 1088 2575 minimum
1128 2525 1232 2573 vult
1270 2526 1575 2589 impendere,
1616 2534 1664 2576 te
1704 2527 1949 2588 consulat,
1990 2527 2156 2579 videre
2193 2536 2268 2591 te,
2311 2530 2440 2593 quod

180 2619 278 2652 non
317 2603 544 2652 voluntas
582 2601 656 2648 illi
695 2599 986 2662 frugalitatis
1027 2598 1165 2658 desit,
1207 2598 1294 2648 sed
1326 2599 1567 2662 judicium
1606 2602 1654 2647 in
1695 2601 2051 2649 occasionibus

328 2675 470 2738 Quod
511 2674 569 2723 de
604 2675 821 2722 Brunnio
860 2672 994 2733 nihil,
1035 2686 1232 2720 causam
1273 2673 1404 2722 vides
1442 2688 1501 2721 ex
1539 2675 1614 2733 iis,
1656 2687 1782 2736 quae
1821 2673 1883 2722 ad
1922 2679 1969 2722 te
2008 2677 2153 2738 super
2190 2675 2284 2724 hoe
2322 2689 2441 2723 con-

183 2749 292 2798 silio
333 2750 517 2811 scripsi.
597 2746 953 2796 Gravissimum
992 2751 1120 2794 esset
1157 2745 1275 2793 mihi
1313 2753 1500 2794 mutare
1539 2746 1716 2807 locum,
1758 2748 1921 2795 omnia
1947 2761 2061 2810 ergo
2089 2747 2258 2808 tolero,
2298 2747 2440 2797 dum-

182 2822 328 2872 modo
366 2821 634 2871 toleranda.
711 2818 810 2868 Sed
850 2817 1150 2867 claudendae
1188 2825 1300 2867 sunt
1337 2819 1522 2867 literae.
1597 2819 1683 2867 Est
1718 2821 1864 2867 etiam
1903 2819 2074 2870 ultima
2099 2822 2441 2884 perpendenda

188 2911 350 2954 causa,
393 2895 524 2957 quod
562 2894 768 2942 alterum
805 2906 1052 2951 noveram,
1092 2890 1221 2939 hunc
1259 2893 1458 2954 propius
1495 2902 1591 2939 non
1632 2893 1836 2953 inspexi,
1877 2907 1974 2954 quo
2014 2892 2091 2942 sit'
2114 2896 2325 2958 ingenio.

356 2979 483 3034 Quae
523 2977 569 3021 in
608 2975 868 3033 praemissis
909 2975 1049 3019 amice
1081 2980 1235 3019 monet
1264 2974 1489 3030 Keplerus
1523 2974 1861 3029 Schickardum,
1891 2976 1963 3021 his
1999 2976 2296 3033 explicentur.
2359 2979 2440 3023 Su-

186 3052 340 3104 perest
371 3046 563 3103 epistola
583 3045 852 3091 Schiekardi
883 3044 940 3088 ad
972 3044 1159 3088 fratrem
1180 3043 1364 3098 Lucam,
1397 3043 1443 3086 in
1474 3057 1565 3098 qua
1596 3042 1786 3087 eandem
1805 3049 1955 3089 movet
1977 3044 2298 3100 quaestionem,
2330 3044 2436 3088 scri·
2488 3094 2491 3096 ,
2553 3087 2554 3090 ,

183 3112 294 3156 bens
335 3112 426 3167 (19.
457 3112 593 3157 Febr.
623 3111 779 3166 1627):
818 3112 918 3167 Ego
959 3110 1191 3167 repulsam
1233 3109 1380 3165 patior
1419 3113 1465 3152 et
1509 3109 1565 3152 ab
1598 3108 1723 3153 aditu
1754 3115 1938 3154 senatus
1971 3108 2199 3154 excludor.
2260 3110 2363 3154 Non
2394 3115 2439 3153 te

183 3178 319 3232 latet,
364 3177 524 3232 quibus
568 3177 801 3234 promissis
839 3178 1064 3223 hactenus
1108 3176 1245 3220 vitam
1275 3175 1350 3220 hic
1381 3175 1607 3220 tolerarim
1639 3182 1685 3221 et
1715 3174 1939 3232 quomodo
1970 3174 2207 3219 mitissima
2237 3188 2319 3230 spe
2349 3188 2440 3218 me·
2518 3188 2521 3194 ’
2550 3166 2553 3192 ‘³

184 3242 308 3286 lioris
339 3255 470 3297 aegre
501 3243 686 3287 vixerim
717 3243 905 3288 interea.
965 3244 1102 3287 Potes
1136 3242 1269 3286 etiam
1302 3242 1573 3299 meminisse,
1608 3242 1727 3298 quod
1759 3242 1909 3287 obitus
1942 3240 2034 3285 Viti
2061 3239 2244 3285 Mulleri
2276 3243 2372 3299 (err.
2403 3245 2437 3286 I.

189 3311 307 3358 188.)
349 3319 474 3350 meae
512 3309 782 3363 promotioni
811 3309 928 3353 viam
959 3314 1159 3354 sternere
1190 3308 1248 3352 sit
1278 3308 1416 3352 visus.
1475 3307 1535 3351 At
1568 3321 1693 3365 ecce,
1739 3307 1847 3364 quid
1878 3307 2139 3365 largitiones
2176 3312 2220 3351 et
2253 3307 2439 3351 donaria

174 3372 390 3429 possint:
426 3372 733 3423 Rauscherus,
763 3387 834 3418 me
856 3374 1117 3430 neutiquam
1146 3374 1306 3418 melius
1338 3373 1540 3427 merituS‚
1569 3374 1703 3430 plura
1731 3378 1835 3417 vota
1864 3372 1980 3426 tulit,
2011 3385 2092 3428 ego
2118 3386 2222 3416 vero
2253 3385 2438 3430 prorsus

185 3438 494 3494 inexspectato
525 3439 732 3493 repulsus
763 3453 873 3484 sum.
934 3441 1006 3484 Ita
1035 3439 1174 3484 totius
1216 3439 1411 3484 octennii
1453 3451 1580 3494 spem
1618 3437 1796 3482 fortiter
1841 3438 2147 3483 continuatam
2187 3452 2278 3483 una
2317 3438 2436 3482 mala

115 3502 118 3505 ’
186 3504 299 3547 hora
330 3502 557 3546 exstinxit.
618 3504 808 3549 Unicum
850 3507 1087 3562 desperato
1129 3505 1237 3559 mibi
1270 3504 1504 3550 consilium
1534 3509 1673 3548 restat
1702 3503 1748 3546 in
1779 3502 1904 3558 fuga,
1949 3500 2000 3547 ut
2042 3504 2098 3548 ab
2129 3503 2316 3560 ingratis
2347 3503 2436 3547 Tu-

185 3564 479 3622 bingensibus
520 3565 576 3609 ad
616 3568 830 3613 ecclesiae
872 3571 1168 3615 ministerium
1210 3575 1431 3625 revertar3
1475 3568 1562 3613 nisi
1598 3567 1715 3611 forte
1745 3567 1977 3625 princeps,
2018 3581 2157 3626 penes
2200 3582 2332 3625 quem
2364 3575 2433 3613 est

188 3629 486 3687 confirmatio,
534 3644 604 3676 me
634 3633 849 3690 vindicet,
883 3637 1003 3693 quod
1035 3639 1232 3683 nondum
1266 3636 1514 3692 desperavi.
1552 3661 1600 3666 —
1634 3634 1796 3678 Martio
1827 3634 1944 3680 1628
1974 3636 2095 3680 misit
2127 3635 2431 3680 Schickardus

185 3695 326 3751 fratri,
356 3699 451 3738 tum
480 3696 692 3749 temporis
726 3697 1017 3754 Stuttgartiae
1047 3703 1143 3746 vice
1172 3702 1479 3758 praeceptoris
1510 3700 1706 3744 filiorum
1736 3699 1949 3755 principis
1980 3701 2200 3757 fungenti,
2230 3700 2432 3744 libellum

191 3761 439 3819 supplicem
470 3759 525 3805 de
554 3760 653 3805 loco
684 3761 730 3804 in
761 3770 944 3821 senatu3
986 3767 1058 3811 die
1086 3767 1132 3813 4.
1162 3767 1272 3812 Julii
1301 3767 1486 3812 nunciat
1514 3766 1656 3814 fratri.
1685 3778 1726 3810 er
1756 3766 1816 3822 fet)
1848 3768 2030 3826 beutigm
2060 3770 2176 3825 &aas
2207 3770 2357 3823 gottlob
2387 3770 2431 3813 iu

193 3831 398 3874 senatum
427 3825 611 3884 recipirt
645 3828 818 3873 morben.
