2554 4140
826 151 964 196 Liber
990 148 1183 194 Primus.
1244 148 1357 194 Pars
1389 146 1607 194 Secunda.
2243 152 2342 211 141

95 315 181 363 pro
219 299 422 348 rhombo
474 297 529 345 fit
576 296 892 359 quadratum,
945 299 993 345 in
1049 296 1245 359 solidis,
1299 296 1479 345 fluente
1523 295 1788 358 quadram,
1847 296 2022 358 cubus,
2079 295 2349 358 genitarum

89 372 451 436 perfectissima.
1625 395 1632 397 -

234 444 451 504 Explica
487 443 640 490 etiam
678 448 847 490 ortum
885 456 946 490 ex
979 444 1205 491 sectione.
1281 440 1444 488 Ducta
1479 438 1634 500 linea,
1690 455 1816 502 quae
1868 440 2122 503 diagonios
2157 439 2349 501 dicitur,

90 530 175 578 per
213 517 465 578 oppositos
502 513 946 577 parallelogrammi
982 514 1216 577 angulos,
1268 512 1424 580 figura
1460 513 1565 561 abit
1603 514 1651 560 in
1690 512 1786 561 duo
1824 512 2067 576 triangula
2103 511 2346 575 aequalia,

91 586 404 636 rhomboides
444 589 494 634 in
531 586 727 635 scalena
766 589 920 636 omnis
959 589 1164 650 genem,
1202 585 1504 634 rhombicum
1542 586 1590 653 in
1617 586 1904 648 aequicrura
1929 586 2009 633 vel
2034 585 2350 648 aequilatera.

91 661 148 708 In
185 660 357 708 solidis
398 673 512 708 vero
552 658 981 722 parallelepipedis
1020 658 1166 708 ducta
1203 658 1456 721 superficie
1493 657 1642 721 plana
1686 672 1773 720 per
1810 657 2062 721 diagonios
2101 660 2352 721 opposita-

92 732 199 780 rum
248 732 609 796 superficierum
657 733 1027 795 parallelarum,
1081 731 1287 780 solvitur
1323 730 1788 795 parallelepipedum
1840 733 1890 776 in
1938 731 2053 779 bina
2102 733 2350 794 prismata.

27 816 29 818 ·
91 804 285 854 Deinde
325 807 376 866 in
411 807 670 867 prismate,
725 803 872 853 ducta
909 804 1162 868 superficie
1198 803 1348 866 plana
1391 818 1478 867 per
1515 805 1666 852 trinos
1705 801 1887 852 solidos
1923 802 2153 865 angulos,
2203 819 2352 852 unum

65 878 312 940 'aliquem
349 878 595 942 prismatis
635 877 866 941 angulum
906 880 1297 937 circumstantes„
1349 882 1627 925 resecantur
1661 875 1903 925 tetraedra
1930 877 2111 924 ·omnis
2149 879 2352 939 generiS,

94 957 377 1013 restantque
416 949 693 1014 pyramides
733 949 1103 1013 quadrilaterae,
1142 948 1290 1012 plano
1328 949 1482 999 altero
1520 963 1606 1012 per
1644 948 1906 1012 diagonion
1949 949 2082 997 basis
2120 955 2168 998 et
2204 952 2356 999 verti-

100 1038 204 1072 cem
245 1023 391 1072 ducto
431 1025 481 1070 in
518 1024 636 1071 bina
673 1023 772 1071 alia
808 1021 1077 1082 tetrae'dra,
1118 1022 1399 1084 corporibus
1436 1021 1676 1085 aequalia,
1715 1020 1971 1083 solubiles3
2016 1028 2069 1070 ut
2105 1023 2176 1071 sic
2215 1036 2355 1072 omne

97 1095 547 1160 parallelepipedon
586 1097 732 1144 abeat
771 1098 819 1141 in
859 1109 978 1143 sena
1015 1094 1283 1155 tetrae'dra,
1322 1094 1550 1157 aequalia
1587 1095 1883 1158 corporibus,

249 1169 511 1232 Quomodo
564 1171 768 1216 tertium
819 1181 977 1230 yenus
1021 1182 1116 1229 per
1166 1170 1570 1229 compositionem
1618 1167 1824 1217 oritur?
1911 1165 2092 1216 Omnes
2138 1167 2354 1231 reliquae

98 1241 276 1305 planae
314 1241 497 1304 figurae
537 1246 760 1289 constant
796 1239 1064 1303 trianguliS,
1106 1253 1230 1302 quae
1267 1247 1380 1288 sunt
1410 1239 1969 1303 parallelogrammorum
1995 1246 2172 1305 partes,
2213 1240 2356 1290 dum-

98 1314 243 1363 modo
283 1315 506 1363 binorum
544 1312 893 1376 triangulorum
931 1311 1127 1376 singula
1160 1312 1314 1361 latera
1350 1313 1566 1362 habeant
1602 1313 1805 1362 eandem
1834 1312 2201 1375 longitudinem.
2274 1314 2355 1363 Sic

102 1388 266 1437 omnia
305 1401 507 1450 corpora
543 1386 840 1435 multilatera
887 1391 1240 1449 componuntur
1290 1401 1350 1435 ex
1383 1385 1685 1449 ,supradictis
1722 1387 2037 1449 prismatibus
2084 1387 2165 1436 vel
2201 1392 2354 1436 tetra-

104 1460 246 1521 edris‚
285 1461 678 1523 primigeniarum
716 1459 962 1522 partibuS,
997 1458 1277 1507 dummodo
1327 1460 1551 1508 binorum
1589 1458 1935 1508 tetraedrorum
1977 1459 2171 1523 singula
2205 1460 2355 1523 plana

99 1540 381 1596 congruant
461 1533 683 1595 Suntque
724 1548 784 1582 ex
821 1534 1102 1595 compositis
1127 1532 1486 1595 simplicissima
1509 1531 1786 1597 pyramides
1814 1532 2179 1596 quadrangulae
2205 1533 2352 1582 modo

92 1606 273 1666 dictae,
330 1607 448 1668 quia
494 1611 717 1655 constant
768 1605 1019 1655 tetra‘edris
1057 1611 1246 1654 tantum
1296 1606 1422 1655 binis
1461 1605 1685 1669 singula3
1733 1607 1967 1669 prismata
2010 1621 2127 1655 vero
2179 1607 2348 1668 tribuS‚

90 1686 250 1728 cetera
286 1679 507 1741 pluribus
545 1683 784 1728 constant.

238 1750 472 1814 Intelliqo
522 1758 691 1814 ortam
741 1756 1023 1799 ceterarum
1070 1751 1392 1813 fiqurarum·
1373 1787 1389 1812 ,
1448 1751 1649 1799 videtur
1696 1753 1856 1814 iyitur
1898 1752 2221 1814 sphaericum
2256 1767 2353 1801 esse

92 1828 226 1872 inter
259 1827 594 1887 primiyenias
605 1862 623 1887 ,
674 1826 905 1872 nascitur
942 1826 1077 1873 enim
1128 1823 1275 1887 fluxu
1312 1825 1701 1873 semicircularis
1736 1826 1900 1873 lineae
1949 1828 2084 1874 circa
2130 1827 2270 1887 polos
2309 1833 2354 1873 et

0 1954 1 1959 ¹
93 1892 242 1947 oaeem
279 1897 555 1946 immobiles
565 1914 586 1959 ,-
625 1900 798 1960 itaque
835 1897 970 1944 linea
1009 1897 1275 1945 circularis
1312 1899 1407 1944 erit
1442 1898 1534 1946 illa
1568 1899 1730 1959 prior.
1806 1897 1985 1947 Modus
2029 1899 2122 1947 iste
2161 1898 2353 1947 creandi

5 3074 8 3129 <2⁴⁴
0 2512 8 3023 „0w--2wu—w-vssssv
0 2458 1 2462 Α

91 1969 335 2034 sphaerici
372 1970 707 2019 tantummodo
745 1971 1067 2033 geometricus
1106 1975 1178 2018 est
1229 1983 1316 2018 seu
1352 1971 1517 2033 potius
1562 1969 1898 2033 mechanicus,
1950 1973 2211 2035 geometris
2249 1973 2354 2020 usi-

91 2049 219 2092 tatus
257 2043 321 2093 ad
352 2043 626 2106 juvandum
684 2048 881 2106 captum
929 2044 1167 2104 tironum,
1222 2048 1425 2092 naturae
1466 2057 1583 2093 vero
1621 2043 1888 2108 sphaerici,
1944 2059 2033 2093 seu
2074 2043 2354 2097 considera-

91 2118 212 2166 tioni
264 2116 372 2179 ejus
423 2117 789 2180 metaphysicae
842 2130 1155 2179 nequaquam
1206 2122 1281 2165 est
1338 2118 1646 2166 conveniens
1740 2116 2080 2168 Circumducto
2142 2132 2353 2181 namque

91 2189 410 2251 semicirculo,
449 2195 632 2253 puncta
674 2187 932 2252 quaedam,
971 2196 1027 2238 ut
1051 2189 1246 2251 dictum,
1274 2190 1546 2252 quiescunt3
1585 2191 1807 2253 proxima
1831 2189 1982 2253 tarde,
2022 2190 2184 2240 media
2210 2191 2352 2241 velo-

96 2264 287 2312 cissime
323 2268 603 2324 moventur,
658 2276 766 2311 cum
805 2263 965 2325 ipsum
1001 2263 1310 2326 sphaericum
1347 2264 1411 2311 sit
1447 2262 1663 2326 undique
1702 2264 1777 2311 sui
1815 2265 1969 2327 ipsius
2007 2264 2192 2326 simile3
2246 2278 2355 2314 cum

95 2337 245 2384 etiam
282 2337 331 2382 in
370 2341 478 2385 ortu
503 2336 914 2399 primigeniarum,
957 2350 1084 2399 quae
1110 2335 1306 2385 viliores
1332 2340 1459 2397 sunt,
1498 2335 1925 2400 aequabilissimus
1959 2339 2174 2386 omnium
2197 2351 2356 2401 punc-

94 2415 254 2457 torum
289 2409 449 2457 fluxus
485 2408 644 2458 fuerit.
722 2408 941 2471 Cumque
979 2415 1168 2458 ceterae
1215 2410 1532 2472 primigeniae
1569 2409 1865 2459 lineamenta
1898 2410 2138 2472 habeant,
2179 2411 2356 2474 quibus

96 2483 167 2530 sie
216 2483 411 2544 genitae
458 2480 608 2530 fuisse
655 2481 1015 2545 intelligantur,
1065 2483 1117 2529 in
1163 2481 1415 2546 sphaerico
1463 2488 1633 2533 contra
1678 2482 1866 2532 nullum
1917 2483 2062 2546 hujus
2101 2485 2353 2547 geniturae

97 2555 366 2617 vestigium
403 2560 502 2616 est3
540 2553 661 2602 nihil
700 2556 828 2603 enim
865 2555 916 2601 in
955 2568 1029 2616 ea,
1069 2554 1202 2617 quod
1240 2569 1356 2618 prae
1394 2553 1595 2618 reliquis
1632 2558 1824 2620 punctis
1861 2556 1961 2621 poli
1989 2558 2228 2606 rationem
2264 2556 2357 2605 ha-

98 2627 229 2677 beat.
302 2627 410 2675 Non
453 2632 526 2675 est
564 2628 710 2691 igitur
743 2627 866 2676 haec
903 2629 1117 2691 genuina
1156 2633 1204 2677 et
1240 2627 1576 2714 metaphysica
1627 2630 1752 2678 ratio
1802 2631 2052 2693 geniturae
2102 2629 2356 2693 sphaerici.

97 2699 324 2763 Denique
362 2699 492 2749 linea
529 2700 923 2761 semicircularis‚
982 2701 1162 2765 quippe
1210 2702 1437 2764 gignens,
1493 2703 1625 2765 prior
1673 2708 1804 2752 esset
1840 2702 2118 2766 sphaericO,
2175 2705 2355 2768 quippe

99 2775 279 2836 genito,
319 2773 453 2857 quod
490 2778 565 2822 est
601 2772 866 2822 absurdum
906 2779 955 2822 et
990 2774 1308 2837 impossibile,
1349 2788 1457 2823 cum
1483 2776 1720 2838 posterior
1755 2789 1850 2824 non
1878 2778 1940 2824 sit
1963 2781 2152 2825 tantum
2174 2775 2357 2840 sphae-
2406 2814 2407 2817 η

95 2846 222 2909 rico,
262 2846 348 2896 sed
387 2847 507 2909 ipsis
545 2847 691 2894 etiam
729 2846 890 2908 planis
994 2848 1109 2895 uris.

243 2919 418 2968 Proba
455 2919 588 2968 hanc
621 2920 940 2982 posteriorita
963 2935 1040 2968 em
1077 2920 1241 2969 lineae
1262 2921 1679 2969 semicircularis.
1755 2920 1962 2970 Duobus
2004 2920 2163 2971 modis
2209 2922 2356 2971 intel-

99 2989 269 3055 ligitur
306 2993 417 3041 oriri
458 2990 703 3040 circularis
741 2991 895 3041 linea:
948 2995 1131 3055 primus
1182 2990 1402 3055 vulgaris
1451 2998 1500 3042 et
1536 2992 1845 3042 mechanicus
1884 3000 1960 3044 est
1996 2994 2117 3057 iste,
2166 3000 2222 3044 ut
2261 2997 2357 3044 cir-

99 3066 193 3113 cini
244 3078 342 3114 uno
399 3063 599 3113 brachio
653 3069 814 3113 stante
861 3066 1122 3115 circumeat
1170 3065 1435 3128 reliquum,
1491 3064 1654 3128 quoad
1703 3067 1751 3113 in
1788 3079 1879 3116 sua
1916 3067 2061 3116 fuerit
2109 3082 2357 3119 reversum

6 3134 8 3147 ²
98 3139 332 3201 vestigia3
386 3151 667 3201 quanquam
717 3136 795 3185 hic
842 3136 1017 3186 modus
1067 3152 1098 3186 a
1132 3143 1308 3186 natura
1358 3137 1525 3186 circuli
1563 3143 1637 3187 est
1674 3137 1886 3202 alienus,
1940 3141 2111 3204 incipit
2161 3142 2290 3191 enim
2329 3158 2359 3191 a

105 3215 233 3260 certo
270 3216 476 3276 punct0,
529 3224 638 3259 cum
676 3209 796 3257 nihil
836 3211 900 3257 sit
935 3210 984 3257 in
1024 3209 1229 3272 circulo,
1287 3209 1418 3272 quod
1467 3211 1591 3259 initii
1629 3212 1865 3261 rationem
1902 3211 2100 3263 habeat.
2175 3215 2359 3278 Nequit

8 3278 9 3281 ’
97 3282 243 3345 igitur
278 3285 349 3333 sic
386 3285 591 3333 existere
631 3282 876 3331 circularis
914 3282 1044 3331 linea
1093 3284 1196 3331 sine
1233 3281 1382 3345 plana
1417 3283 1698 3349 superficie,
1755 3287 1833 3334 cui
1871 3284 1957 3335 illa
1994 3287 2133 3350 insit,
2186 3290 2355 3351 nequit

8 3319 14 3422 l
105 3357 254 3406 creari
293 3356 573 3420 superficies
611 3356 715 3405 sine
753 3361 898 3415 recta,
938 3360 1069 3403 recta
1106 3356 1210 3403 sine
1247 3359 1451 3418 punct0,
1494 3358 1665 3420 nequit
1702 3371 1809 3408 esse
1845 3364 2081 3422 punctum
2118 3361 2222 3410 sine
2260 3363 2358 3410 situ

12 3495 13 3498 Ἴ
101 3428 151 3476 ἰιι
185 3427 311 3490 loco,
350 3429 488 3478 locus
526 3429 627 3478 sine
666 3428 835 3492 figura,
876 3442 1002 3490 quae
1041 3429 1288 3476 contineat
1323 3427 1496 3491 locum,
1538 3429 1810 3493 cujusmodi
1847 3431 2016 3495 figura,
2063 3432 2224 3483 locum
2263 3435 2357 3483 cir-

12 3543 14 3561 ,
104 3502 444 3563 cumscribens,
486 3509 559 3551 est
596 3501 929 3564 sphaericum3
969 3515 998 3549 a
1034 3500 1287 3562 sphaerico
1327 3501 1473 3564 igitur
1510 3504 1699 3552 initium
1734 3506 1924 3568 puncti,
1964 3505 2145 3569 lineae,
2186 3521 2357 3570 super·-

13 3597 15 3610 =
102 3571 227 3623 flciei
262 3574 440 3638 planae
478 3581 526 3624 et
563 3573 809 3624 circularis
846 3574 1020 3622 lineae.

109 3644 247 3695 Alter
283 3647 457 3697 modus
495 3646 857 3711 metaphysicus
896 3652 944 3695 et
980 3651 1183 3695 naturae
1222 3647 1547 3709 quantitatum
1573 3649 1980 3712 accommodatus,
2022 3665 2119 3714 quo
2145 3652 2359 3715 gignitur
2398 3657 2401 3660 ⁴

14 3722 17 3746 ¹
106 3719 350 3769 circularis
389 3720 531 3782 linea,
574 3726 647 3769 est
682 3734 769 3783 per
806 3721 1068 3768 sectionem
1095 3717 1350 3782 sphaerici,
1388 3720 1567 3770 factam
1593 3735 1624 3771 a
1648 3721 1823 3786 plan03
1862 3737 2051 3773 rursum
2076 3725 2223 3787 igitur
2260 3730 2356 3772 tam

0 3801 20 3871 ³!
105 3789 308 3854 planum
346 3806 493 3857 quam
531 3792 850 3858 sphaericum,
890 3798 945 3841 ut
982 3791 1204 3854 subjecta
1241 3796 1288 3841 et
1325 3793 1643 3844 instrumenta
1678 3795 1938 3858 gignendi,
1989 3801 2180 3860 oportet
2216 3811 2359 3862 prae-

111 3866 320 3916 existere
356 3864 515 3915 lineae
554 3864 788 3915 circulari.
866 3864 1179 3928 Sphaericum
1219 3864 1365 3929 igitur
1400 3868 1531 3929 prius
1571 3873 1642 3916 est
1683 3870 1827 3917 etiam
1867 3868 2059 3918 circulo,
