2554 4140
818 152 955 198 Liber
983 151 1179 198 Tertius
1238 152 1349 197 Pars
1380 150 1544 196 Tertia.
2205 159 2307 207 261

214 304 351 368 Quid
385 308 454 351 est
491 304 651 364 iyitur
688 303 878 351 clima?
913 305 1002 352 Est
1040 305 1251 367 spatium
1283 317 1371 352 seu
1411 302 1659 364 cingulum
1685 302 1880 365 Terrae,
1920 303 2320 367 comprehensum

62 382 184 426 inter
222 377 343 424 duos
370 374 591 424 *circulos
630 377 886 438 aequatori
922 373 1209 439 paralleIOS,'
1242 380 1431 425 tantum
1468 374 1704 424 distantes
1746 392 1776 424 a
1802 391 1854 425 se
1891 384 2076 438 mutuo,
2117 382 2170 425 ut
2197 378 2323 425 intra

14 502 18 503 ⁷
62 451 172 499 illos
210 463 436 499 excessus
485 446 580 496 diei
631 447 947 509 longissimae
998 464 1146 511 supra
1194 464 1334 498 suam
1384 454 1576 497 noctem
1626 463 1713 511 per
1752 463 1900 497 unam
1938 449 2108 499 horam
2146 452 2321 513 aequi-

62 524 321 572 noctialem
356 522 513 583 possit
549 522 743 569 variari.
908 517 914 522 ’

201 595 287 642 An
311 608 419 642 non
454 593 654 657 sufficit,-
694 599 852 642 totam
887 592 1166 642 Terra-rum
1201 595 1513 657 superficiem
1543 596 1600 642 in
1627 596 1854 657 quinque
1879 598 2041 643 zonas
2061 595 2320 643 dividere?

63 669 226 717 Zonae
264 667 503 729 primariis
544 667 576 713 4
614 666 880 729 parallelis,
923 668 1007 729 qui
1045 672 1158 714 sunt
1197 666 1293 715 duo
1333 668 1508 730 tropici
1546 673 1594 716 et
1633 667 1729 715 duo
1769 665 1989 729 polareS,
2030 682 2061 714 a
2098 682 2150 715 se
2191 669 2322 715 invi-

64 756 168 791 cem
206 738 457 799 discretae,
498 753 726 801 magnam
766 739 987 806 obtinent
1024 738 1358 800 latitudinem,
1399 746 1453 788 ut
1492 739 1678 789 dicetur
1717 741 1765 786 in
1803 740 2138 801 sequentibus,
2217 739 2322 789 Ve-

63 822 187 863 teres
213 813 372 875 igitur,
402 810 707 860 dissimulato
732 826 965 877 zonarum
993 811 1283 872 discrimine,
1311 818 1467 861 totam
1491 812 1624 861 illam
1650 810 1956 861 latitudinem
1983 813 2105 860 inter
2125 826 2321 874 aequa-

64 894 214 936 torem
264 892 311 933 et
349 883 567 946 polarem
616 899 748 933 nova
795 885 888 933 hac
939 886 1127 933 ratione
1179 887 1421 934 concisius
1475 885 1759 934 diviserunt.
1837 884 2120 934 Partiuntur
2173 886 2322 932 etiam

64 972 216 1008 zonae
255 965 409 1007 totam
459 957 763 1020 superficiem
803 957 1014 1006 Telluris
1062 962 1273 1021 suntque
1313 957 1715 1008 considerationis
1755 959 1912 1019 magis
1951 958 2323 1017 astronomicae,

65 1032 283 1090 climata,
333 1030 628 1093 geographis
677 1031 891 1090 notiora,
942 1030 1292 1092 spectabantur
1331 1036 1520 1080 tantum
1560 1033 1607 1078 in
1657 1030 1898 1094 particula
1935 1030 2139 1090 Terrae,
2198 1044 2324 1092 quae

13 1118 23 1123 “
66 1104 311 1153 veteribus
344 1110 453 1165 ¹erat
489 1105 711 1164 cognita,
761 1117 887 1164 quae
927 1104 974 1150 in
1013 1102 1318 1164 longitudine
1358 1104 1739 1165 semicirculum,
1781 1097 1832 1151 in
1867 1102 2125 1152 latitudine
2166 1102 2326 1165 quad-

71 1184 257 1227 rantem
294 1190 390 1224 non
431 1175 712 1224 excedebat.
862 1186 875 1221 ἰ
1077 1176 1088 1186 “
1897 1190 1900 1194 ’

214 1250 347 1313 Quot
380 1249 644 1310 parallelis
679 1248 976 1297 describitur
1013 1247 1265 1309 quodlibet
1308 1241 1502 1296 clim‘a‘?
1561 1248 1762 1297 Tribus:
1809 1263 1923 1296 nam
1978 1248 2078 1295 bini
2131 1262 2325 1311 semper

67 1321 318 1386 quodlibet
355 1322 498 1370 clima
524 1321 797 1382 terminant,
838 1335 962 1370 unus
991 1334 1121 1381 vero,
1159 1336 1246 1383 per
1283 1320 1495 1370 medium
1523 1322 1620 1370 sere
1662 1322 1805 1371 clima
1831 1319 2072 1381 incedenS,
2113 1320 2326 1371 mediam

68 1397 216 1445 habet
261 1395 358 1443 diei
405 1393 759 1461 longitudinem
811 1396 934 1443 inter
983 1393 1311 1456 longitudines
1364 1395 1488 1441 initii
1540 1401 1588 1443 et
1625 1395 1748 1443 finis.
1827 1394 2159 1443 Veruntamen
2197 1409 2324 1443 unus

68 1483 258 1532 semper
295 1466 523 1530 idemque
561 1466 826 1530 parallelus
865 1474 938 1516 est
975 1465 1165 1514 initium
1206 1469 1347 1514 unius
1388 1466 1598 1516 climatis
1637 1474 1684 1516 et
1721 1467 1866 1516 simul
1906 1466 2105 1515 alterius
2144 1466 2268 1534 finis·

214 1541 412 1589 Suntne
450 1542 658 1593 climata
696 1541 924 1602 aequalis
960 1539 1284 1598 latitudinis?
1339 1539 1567 1602 Minime,
1616 1555 1806 1604 semper
1845 1541 1996 1600 enim,
2050 1553 2175 1602 quae
2214 1547 2329 1590 sunt

70 1616 323 1678 aequatori
360 1615 605 1679 propiora,
645 1612 823 1662 latiora
860 1619 987 1661 sunt.
1038 1608 1045 1619 ⁸
1790 1660 1793 1664 .

212 1687 367 1735 Estne
404 1693 568 1735 certus
598 1687 972 1748 parallelorum
1011 1691 1058 1733 et
1094 1685 1359 1734 climatum
1396 1685 1681 1734 numerus?
1722 1685 1843 1733 Cum
1884 1686 2047 1745 omnia
2083 1684 2331 1748 pendeant

69 1779 100 1810 a
135 1758 528 1824 geographorum
574 1760 796 1819 arbitrio,
853 1773 950 1808 non
1001 1759 1174 1806 mirum
1223 1764 1323 1823 est,
1372 1773 1624 1807 numerum
1674 1757 1808 1821 apud
1861 1756 2080 1806 diversos
2134 1760 2327 1808 variari.

67 1834 379 1884 Ptolemaeus
427 1833 564 1879 initio
614 1831 878 1896 parallelos
929 1846 1014 1894 per
1064 1833 1292 1879 semisses
1348 1831 1572 1879 horarum
1613 1830 1913 1879 differentiae
1951 1832 2074 1879 inter
2115 1830 2242 1882 diem
2283 1838 2331 1880 et

0 1914 8 1992 ff
70 1913 261 1956 noctem
303 1905 567 1968 disposuit,
605 1905 700 1954 hoc
738 1911 812 1954 est
849 1905 934 1968 per
973 1903 1266 1967 quadrantes
1305 1904 1709 1953 incrementorum
1751 1899 1848 1973 diei
1886 1903 2222 1967 longissimae:
2276 1910 2344 1954 ut

3 1999 7 2043 r
69 1983 140 2029 ita
177 1980 322 2029 clima
359 1978 613 2040 quodlibet
650 1978 967 2027 differentiam
1017 1978 1143 2025 inter
1192 1975 1318 2025 diem
1358 1983 1404 2025 et
1445 1982 1637 2025 noctem
1676 1991 1775 2025 una
1811 1977 1932 2025 hora
1971 1983 2179 2040 augeat3
2233 1993 2332 2041 qua

3 2046 5 2086 ἶ
70 2054 256 2102 ratione
296 2066 405 2100 cum
442 2053 746 2114 pervenisset
783 2050 846 2099 ad
884 2049 1173 2113 parallelum
1214 2048 1452 2098 decimum
1493 2058 1720 2112 quartum
1760 2055 1808 2099 et
1834 2050 2030 2099 climata
2066 2051 2333 2114 inciperent

0 2124 30 2192 l-
72 2126 271 2175 dimidio
310 2127 469 2172 minus
506 2124 687 2173 habere
727 2124 786 2173 de
824 2123 1083 2172 latitudine
1120 2122 1413 2184 primorum,
1462 2124 1626 2172 subito
1669 2124 1842 2172 statuit
1879 2126 2134 2186 sequentia
2174 2127 2331 2173 incre-

69 2205 235 2248 menta
271 2197 420 2260 dupla
456 2199 686 2260 priorum,
728 2212 793 2246 sc.
834 2196 1061 2245 horarum
1100 2196 1342 2256 semisseS,
1387 2202 1438 2243 ut
1477 2195 1674 2245 climata
1712 2210 1901 2244 rursum
1939 2196 2177 2247 haberent
2213 2197 2331 2246 lati-

8 2311 9 2323 ,
69 2272 284 2322 tudinem
323 2273 600 2333 primorum.
678 2270 734 2318 In
782 2269 968 2318 decimo
1014 2282 1143 2316 nono
1196 2268 1433 2330 parallelo
1486 2283 1677 2318 rursum
1717 2270 2097 2319 attenuabantur
2136 2269 2334 2321 climata

8 2367 9 2370 ¹
69 2346 131 2394 ad
168 2346 343 2408 prioris
381 2343 649 2392 latitudinis
689 2341 967 2401 dimidium,
1008 2343 1154 2403 igitur
1191 2344 1314 2390 inter
1352 2341 1483 2390 hunc
1521 2349 1569 2391 et
1608 2344 1893 2393 vicesimum
1931 2358 2122 2392 rursum
2162 2346 2334 2393 statuit

71 2418 274 2481 duplum
310 2418 485 2480 prioris
523 2417 818 2476 incrementi,
859 2413 1042 2463 scilicet
1080 2414 1249 2462 horam
1284 2415 1542 2476 integram.
1621 2416 1882 2464 Climatum
1920 2431 2036 2466 vero
2075 2432 2330 2466 numerum

72 2499 244 2541 auctor
282 2490 410 2538 idem
462 2489 765 2537 continuavit
813 2489 859 2535 in
912 2486 1270 2550 hemisphaerio
1319 2489 1687 2550 septentrionali
1728 2504 1883 2551 usque
1938 2490 1999 2539 ad
2056 2492 2332 2553 septimum,

12 2596 13 2600 =
46 2554 121 2613 'in
166 2578 263 2627 quo
302 2567 528 2626 coeperat
564 2560 827 2623 parallelos
861 2559 1089 2622 dilatare.
1163 2559 1478 2608 Recentiores
1518 2576 1647 2621 vero,
1688 2567 1878 2619 retenta
1917 2563 2149 2611 distantia
2188 2565 2332 2612 unius

71 2637 352 2701 quadrantis
399 2634 605 2694 horarii,
655 2632 929 2696 parallelos
971 2634 1032 2682 ab
1071 2637 1336 2695 aequatorc
1387 2648 1544 2696 usque
1589 2634 1651 2684 ad
1690 2635 1909 2699 polarem
1948 2637 2015 2684 48
2055 2642 2327 2698 numerant,

50 2710 273 2760 'climata
312 2722 425 2756 vero
468 2708 552 2755 24.

224 2781 317 2830 Ubi
348 2782 564 2842 ponitur
601 2777 825 2825 medium
857 2779 1023 2838 primi
1059 2778 1312 2826 elimatis?
1348 2778 1563 2827 Primum
1603 2776 1937 2829 clima'habet
1977 2782 2126 2843 insui
2166 2780 2327 2839 medio

74 2855 386 2904 differentiam
434 2852 746 2913 longissimae
797 2849 891 2898 diei
932 2866 961 2898 a
999 2857 1141 2899 nocte
1178 2851 1468 2900 brevissima
1506 2851 1731 2900 horarum
1781 2853 2010 2915 duarum,
2061 2843 2329 2903 secundum

71 2928 293 2977 horarum
333 2929 493 2985 trium,
534 2925 725 2972 tertium
764 2916 974 2987 quatuor
1011 2929 1060 2972 et
1097 2926 1169 2972 sic
1208 2931 1573 2986 consequenter.
1683 2958 1686 2961 -
2328 2943 2330 2945 >

219 3000 323 3050 Gur
360 3014 465 3048 non
491 3000 788 3058 inceperunt
824 2995 888 3042 ab
914 3002 1201 3058 aequatur-e,
1239 3004 1481 3059 ponentes
1517 2997 1742 3045 medium
1773 2999 1931 3059 primi
1970 2998 2200 3060 elimatae,
2241 3001 2331 3049 ubi

72 3074 353 3138 differentia
403 3061 509 3118 diez‘
547 3076 592 3117 et
631 3069 810 3117 ποθεῖθ’
833 3073 901 3115 est
939 3069 1093 3117 horae
1137 3071 1320 3128 unius,
1373 3073 1500 3118 sicut
1544 3084 1738 3131 semper
1776 3072 1832 3118 in
1869 3075 2094 3133 sequenti
2131 3074 2331 3122 climate

71 3146 352 3210 differentia
390 3146 510 3192 haec
547 3149 614 3190 est
651 3156 761 3189 una
798 3140 924 3189 hora
963 3143 1202 3191 auctior?
1253 3142 1417 3190 Prima
1465 3144 1623 3205 portio
1679 3141 1737 3191 dc
1789 3141 1882 3191 hac
1920 3145 2170 3207 aequabili
2206 3156 2345 3209 pro-¹

72 3220 317 3282 gressione
368 3233 454 3281 per
501 3219 712 3277 integras
764 3211 931 3273 horas,
989 3213 1287 3263 differentiae
1335 3216 1458 3263 inter
1510 3214 1638 3263 diem
1677 3214 2011 3279 longissimam
2052 3222 2100 3267 et
2137 3224 2328 3268 noctem

13 3257 18 3343 l
74 3292 430 3351 brevissimam,
483 3291 549 3338 cis
590 3296 637 3335 et
676 3287 803 3335 ultra
843 3292 1156 3348 aequatorem
1197 3290 1272 3351 (ut
1310 3294 1357 3336 et
1397 3286 1556 3336 media
1594 3289 1727 3351 regio
1767 3289 1856 3337 sub
1896 3291 2003 3353 ipso
2043 3298 2326 3354 aequatore,

14 3345 21 3435 J
75 3365 121 3412 in
161 3364 299 3427 cujus
336 3361 807 3427 mediotdifferentia
856 3358 978 3407 hacc
1028 3366 1102 3407 est
1140 3355 1300 3425 nulla)
1359 3358 1482 3408 ideo'
1519 3374 1615 3409 non
1654 3361 1745 3408 fuit
1783 3369 2035 3412 numerata
2073 3365 2197 3414 inter
2236 3365 2324 3413 eli-

17 3462 19 3486 l
77 3445 232 3496 mata,
289 3438 404 3500 quia
443 3434 656 3485 debebat
695 3435 840 3482 ctiam
879 3430 1078 3493 aliquod
1111 3432 1298 3493 justum
1347 3434 1559 3495 spatium
1610 3435 1822 3498 reputari
1861 3450 1949 3499 pro
1988 3442 2124 3487 recto·
2159 3438 2327 3486 mundi

17 3490 21 3537 ἒ
77 3510 170 3558 situ
208 3517 256 3559 et
291 3523 389 3558 non
429 3508 676 3567 inclinate,
717 3506 855 3568 cujus
894 3510 1117 3567 respectu
1157 3506 1279 3552 situs
1319 3506 1462 3554 ceteri
1493 3508 1712 3567 κλιματα,
1753 3507 1845 3557 hoc
1885 3515 1957 3558 est
1982 3509 2328 3563 inclinamenta
2384 3559 2387 3562 ,

11 3597 23 3643 ‚3
80 3580 172 3629 diei
207 3589 419 3645 possent.
500 3581 659 3644 Quare
698 3580 823 3628 sicut
862 3577 984 3626 alias
1022 3579 1069 3624 in
1109 3576 1412 3627 arithmetica
1450 3579 1738 3640 generaliter
1776 3583 1960 3631 numeri
2003 3584 2059 3643 2,
2110 3585 2166 3644 3,
2209 3588 2239 3630 4
2281 3591 2328 3632 ct

21 3672 24 3711 i
60 3653 250 3716 ,reliqui
288 3660 508 3718 respectu
553 3657 573 3702 l
618 3647 856 3718 (unitatis)
896 3650 1118 3697 dicuntur
1155 3651 1357 3706 numeri,
1398 3652 1559 3700 unitas
1595 3667 1708 3702 vero
1749 3668 1845 3702 non
1874 3656 2091 3716 venitin
2131 3670 2326 3704 censum

0 3718 26 3776 ll
83 3739 399 3787 numerorum,
438 3726 522 3775 sed
562 3727 792 3775 statuitur
829 3738 915 3787 pro
955 3723 1144 3771 illorum
1186 3724 1437 3786 principio:
1480 3726 1548 3774 sic
1587 3728 1732 3775 ctiam
1770 3726 2134 3784 hic-inclinatio
2176 3733 2324 3789 tanta,

23 3785 29 3850 l
85 3812 209 3859 quae
259 3799 496 3848 efficiebat
543 3802 589 3846 in
643 3797 801 3847 medio
839 3797 1008 3846 horam
1049 3810 1220 3854 unam,
1277 3809 1390 3843 non·
1420 3797 1587 3846 habita
1634 3798 1725 3847 suit
1761 3814 1847 3863 pro
1888 3800 2201 3850 inclinatione
2239 3815 2326 3849 seu

1 3863 28 3997 ’ἕ
86 3869 290 3922 climate.
365 3872 585 3923 Accessit
622 3872 722 3921 alia
761 3885 923 3932 causa,
965 3868 1091 3933 quod
1132 3869 1363 3919 interiora
1401 3875 1446 3919 et
1484 3873 1738 3933 aequatori
1773 3874 1994 3938 proxima
2031 3872 2141 3922 loca
2168 3873 2326 3922 minus

3 4008 30 4116 ξε
