2554 4140
228 147 330 195 372
1045 136 1281 192 Epitomes
1311 135 1626 183 Astronomiae

221 290 402 351 quique
439 286 693 347 gravitatis
732 291 780 334 et
817 284 1035 334 levitatis
1075 285 1326 334 contrariis
1363 285 1610 346 principiis
1649 283 1957 347 dispensatus
1991 283 2246 346 quodlibet
2281 281 2472 331 illorum

217 373 469 423 corporum
508 359 557 404 in
593 371 735 405 suum
774 357 936 406 locum
973 357 1170 417 referat,
1211 355 1419 418 indeque
1459 357 1577 418 fieri,
1617 363 1670 404 ut
1705 371 1794 420 pro
1831 357 1929 406 alia
1966 363 2113 418 atque
2151 355 2250 404 alia
2288 369 2468 418 appro-

216 432 534 496 pinquatione
581 429 646 477 ad
691 427 854 479 locum
903 431 1198 489 naturalem,
1249 443 1337 477 ceu
1376 429 1438 477 ad
1476 444 1702 492 scopum,
1755 429 1854 479 alia
1903 430 2051 478 etiam
2088 434 2236 491 atque
2274 428 2371 477 alia
2410 429 2472 474 sit

218 505 440 554 celeritas
465 509 512 550 et
552 502 759 564 denique
784 518 918 552 mera
958 505 1113 566 quies,
1191 501 1256 551 At
1283 502 1516 550 eoelestia
1543 508 1746 564 corpora
1783 504 1832 550 in
1866 501 2086 551 circulari
2122 502 2281 564 spatio
2307 499 2474 548 mundi

218 577 400 627 versari
437 581 700 638 perpetue,
755 576 885 638 quod
935 580 1218 637 argumento
1258 588 1386 635 esse,
1436 574 1524 623 illa
1570 589 1728 637 neque
1777 577 1949 638 gravia
1986 588 2143 637 neque
2181 573 2314 623 levia
2351 586 2472 632 esse,

219 664 308 700 nec
344 648 430 696 illa
469 650 652 696 moveri
693 662 843 697 causa
883 650 1061 710 quietis
1100 661 1186 695 scu
1225 646 1321 694 loci
1360 646 1645 710 occupandi,
1685 659 1740 696 ut
1778 650 1826 695 in
1854 662 1951 710 quo
1990 662 2180 709 semper
2206 651 2470 705 versentur,

222 721 309 772 ised
347 720 457 770 ideo
496 727 685 769 tantum
724 724 931 780 moveri,
985 726 1039 769 ut
1076 726 1392 768 moveantur:
1439 722 1606 783 itaque
1656 727 1705 769 et
1742 728 1928 769 motum
1966 733 2133 769 eorum
2171 717 2477 781 aequabilem

220 802 269 844 et
307 795 520 857 speciem
560 799 719 842 motus
761 793 907 842 aliam
946 807 1093 855 quam
1131 791 1459 857 rectilineum,
1509 807 1576 841 se.
1625 799 1790 856 aptam
1837 793 2111 842 aeternitati
2149 798 2338 853 motus,
2385 790 2477 838 hoc

222 874 302 916 est
339 869 386 914 in
427 881 480 915 se
519 865 815 926 redeuntem,
857 880 962 913 esse
1003 871 1239 927 oportere.
1263 920 1275 927 ,

371 939 508 1003 Quid
543 938 808 999 respondes
856 939 926 985 ad
968 938 1058 987 hoc
1106 940 1308 986 tertium
1358 938 1753 999 aryumentum?
1798 938 1905 986 Non
1956 939 2113 986 omnis
2150 936 2478 999 inaequalitas

223 1018 441 1062 motuum
490 1017 565 1060 est
619 1025 675 1058 ex
714 1012 955 1072 gravitate
995 1018 1043 1060 et
1079 1011 1310 1070 levitate,
1361 1012 1738 1073 proprietatibus
1779 1010 2151 1071 elementorum,
2189 1009 2278 1059 sed
2315 1009 2481 1071 aliqua

223 1087 368 1135 etiam
406 1099 463 1132 ex
503 1085 770 1131 mutatione
808 1083 1074 1145 intervalli,
1116 1089 1169 1131 ut
1207 1090 1343 1145 patet
1381 1085 1429 1130 in
1470 1090 1608 1132 vecte
1648 1090 1696 1133 et
1732 1090 1945 1144 statera,
1984 1090 2133 1147 atque
2172 1083 2294 1132 haec
2333 1096 2481 1131 causa

222 1159 465 1222 progignit
503 1162 722 1204 motuum
762 1155 1046 1205 coelestium
1091 1158 1411 1206 intensionem
1451 1162 1499 1204 et
1535 1158 1898 1217 remissionem,
1954 1162 2007 1205 ut
2044 1156 2282 1205 hactenus
2321 1155 2480 1218 expli-

223 1237 399 1280 catum.
475 1227 605 1276 Illud
653 1229 845 1276 iuterim
895 1235 974 1278 est
1028 1228 1326 1289 cavendum,
1377 1243 1482 1278 esse
1533 1228 1847 1278 nihilominus
1885 1228 2103 1293 aliquam
2142 1230 2481 1292 cognationem
2547 1275 2554 1281 ,

226 1306 348 1351 inter
384 1302 620 1364 principia
658 1302 914 1364 gravitatis
960 1309 1010 1351 et
1055 1302 1270 1350 levitatis
1316 1303 1366 1348 in
1405 1300 1656 1351 elementis
1692 1308 1740 1350 et
1790 1304 1913 1351 inter
1950 1301 2223 1352 naturalem
2262 1303 2482 1350 inertiam

224 1376 356 1438 globi
396 1373 654 1437 planetarii
693 1374 755 1422 ad
796 1382 994 1435 motum,
1036 1375 1121 1423 sed
1161 1389 1246 1437 per
1283 1389 1430 1437 quam
1467 1373 1603 1423 nulla
1639 1382 1898 1424 excusatur
1937 1374 2267 1438 inaequalitas
2305 1380 2480 1423 motus.

229 1447 370 1510 Quod
411 1460 526 1495 vero
564 1446 767 1508 figuram
807 1449 982 1498 attinet
1011 1454 1196 1509 motus,
1237 1453 1572 1509 argumentum
1611 1461 1707 1496 non
1746 1448 1855 1510 plus
1896 1448 2158 1509 concludit,
2200 1462 2350 1510 quam
2391 1447 2481 1510 ipsi

225 1514 389 1582 largiri
427 1521 700 1583 possimus:
741 1527 925 1569 motum
963 1521 1148 1569 scilicet
1187 1535 1294 1569 esse
1332 1522 1381 1568 in
1418 1534 1471 1569 se
1511 1521 1669 1582 ipsum
1696 1520 1944 1582 reflexum,
1987 1519 2262 1584 cujusmodi
2287 1527 2483 1569 estnon
2546 1531 2551 1577 ξ

222 1599 407 1641 tantum
449 1591 722 1652 circularis,
775 1593 862 1641 sed
901 1595 1050 1642 etiam
1087 1592 1356 1656 ellipticus,
1413 1594 1580 1656 itaque
1631 1601 1850 1645 assumta
1887 1608 1986 1642 non
2026 1600 2280 1657 negantur.
2357 1593 2485 1642 Vere

230 1668 358 1715 enim
396 1679 623 1727 corpora,
663 1679 789 1726 quae
829 1668 956 1716 eirca
992 1680 1108 1717 suos
1147 1680 1263 1715 axes
1303 1665 1591 1725 volvuntur,
1641 1668 1693 1715 in
1730 1666 1823 1716 hoc
1874 1673 2062 1716 tantum
2101 1671 2386 1726 moventur,
2435 1671 2487 1714 ut

228 1746 363 1788 motu
390 1751 478 1787 suo
518 1739 717 1800 perenni
743 1741 960 1788 serviant
997 1739 1143 1788 alicui
1171 1741 1452 1789 necessitati
1490 1738 1624 1802 globi
1651 1741 1743 1801 sui,
1784 1738 1984 1803 quidam
2010 1742 2173 1802 etiam,
2214 1745 2269 1788 ut
2292 1739 2486 1802 rapiant
2543 1771 2545 1784 ÷

230 1811 452 1875 planetas
493 1814 619 1859 circa
657 1825 708 1860 se
747 1813 794 1858 in
834 1825 981 1875 gyros
1019 1826 1271 1875 perennes.

370 1883 469 1932 Dic
506 1890 750 1946 quartum
782 1891 1006 1934 veterum
1034 1892 1398 1948 arqumentum
1435 1900 1469 1933 a
1490 1884 1662 1947 fiqura
1699 1885 1943 1935 circulare
1964 1888 2191 1947 petitum.
2268 1883 2350 1933 Sic
2375 1883 2489 1947 phi-

229 1956 475 2020 losophati
514 1964 651 2006 sunt:
706 1972 764 2006 ex
815 1959 1038 2007 omnibus
1096 1959 1308 2008 motibus
1358 1961 1406 2006 in
1457 1972 1510 2007 se
1557 1956 1872 2008 redeuntibus
1921 1958 2331 2021 simplicissimum
2385 1970 2489 2006 esse

232 2030 512 2079 circularem
552 2036 599 2079 et
630 2030 1048 2092 perfectissimum,
1091 2034 1263 2082 ceteris
1289 2031 1529 2091 omnibus,
1570 2038 1624 2080 ut
1650 2031 1783 2081 ovali
1822 2037 1869 2081 et
1895 2030 2152 2089 similibus,
2189 2029 2491 2079 rectitudinis
2536 2056 2547 2078 v,

230 2102 415 2165 aliquid
442 2101 711 2152 admixtum
737 2116 866 2163 esse,
908 2102 1038 2152 hune
1074 2106 1224 2167 igitur
1249 2103 1528 2154 circularem
1567 2109 1771 2153 naturae
1798 2118 2053 2167 corporum
2082 2103 2484 2166 simplicissimae,

231 2176 361 2224 hunc
400 2174 578 2224 divinis
616 2172 860 2225 mentibus
898 2177 1183 2227 matricibus
1230 2175 1303 2244 (ut
1341 2177 1480 2239 cujus
1528 2175 1838 2240 pulchritudo
1890 2183 1938 2226 et
1974 2176 2206 2240 perfectio
2245 2177 2307 2224 sit
2346 2177 2491 2239 quip-
2523 2175 2544 2235 ἵ

229 2250 359 2311 piam
408 2246 670 2315 mentale),
726 2248 855 2315 hunc
906 2249 1114 2313 denique
1165 2250 1326 2311 coelo,
1377 2247 1511 2312 quod
1560 2249 1863 2312 sphaericam
1912 2249 2063 2301 habet
2098 2249 2331 2313 figuram,
2384 2262 2489 2298 esse

233 2321 676 2371 familiarissimum.

385 2393 646 2457 Quomodo
695 2393 992 2443 diluendum
1041 2395 1130 2445 hoc
1180 2395 1286 2444 est?
1338 2394 1416 2443 Ad
1461 2393 1584 2443 haec
1633 2408 1724 2456 ego
1767 2394 1847 2445 'sic
1895 2394 2196 2458 respondeo:
2249 2396 2404 2459 primo
2448 2395 2489 2442 si

231 2472 391 2516 motus
431 2465 665 2516 coelestes
706 2473 868 2516 essent
904 2469 1079 2517 mentis
1118 2483 1255 2531 opus,
1296 2474 1351 2517 ut
1376 2466 1681 2519 crediderunt
1719 2465 1790 2516 illi
1828 2474 2033 2529 veteres,
2073 2467 2337 2518 admodum
2374 2468 2531 2534 spe-J

235 2542 364 2590 ciose
419 2539 810 2601 concluderetur,
868 2541 1040 2590 itinera
1091 2540 1396 2604 planetarum
1445 2554 1551 2589 esse
1599 2539 1810 2602 perfecte
1859 2541 2127 2591 circularia.
2202 2540 2328 2592 Nam
2378 2545 2491 2589 tuuc

235 2614 422 2676 species
472 2618 652 2673 motus,
706 2617 864 2662 mente
902 2622 1165 2677 concepta,
1217 2620 1347 2663 esset
1386 2614 1553 2662 virtuti
1590 2627 1677 2676 pro
1716 2612 1884 2675 regula
1923 2620 1972 2664 et
2021 2627 2195 2678 scop0,
2246 2612 2310 2663 ad
2349 2626 2488 2676 quen
2526 2623 2554 2649 ³

231 2691 392 2733 motus
443 2685 708 2736 referretur.
787 2685 853 2733 At
904 2693 1065 2735 motus
1116 2685 1353 2736 coelestes
1404 2700 1499 2734 non
1552 2691 1664 2734 sunt
1718 2700 1840 2748 opus
1892 2688 2094 2747 mentis,
2147 2685 2232 2736 sed
2271 2692 2487 2746 naturae,

235 2759 328 2808 hoe
366 2763 439 2806 est
489 2758 724 2807 naturalis
764 2772 1020 2821 corporum
1057 2761 1305 2823 potentiae
1344 2766 1428 2809 aut
1466 2760 1683 2818 animae,
1733 2760 2002 2828 secundum
2050 2759 2160 2809 illas
2214 2757 2490 2823 corporales

234 2831 478 2894 potentias
525 2832 826 2880 uniformiter
875 2834 1090 2894 agentis,
1148 2832 1278 2895 quod
1318 2846 1413 2881 non
1452 2832 1552 2884 alia
1588 2845 1637 2881 re
1678 2830 1889 2882 validius
1928 2833 2314 2899 comprobatur,
2345 2843 2489 2896 quan

234 2903 326 2953 hac
364 2905 471 2966 ipsa
511 2904 851 2954 observatione
889 2911 1292 2966 astronomorum,
1333 2907 1416 2967 qui
1452 2903 1662 2953 fallaciis
1701 2906 1835 2954 visus
1874 2905 2090 2968 legitime
2129 2907 2368 2968 separatis
2405 2903 2518 2953 dea.

234 2975 551 3038 prehendunt,
589 2977 798 3041 relinqui
836 2978 886 3027 in
912 2979 1032 3028 reali
1072 2986 1121 3030 et
1148 2979 1401 3030 verissimo
1440 2983 1575 3028 motu
1599 2977 1826 3040 planetae
1864 2978 2069 3043 figuram
2096 2980 2321 3028 circuitus
2349 2976 2491 3039 ellip-

238 3050 410 3108 ticam,
463 3063 588 3112 quae
642 3050 700 3099 de
748 3051 970 3111 potentia
1017 3051 1226 3101 naturali
1264 3065 1497 3114 corporea
1542 3049 1700 3113 deque
1740 3050 1847 3113 ejus
1882 3053 2065 3114 speciei
2104 3052 2409 3101 emanatione
2444 3053 2492 3099 et

239 3122 592 3182 quantitatibus
631 3124 960 3173 testimonium
1000 3125 1106 3173 fert.
1162 3122 1368 3183 Deinde,
1406 3129 1460 3174 ut
1497 3122 1760 3187 largiamur
1795 3122 1892 3172 illis
1932 3123 2306 3186 intelligentias,
2362 3136 2487 3172 noue·

238 3193 350 3242 dum
390 3200 551 3244 tamen
592 3196 811 3245 obtinent
849 3196 980 3258 quod
1019 3196 1205 3253 volunt,
1245 3195 1572 3245 omnimodam
1610 3196 1796 3246 scilicet
1833 3196 2179 3259 perfectionem
2219 3195 2409 3246 circuli.
2437 3193 2490 3244 Si

237 3280 445 3327 namque
501 3266 558 3316 de
613 3269 720 3318 sola
765 3267 1124 3331 pulchritudine
1171 3270 1336 3318 circuli
1376 3275 1624 3332 ageretur,
1679 3267 1886 3320 circulus
1933 3274 1981 3318 et
2029 3276 2189 3319 mente
2225 3269 2488 3320 rectissime

238 3345 532 3400 cerneretur,
573 3346 620 3388 et
659 3355 862 3404 corpora
899 3344 1005 3405 ipsa
1044 3342 1417 3405 qualiacunque,
1458 3344 1668 3392 maxime
1707 3340 1954 3402 eoelestia,
1996 3341 2267 3403 decoraret,
2311 3343 2503 3409 quippi
2551 3391 2554 3401 ,

242 3412 527 3473 quantitatis
565 3415 844 3490 participia,
897 3418 1146 3476 quantitas
1185 3415 1522 3478 pulcherrima.
1600 3414 1697 3465 Sed
1745 3415 1862 3476 quia
1899 3423 2091 3477 praeter
2127 3421 2338 3465 mentem
2376 3419 2488 3467 tm
2549 3447 2554 3478 2

239 3498 360 3546 opus
401 3490 526 3531 esset
577 3487 721 3534 etiam
752 3486 1083 3536 facultatibus
1122 3488 1427 3539 naturalibus
1476 3494 1524 3538 et
1575 3486 1865 3538 animalibus
1903 3486 1967 3537 ad
2004 3488 2323 3548 movendum,
2374 3484 2486 3534 illae
2547 3491 2554 3550 {¹

237 3571 400 3605 suum
402 3558 561 3604 etiam
601 3565 915 3618 sequerentur
954 3562 1215 3622 ingenium,
1256 3575 1344 3611 nec
1383 3563 1547 3611 omnia
1585 3575 1646 3609 ex
1683 3559 1856 3609 mentis
1895 3558 2182 3622 dictamine,
2223 3558 2356 3623 quod
2392 3569 2487 3606 nun
2546 3577 2554 3623 ς

240 3631 561 3692 perciperent,
611 3628 695 3677 sed
732 3630 884 3678 multa
923 3647 981 3680 ex
1019 3633 1256 3682 materiali
1295 3635 1585 3683 necessitate
1621 3637 1845 3694 agerent:
1894 3646 1989 3681 non
2028 3635 2201 3683 mirum
2238 3634 2407 3696 igitur,
2445 3628 2488 3678 si
2545 3632 2554 3703 j

237 3701 491 3752 facultates
529 3703 650 3749 istae
689 3702 1044 3764 perfectionem,
1084 3708 1208 3755 inter
1247 3721 1298 3756 se
1338 3708 1533 3766 mixtae,
1573 3706 1831 3768 nequirent
1868 3708 2063 3769 assequi
2088 3708 2301 3770 penitus.
2358 3703 2485 3753 Con·
2542 3714 2554 3779 ξ

239 3773 415 3824 cedunt
452 3774 543 3837 ipsi
585 3779 771 3822 veteres
810 3775 983 3824 itinera
1018 3776 1226 3838 planetis
1265 3781 1554 3841 eccentrica,
1606 3790 1733 3838 quae
1771 3776 1924 3826 multo
1963 3779 2120 3842 major
2175 3777 2364 3829 videtur
2399 3774 2486 3824 de-
2541 3792 2554 3838 μ
