2554 4140
180 129 285 181 620
973 127 1043 172 De
1073 126 1261 173 Tabulis
1291 128 1593 189 Rudolphinis

174 274 336 321 simum
367 271 568 317 omnibus
599 271 821 327 hospitem
851 271 1077 329 futurum3
1112 273 1159 317 id
1190 272 1313 329 quod
1342 275 1427 319 etsi
1458 276 1533 319 vix
1562 288 1710 336 spero,
1740 277 2028 324 vehementer
2056 283 2208 324 tamen
2238 284 2345 336 opto
2375 284 2426 326 ut

173 340 464 385 obtineamus.
526 337 614 382 Est
642 336 751 382 mihi
793 337 950 382 domus
995 337 1144 394 ampla
1175 338 1419 400 satis'cum
1449 342 1551 383 aere
1588 347 1872 395 permeante,
1913 348 2007 387 tum
2040 349 2085 388 et
2116 345 2247 390 horto
2279 359 2426 392 amoe-

172 404 371 459 nissimo,
405 413 462 445 ex
492 414 581 457 qua
610 402 894 457 hypocausta
925 401 1033 451 duo,
1067 403 1324 447 cubiculum
1356 416 1516 459 unum,
1559 404 1718 448 cellam
1759 406 2046 463 culinamque
2076 416 2335 465 separatam
2365 415 2428 463 et,

174 471 294 528 quod
325 473 461 526 caput
491 474 575 525 est,
607 469 805 514 animum
836 469 894 513 ad
925 470 1076 514 omnia
1096 470 1421 527 hospitalitatis
1456 469 1608 515 officia
1629 473 1980 526 promtissimum
2002 472 2157 533 offero,
2190 475 2229 519 si
2250 477 2425 523 veneris

170 542 329 596 pactus
358 533 624 590 mercedem,
658 548 748 591 qua
778 534 905 580 nulla
933 535 1045 581 mihi
1074 535 1334 592 pretiosior,
1367 534 1620 593 alloquium
1652 530 2129 597 conversationemque
2161 544 2287 586 tuam
2291 555 2429 605 quo-

172 602 387 648 tidianam
418 630 602 645 .....

280 703 283 705 Α
344 658 456 703 Vale
484 658 680 702 virorum
711 656 938 715 ἐξοχωτατε
969 665 1015 705 et
1046 659 1405 706 eruditissimum
1436 656 1847 746 Hebenstreitium,
1878 662 1964 708 nisi
1994 676 2127 719 grave
2159 667 2240 719 est,
2272 677 2330 711 ex
2359 676 2431 710 me

170 727 458 786 perofficiose
490 725 652 770 saluta.
714 726 769 770 D.
802 727 875 773 23.
904 729 1040 774 Febr
1075 729 1203 775 1627

315 787 645 851 Keplerus
669 786 953 853 Bernegg
970 806 1068 841 ero
1108 791 1158 840 S.
1198 791 1254 839 P.
1294 791 1356 840 D.
1434 762 1712 841 Clarissime
1752 791 1841 850 vir,
1882 792 2147 840 amicorum
2187 792 2354 841 ocelle.

315 862 503 910 Literas
558 866 698 921 tuas,
758 865 834 910 13.
875 865 1018 912 Febr.
1058 866 1310 934 scriptae,
1340 867 1504 926 accepi
1543 864 1739 927 legique
1779 877 1968 912 summa
2007 879 2115 913 cum
2154 865 2425 927 voluptate.

172 937 332 985 Tanta
358 936 485 984 enim
511 940 623 982 sunt
648 934 951 986 humanitate
977 938 1196 999 refertae,
1235 941 1290 984 ut
1314 938 1532 999 profecto
1566 952 1751 997 verear,
1791 937 1967 985 necubi
1993 942 2041 985 et
2065 937 2311 995 mellisxsit
2348 940 2430 985 ni-

171 1012 337 1059 mium.
410 1004 490 1057 De
527 1007 636 1056 loco
676 1008 807 1071 apud
834 1015 1024 1058 exteros
1063 1025 1174 1060 ecce
1203 1011 1398 1073 quantis
1437 1009 1668 1058 subsidiis
1696 1009 1875 1058 oblatis
1913 1011 2206 1059 mentionem
2230 1011 2426 1073 condis;

179 1081 296 1145 quid
335 1095 426 1143 ego
463 1095 559 1129 non
600 1080 900 1145 amplissimo
940 1085 1044 1131 viro
1070 1085 1131 1132 D.
1161 1083 1537 1146 Lingelshemi'0,
1580 1083 1698 1146 quid
1725 1097 1821 1131 non
1860 1083 1950 1131 tibi
1976 1082 2147 1144 debe0,
2189 1085 2274 1146 qui
2298 1083 2430 1132 hunc

172 1156 292 1204 mihi
329 1153 558 1203 concilias
593 1159 641 1203 et
665 1160 853 1203 tantum
892 1170 988 1205 non
1017 1156 1103 1206 das
1130 1157 1285 1220 epulis
1313 1157 1597 1205 accumbere
1626 1156 1825 1204 Divum.
1902 1156 1990 1203 Est
2028 1157 2224 1205 omnino
2253 1170 2429 1206 causae
2481 1147 2485 1152 ’

172 1229 460 1292 plurimum,
512 1242 594 1276 cur
639 1227 785 1289 hujus
837 1243 928 1291 ego
977 1232 1097 1279 tanti
1135 1231 1227 1278 viri
1276 1229 1671 1278 benevolentiam
1707 1231 1832 1278 inter
1869 1228 2122 1277 thesauros
2162 1230 2209 1276 in
2249 1228 2433 1278 futuras

171 1302 486 1351 necessitates
523 1306 768 1363 reponam.
836 1302 926 1350 Cui
951 1317 1070 1366 rogo
1097 1305 1242 1352 etiam
1282 1308 1428 1364 atque
1455 1304 1602 1350 etiam
1633 1302 1791 1351 officia
1830 1315 1939 1349 mea
1972 1317 2207 1365 perquam
2250 1303 2431 1362 tenuia,

174 1378 290 1435 sci0,
330 1387 438 1422 cum
476 1373 634 1422 salute
669 1377 938 1424 renuncies.
1015 1376 1255 1438 Ceterum,
1296 1377 1488 1423 sibene
1514 1376 1726 1436 memini,
1767 1389 1863 1423 non
1890 1389 1980 1437 ego
2009 1377 2194 1438 scripsi,
2233 1389 2310 1424 me
2331 1375 2433 1437 jam

171 1462 298 1496 nunc
324 1445 587 1495 discessum
627 1460 686 1494 ex
726 1447 842 1496 aula
878 1448 1114 1509 meditari,
1156 1451 1204 1496 in
1242 1449 1427 1497 futuras
1464 1447 1770 1497 solummodo
1809 1450 2148 1511 necessitateS,
2182 1449 2432 1511 proposito

174 1521 395 1570 Caesaris
433 1525 534 1567 tam
557 1520 752 1584 minaci,
780 1521 910 1582 quod
939 1537 997 1570 ex
1025 1523 1247 1587 omnibus
1274 1522 1380 1583 ejus
1409 1520 1548 1569 dictis
1573 1522 1812 1584 factisque
1842 1520 2013 1579 elucet,
2054 1535 2161 1569 cum
2190 1534 2286 1569 non
2312 1535 2434 1584 pos-

173 1595 264 1642 sim
304 1592 580 1640 diuturnam
618 1592 856 1656 spondere
881 1609 1065 1649 moram
1091 1595 1184 1644 hoc
1224 1596 1351 1654 loco,
1393 1593 1679 1657 prudentiae
1703 1600 1890 1657 partem
1918 1594 2209 1654 existimavi,
2250 1596 2439 1642 eminus

173 1666 552 1728 circumspicere,
593 1667 702 1727 quis
740 1667 857 1714 mibi
895 1668 1032 1716 locus
1059 1674 1225 1731 patere
1262 1668 1433 1731 possit.
1508 1667 1684 1715 Habeo
1716 1669 1928 1715 rationes
1957 1665 2263 1726 domesticam,
2305 1680 2433 1729 quae

171 1755 250 1789 me
297 1740 442 1787 etiam
487 1745 654 1787 contra
705 1754 839 1802 spem
893 1741 1106 1790 melioris
1158 1747 1314 1790 status
1353 1739 1784 1802 arctiuswalligant
1824 1739 2065 1788 Austriae.
2144 1739 2430 1788 Discessum

173 1815 373 1875 inquam
412 1827 471 1862 ex
509 1811 624 1860 aula
661 1812 788 1861 ultro
829 1818 1067 1863 attentare
1106 1829 1291 1875 vereor,
1331 1828 1551 1862 secessus
1584 1827 1698 1862 vero
1737 1817 1991 1875 praetextu
2031 1818 2218 1862 tentare
2257 1826 2433 1874 proce-

173 1901 279 1935 rum
312 1887 733 1945 (Linoianorumyin
772 1902 849 1935 me
889 1890 1090 1949 animoS,
1130 1890 1285 1950 petita
1320 1887 1503 1935 biennii
1542 1887 1778 1947 absentia,
1820 1891 1874 1934 ut
1913 1886 2108 1935 tabulas
2140 1900 2274 1934 meas
2313 1886 2436 1933 viva

178 1973 300 2008 voce
336 1956 550 2021 profiteri
587 1960 793 2020 possim,
845 1959 894 2007 id
931 1961 982 2007 in
1020 1961 1266 2011 meditatis
1303 1960 1478 2010 habe0.
1554 1959 1612 2007 Ei
1652 1974 1796 2020 vere,
1850 1960 1932 2021 qui
1972 1973 2081 2007 cum
2129 1958 2223 2007 hac
2262 1957 2436 2007 condi-

174 2035 305 2080 tione
345 2045 396 2079 se
436 2030 619 2080 confert
657 2034 703 2079 in
745 2033 1045 2082 academiam
1083 2033 1313 2096 aliquam,
1353 2033 1491 2081 locus
1530 2032 1842 2095 professionis
1876 2031 2148 2080 ordinariae
2186 2045 2282 2080 non
2321 2045 2436 2094 spe-

174 2104 353 2154 randus
393 2109 581 2173 esthan
621 2119 738 2154 vero
776 2106 913 2155 locus
953 2109 994 2156 ei
1036 2106 1239 2155 docendi
1282 2105 1574 2155 concedatur
1611 2112 1746 2154 extra
1783 2104 2012 2164 ordinem,
2053 2104 2100 2151 id
2140 2111 2190 2152 tu
2228 2119 2306 2153 me
2343 2117 2437 2152 no-

178 2180 307 2228 veris
344 2176 536 2226 melius,
617 2177 669 2225 Si
708 2184 838 2227 esset
875 2178 1043 2242 aliqua
1082 2180 1352 2243 frequentia
1391 2178 1741 2238 studiosorum,
1794 2179 2018 2227 existimo
2058 2176 2433 2239 confugiendum

176 2251 239 2300 ad
278 2250 493 2299 altricem
533 2253 872 2311 astronomiae,
912 2253 1243 2314 astrologiam,
1284 2253 1546 2316 petitisque
1574 2251 1875 2314 temporibus
1902 2250 2202 2312 singulorum
2229 2249 2437 2311 geneth-

179 2324 345 2383 liaciS,
398 2321 616 2385 polliceri
654 2337 749 2372 non
790 2331 978 2373 tantum
1017 2329 1254 2374 rationem
1295 2324 1607 2387 computandi
1646 2324 1834 2386 positus
1873 2323 2112 2380 siderum,
2163 2323 2248 2372 sed
2290 2324 2436 2371 etiam

180 2396 552 2460 explicationem
610 2398 1019 2458 significationum
1078 2398 1383 2448 naturalium.
1462 2396 1543 2446 Sic
1597 2399 1723 2445 enim
1775 2411 1835 2445 ex
1883 2394 2189 2444 auditoribus
2233 2396 2438 2459 privatis

179 2469 383 2533 quilibet
421 2483 586 2518 secum
595 2472 728 2538 ipse
768 2470 900 2519 solus
939 2474 1082 2541 sciret
1120 2487 1192 2531 ea,
1236 2486 1361 2533 quae
1401 2486 1430 2519 a
1457 2484 1532 2519 me
1572 2469 1766 2533 publice
1795 2469 2103 2529 dictarentur,
2145 2468 2207 2518 ad
2246 2483 2298 2518 se
2323 2483 2438 2532 per-

140 2543 396 2592 'tinentia.
473 2542 570 2591 Sed
618 2548 782 2592 tamen
837 2559 959 2608 opus
1007 2534 1134 2595 esset
1184 2544 1350 2607 aliquo
1403 2543 1684 2606 adjumento
1733 2548 1864 2592 certo
1916 2547 1964 2591 et
2012 2541 2304 2592 liberalitate
2358 2540 2438 2591 vel

176 2617 406 2681 principis
446 2615 525 2663 vel
562 2617 873 2678 reipublicae.
2078 2649 2081 2654 s

321 2689 396 2737 De
434 2687 737 2738 habitatione
776 2690 971 2753 quidem
1020 2696 1068 2740 et
1106 2690 1298 2753 hospite
1350 2691 1419 2739 sic
1456 2690 1573 2738 mihi
1623 2693 1752 2738 esset
1790 2687 2088 2751 Argentinae
2127 2692 2439 2751 prospectum

177 2768 262 2812 tua
298 2761 664 2816 benevolentia.
715 2769 769 2811 ut
807 2778 866 2811 ea
904 2763 1010 2812 sola
1062 2762 1380 2812 commoditas
1419 2778 1496 2812 me
1538 2763 1857 2825 Argentinam
1896 2759 2090 2812 allicere
2142 2761 2342 2820 debeat,
2393 2762 2438 2808 si

179 2837 325 2886 ceteri
367 2840 554 2883 sumtus
594 2850 688 2883 non
730 2851 878 2899 supra
914 2837 1044 2885 vires
1081 2851 1216 2885 meas
1255 2841 1432 2884 essent.

356 2943 579 2959 .....
622 2908 772 2971 Aliud
811 2908 996 2970 aliquid
1036 2915 1122 2966 est,
1163 2911 1212 2955 in
1252 2922 1349 2970 quo
1388 2914 1471 2956 tuo
1494 2906 1638 2957 velim
1677 2907 1748 2955 uti
1787 2904 2005 2966 consili0,
2046 2919 2217 2953 vereor
2254 2910 2434 2962 tamen,

180 2986 318 3030 netu
355 2995 454 3028 rem
480 2972 509 3028 a
535 2986 583 3030 te
621 2967 772 3030 facias
811 2982 1038 3031 alienam.
1078 2981 1333 3030 Tabulas
1374 2979 1560 3029 excudo
1592 2981 1712 3028 meis
1739 2979 1996 3038 sumtibus,
2039 2983 2246 3025 emtores
2286 2982 2440 3036 erunt,

180 3059 234 3102 ut
270 3051 443 3110 solent,
484 3044 935 3103 mathematicorum
963 3070 1163 3118 operum
1190 3055 1349 3118 pauci,
1388 3054 1670 3118 praesertim
1696 3052 1771 3100 his
1812 3050 1927 3100 belli
1952 3048 2264 3111 tumultibus3
2305 3055 2436 3098 sem-

180 3141 266 3189 per
302 3131 463 3174 tamen
503 3134 640 3176 erunt
679 3127 829 3190 aliqui
869 3130 1015 3178 etiam
1053 3130 1100 3175 i‘n
1133 3132 1396 3192 posterum.
1472 3125 1806 3189 Exemplaria,
1849 3126 1964 3186 quin
2004 3121 2053 3173 ἐν
2087 3141 2186 3179 τοις
2221 3119 2440 3188 ἀποῤῥη-

179 3219 277 3253 τοις
312 3197 433 3246 forte
470 3201 644 3248 melius
683 3202 936 3250 habiturus
972 3202 1123 3260 suem,
1162 3202 1288 3249 facio
1332 3201 1486 3249 1000.
1561 3199 1812 3248 Hactenus
1852 3195 2137 3265 Tampachii
2175 3194 2287 3243 fidei
2327 3210 2433 3244 cre-

184 3270 283 3319 didi
321 3270 440 3318 talia
477 3286 648 3334 opera,
700 3289 827 3335 quae
865 3289 962 3323 non
1001 3276 1138 3338 potui
1169 3274 1328 3326 ,aliter
1364 3274 1457 3320 nisi
1494 3273 1701 3335 propriis
1740 3269 1991 3319 extrudere
2030 3268 2283 3317 sumtibus
2334 3268 2439 3316 ‘An

184 3357 298 3392 vero
339 3343 603 3393 consultius
643 3348 888 3408 aestimaS,
929 3353 981 3394 ut
1020 3362 1079 3396 ea
1117 3361 1277 3395 curem
1312 3345 1559 3394 adservari
1598 3345 1731 3404 alibi,
1771 3345 1819 3390 in
1846 3343 2040 3405 proprio
2068 3340 2290 3390 conclavi
2319 3355 2438 3390 con-

106 3431 109 3433 ·
185 3416 357 3475 ducto,
398 3430 471 3462 an
509 3432 626 3466 vero
667 3421 715 3465 in
754 3419 853 3468 alia
889 3419 1051 3468 urbe‘?
1105 3419 1172 3467 At
1211 3421 1326 3481 quia
1362 3433 1492 3467 nunc
1530 3420 1579 3465 in
1620 3417 1882 3468 Germania
1918 3428 2078 3476 pauca
2115 3413 2441 3462 distrahentur

142 3511 146 3513 >
186 3487 506 3550 exemplaria,
547 3505 606 3535 an
649 3505 737 3552 ego
778 3493 858 3541 vel
896 3490 1070 3542 Ulmae
1109 3491 1379 3553 relinquam
1418 3491 1481 3540 ad
1523 3492 1648 3551 600,
1700 3493 1886 3536 tantum
1926 3487 2031 3534 400
2072 3486 2439 3534 Francofurtum

183 3563 406 3618 mittem,
447 3574 571 3607 anne
610 3564 773 3622 potius
812 3565 1128 3626 Argentinam
1167 3566 1372 3623 mittam,
1411 3569 1465 3612 ut
1503 3565 1600 3611 sint
1639 3560 1829 3611 Galliae
1869 3563 1917 3607 et
1954 3557 2128 3606 Italiae
2166 3558 2438 3606 viciniora?

185 3636 288 3684 Aut
323 3635 364 3681 si
389 3632 711 3680 Frankofurti
749 3635 1066 3696 adservanda,
1109 3652 1253 3699 quem
1293 3651 1408 3699 ergo
1446 3635 1622 3698 suades
1662 3634 1837 3694 eligere
1876 3630 2165 3680 custodem?
2203 3629 2434 3678 Rursum:

189 3722 285 3771 quo
324 3706 478 3769 pretio
517 3704 740 3764 vendam,
781 3709 821 3753 si
859 3711 955 3756 sint
991 3711 1203 3772 paginae
1245 3710 1312 3758 60
1351 3712 1399 3756 in
1438 3709 1556 3756 folio
1594 3705 1752 3756 bonae
1791 3709 1839 3753 et
1876 3704 2073 3764 maioris
2111 3704 2306 3766 papyri,
2350 3717 2456 3750 seu,

188 3778 456 3838 medianae,
494 3782 549 3826 ut
576 3776 864 3841 appellant?
905 3780 954 3828 Si
983 3797 1093 3831 caro
1135 3784 1404 3842 aestimem,
1444 3783 1687 3829 minantur
1715 3783 1799 3825 aut
1837 3778 2111 3824 ominantur
2137 3775 2290 3837 aliqui
2325 3776 2444 3845 imi-¹

187 3854 395 3902 tationes
435 3850 671 3901 Italorum
713 3851 791 3901 vel
818 3851 1079 3915 Belgarum
1121 3853 1408 3918 damnosas3
1447 3855 1489 3903 si
1528 3852 1630 3913 vili,
1668 3849 1819 3902 nihilo
1845 3848 1988 3917 plura
2025 3854 2131 3899 sum
2160 3852 2437 3901 extrusurus
