2554 4140
132 100 159 146 7
168 96 233 144 62
570 112 579 119 ·
899 96 1210 144 Consideratio
1240 98 1604 144 observationum

130 239 384 289 discedunt
421 240 618 304 longius
658 257 689 291 a
727 243 856 292 nodo
895 246 1113 294 australi.
1191 246 1351 296 Valde
1391 252 1555 295 autem
1593 251 1697 295 erat
1733 244 2012 306 verisimile,
2052 245 2390 294 Ptolemaeum

128 315 177 360 in
207 310 300 363 250
326 310 391 378 {5
434 314 721 364 observasse
760 323 947 366 tantam
985 318 1309 379 latitudinem,
1351 325 1584 382 quantam
1624 318 1788 367 definit
1825 321 2087 367 maximam
2125 317 2387 365 borealem.

127 385 227 434 Sed
264 391 426 433 tamen
467 393 518 435 et
554 387 649 437 hoc
685 390 1081 453 perpendendum
1120 393 1237 452 fuit,
1292 395 1511 456 potuisse
1551 391 1684 439 illam
1722 391 1910 454 aliquid
1949 406 2008 440 ex
2047 391 2390 439 observatione

130 457 333 505 duarum
376 459 791 510 circumstantium
831 462 1088 525 colligere,
1128 479 1196 512 sc.
1236 479 1400 512 earum
1440 467 1680 526 ipsarum,
1722 477 1845 524 quas
1886 464 2110 512 adhibuit
2147 462 2211 510 ad
2251 464 2391 510 inve-

126 529 407 592 stigandum
445 547 746 596 apogaeum,
803 539 892 583 etsi
933 536 1051 598 quid
1103 538 1150 582 in
1193 551 1358 584 earum
1397 536 1653 584 latitudine
1694 537 2052 594 observaverit,
2105 535 2255 583 literis
2293 549 2390 582 nou
2444 569 2447 573 <

126 602 394 651 mandavit.
472 605 595 654 Cum
633 608 760 654 enirn
799 607 913 656 illae
952 615 1293 658 removeantur
1331 609 1622 671 aequalibus
1661 608 1930 656 intervallis
1967 623 1998 656 a
2038 606 2133 657 25⁰
2173 605 2265 674 ὓ,
2319 609 2391 654 si-

128 674 324 737 quidem
363 676 677 727 Ptolemaeus
715 679 1021 730 latitudinem
1070 683 1329 744 utrobique
1370 681 1677 730 observando
1726 682 1911 729 invenit
1950 681 2181 740 eandem,
2233 679 2392 728 dicere

125 751 301 812 potuit,
339 748 543 799 limitem
583 766 689 800 esse
729 753 776 798 in
816 753 1008 815 medi03
1060 755 1100 802 si
1139 769 1257 804 vero
1297 754 1449 817 paulo
1488 754 1724 816 maj0rem
1774 753 1910 801 illam
1948 754 1997 800 in
2037 747 2132 801 290
2173 759 2240 815 52,
2288 753 2392 815 jam

125 821 333 869 limitem
386 823 676 873 concludere
726 829 887 886 potuit
938 842 1043 876 esse
1096 827 1324 888 ulterius,
1379 842 1445 878 se.
1484 845 1593 889 περι
1631 845 1692 875 τα
1731 829 1985 876 τελευταια
2022 844 2111 874 του
2149 843 2389 889 καρκινου.

126 893 188 940 Et
228 895 421 956 inveni,
461 898 502 944 si
543 900 715 948 triente
754 899 935 960 gradus
975 899 1133 961 major
1171 899 1379 948 latitudo
1420 899 1722 963 deprehensa
1759 899 1903 947 fuerit
1940 899 1988 944 in
2031 894 2126 946 290
2167 903 2207 960 52
2247 912 2395 959 quam

127 967 177 1012 in
220 962 314 1015 210
341 968 435 1029 H,
469 969 576 1031 jam
616 969 675 1017 de
715 971 844 1020 uodo
884 975 932 1020 in
969 972 1065 1020 fine
1094 969 1160 1038 ὓ
1201 980 1385 1021 certum
1425 987 1533 1021 esse
1570 974 1807 1036 potuisse.
1883 970 2075 1018 Munivi
2117 975 2280 1018 autem
2316 984 2393 1018 me

129 1040 280 1087 etiam
328 1047 496 1089 contra
543 1043 744 1090 insidias
795 1044 1092 1093 diversitatis
1139 1045 1508 1094 intervallorum
1544 1044 1676 1093 Solis
1723 1051 1770 1092 et
1807 1043 2011 1103 Terrae,
2066 1042 2295 1105 Solisque
2347 1048 2395 1090 et

126 1111 299 1160 Martis
335 1113 386 1159 in
428 1110 522 1163 210
550 1116 615 1176 Π
657 1121 707 1164 et
744 1113 838 1165 290
868 1123 936 1180 gg,
978 1120 1069 1165 etsi
1096 1118 1366 1167 Ptolemaei
1407 1115 1495 1185 (de
1535 1117 1676 1179 eujus
1717 1115 2143 1165 observationibus
2181 1115 2394 1176 agimus)

127 1184 426 1249 hypotheses
469 1187 906 1239 considerationem
944 1189 1070 1239 hane
1107 1205 1205 1240 uon
1244 1193 1510 1254 requirunt.
1587 1191 1762 1238 Inveni
1809 1196 2000 1250 autem,
2052 1202 2150 1236 uon
2189 1187 2395 1236 multum

127 1256 208 1306 hic
246 1259 442 1309 turbare
481 1260 755 1310 intervalla

273 1330 394 1379 Cum
444 1334 592 1396 igitur
639 1341 895 1398 appareret
942 1337 1168 1395 omnino,
1228 1337 1522 1401 suppetiisse
1569 1334 1856 1383 Ptolemaeo
1912 1333 2280 1381 observationes
2331 1329 2397 1378 ad

125 1402 252 1452 hanc
303 1405 418 1453 nodi
467 1407 762 1455 locationem
800 1409 1106 1468 commodae,
1155 1423 1252 1457 non
1302 1408 1562 1457 videbatur
1610 1409 1661 1454 in
1714 1406 1915 1454 dubium
1957 1405 2232 1454 vocandum
2284 1403 2393 1465 ejus

126 1475 420 1526 affirmatum
458 1478 516 1527 de
557 1480 712 1528 limite
751 1482 799 1527 in
836 1480 931 1529 fine
959 1479 1068 1565 Cy,-
1095 1481 1143 1528 h.
1168 1496 1209 1529 e.
1247 1481 1369 1529 mihi
1410 1481 1514 1544 (per
1553 1494 1710 1529 meam
1737 1477 2149 1542 praecessionem)
2188 1479 2236 1523 iu
2262 1479 2397 1539 prin-

128 1549 253 1612 cipio
297 1557 353 1613 g?
429 1550 541 1601 Hoc
587 1554 735 1615 igitur
782 1558 992 1613 statuto,
1048 1554 1151 1616 jam
1191 1554 1431 1618 Dionysio
1493 1553 1651 1602 nodus
1699 1554 1748 1600 iu
1799 1548 1896 1602 260
1938 1554 2023 1583 *fl-
2070 1550 2298 1599 veniebat
2349 1554 2399 1598 et

125 1621 300 1670 Martis
339 1623 548 1673 latitudo
589 1626 651 1674 ad
696 1630 776 1676 15
816 1625 932 1676 Jan.
972 1626 1113 1693 (haec
1151 1629 1279 1675 enim
1319 1627 1423 1675 dies
1474 1626 1594 1675 mihi
1641 1626 1802 1674 adhuc
1840 1624 2076 1673 haerebat
2128 1626 2174 1670 in
2213 1619 2397 1686 animo)

126 1697 500 1758 computabatur
538 1712 578 1746 e.
625 1696 680 1747 10
721 1699 796 1758 8’,
836 1706 892 1747 ut
930 1702 1034 1748 sive
1074 1699 1244 1748 eadem
1283 1700 1427 1748 fuerit
1479 1699 1594 1748 olim
1637 1699 1903 1760 obliquitas
1943 1697 2218 1759 ecliptieac‚
2270 1709 2396 1758 quae

130 1767 293 1828 hodie,
332 1768 468 1818 Mars
507 1772 642 1820 visus
682 1772 826 1820 suerit
866 1779 1060 1837 propter
1098 1772 1244 1821 fixam
1282 1782 1410 1821 stare
1450 1780 1497 1820 et
1530 1774 1601 1820 sie
1639 1771 1700 1821 ad
1727 1772 1860 1819 illam
1899 1771 2235 1832 agglutinatus
2274 1783 2396 1828 esse,

126 1842 234 1889 sive
277 1842 540 1905 obliquitas
581 1851 629 1892 et
666 1844 792 1893 fixae
832 1845 1041 1894 latitudo
1083 1846 1200 1893 olim
1226 1846 1450 1908 majores,
1491 1845 1626 1893 Mars
1652 1846 1797 1907 igitur
1822 1843 2183 1892 meridionalior
2221 1841 2393 1890 eadem

127 1915 422 1963 transiverit.
502 1915 719 1978 Quorum
760 1923 920 1966 utrum
960 1918 1082 1972 velis
1120 1918 1280 1966 serunt
1318 1919 1470 1966 verba
1510 1918 1854 1967 observatoris.

271 1987 376 2036 Etsi
415 2003 530 2038 vero
556 1989 690 2038 Mars
729 1989 774 2038 d.
820 1996 901 2042 18.
929 1990 1045 2040 Jan.
1086 1991 1216 2040 nodo
1256 1993 1632 2055 appropinquat,
1675 1990 1947 2038 diminuens
1978 1986 2299 2047 latitudinem,
2342 1992 2396 2036 ut

126 2058 212 2108 fiat
249 2062 406 2110 minor
443 2077 590 2125 quam
636 2060 692 2111 10
719 2062 784 2123 8¹,
824 2070 988 2113 manet
1025 2071 1188 2112 tamen
1229 2064 1391 2112 adhuc
1430 2063 1672 2112 borealior
1710 2063 1854 2112 stella
1892 2060 2158 2109 seeundum
2196 2060 2395 2109 hodier-

130 2147 246 2180 num
300 2134 535 2194 abacum,
593 2150 659 2184 sc.
714 2134 769 2184 10
809 2137 855 2184 7’
893 2138 940 2186 b.
1024 2137 1201 2199 Itaque
1250 2137 1456 2185 multum
1504 2138 1714 2199 acquirit
1764 2135 1877 2184 fidei
1926 2135 2047 2182 haec
2099 2134 2392 2193 observatio,

128 2219 422 2270 quocunque
473 2208 550 2256 die
597 2208 834 2257 inciderit.
911 2209 1035 2258 Cum
1082 2215 1244 2258 autem
1294 2210 1388 2258 hoe
1441 2216 1587 2273 paeto
1635 2208 1794 2256 nodus
1850 2209 1900 2255 in
1952 2221 2110 2254 rerum
2161 2208 2394 2269 principio

131 2278 276 2327 valde
315 2294 466 2343 prope
506 2281 720 2329 medium
758 2284 886 2344 signi
927 2283 1139 2330 Piscium
1181 2284 1397 2347 veniret,
1437 2295 1637 2346 operam
1678 2280 1813 2373 dedi,
1852 2286 1909 2328 ut
1946 2278 2164 2328 calculus
2202 2278 2251 2326 id
2289 2293 2395 2327 me-

131 2351 263 2400 dium
304 2358 489 2402 teneret
527 2355 783 2417 exquisite.

276 2425 545 2488 Postquam
593 2427 716 2476 haec
760 2429 808 2474 in
848 2426 1009 2475 Marte
1059 2431 1352 2487 tentassem,
1406 2425 1604 2474 dimisso
1657 2439 1716 2474 eo
1768 2426 1974 2473 transivi
2013 2423 2076 2471 ad
2114 2422 2295 2472 Jovem
2349 2430 2397 2472 et

131 2495 409 2547 Saturnum.
486 2500 543 2548 In
582 2500 675 2549 hoc
714 2514 829 2549 vero
871 2499 1164 2562 deprehendi
1204 2515 1263 2549 ex
1290 2499 1701 2548 manifestissimis
1738 2497 2187 2547 Waltherianarum
2226 2497 2396 2546 obser-

131 2572 382 2619 vationum
422 2573 629 2634 indiciis,
668 2579 829 2622 motus
868 2571 1055 2620 medios
1095 2572 1303 2622 diversis
1341 2572 1521 2622 seculis
1558 2585 1654 2619 non
1695 2571 1759 2619 ad
1785 2572 2011 2618 minimas
2040 2584 2197 2631 usque
2235 2571 2399 2618 minu-

137 2644 230 2692 tias
264 2659 375 2693 esse
416 2652 717 2706 constantes,
768 2645 855 2694 sed
906 2660 1016 2693 cum
1065 2659 1161 2694 non
1201 2645 1330 2694 ultra
1372 2651 1472 2693 120
1512 2650 1562 2692 et
1604 2649 1702 2692 160
1745 2657 1900 2692 annos
1939 2659 1970 2690 a
2007 2642 2399 2704 Regiomoutano

134 2722 182 2764 et
208 2716 463 2766 Walthero
502 2720 734 2779 absimus,
774 2718 1011 2767 caleulum
1050 2725 1212 2766 tamen
1251 2732 1337 2782 per
1373 2719 1770 2766 observationum
1800 2715 2207 2764 Ptolemaicarum
2247 2717 2401 2763 vesti-

131 2791 213 2850 gia
252 2789 314 2838 ad
354 2806 442 2839 nos
483 2806 638 2854 usque
678 2790 940 2840 deductum
979 2792 1249 2853 aequaliter
1286 2790 1559 2852 relinquere
1607 2797 1720 2853 post
1755 2804 1809 2838 se
1849 2788 2111 2837 Saturnum
2149 2788 2213 2836 ad
2251 2787 2398 2837 Wal-

132 2861 258 2909 thcri
297 2863 516 2911 seculum
554 2866 714 2928 spatio
755 2865 876 2912 satis
913 2864 1123 2912 notabili
1163 2862 1273 2922 35¹,
1330 2862 1436 2922 40‘,
1494 2862 1604 2919 45⁴,
1648 2861 1756 2922 50¹,
1809 2862 1956 2923 idque
1997 2867 2276 2909 constanter
2314 2875 2400 2924 per

134 2939 289 2983 totum
327 2939 584 2986 eccentrioi
621 2939 891 2994 circuitum,
931 2951 991 2984 ne
1032 2938 1142 2999 quis
1181 2937 1448 2996 existimet,
1498 2938 1548 2982 in
1584 2936 1794 2997 apogaei
1833 2937 2016 2983 vitioso
2055 2933 2164 2982 loeo
2204 2946 2401 2982 eausam

133 3006 361 3057 residere.
439 3009 559 3058 Tale
612 3022 729 3058 vero
779 3010 1031 3071 quippiam
1082 3011 1228 3057 etiam
1285 3011 1335 3056 in
1387 3008 1517 3057 Jove
1572 3010 1817 3069 etiamque
1869 3009 1918 3054 in
1956 3006 2114 3054 Marte
2164 3005 2226 3054 ad
2279 3005 2401 3054 illud

135 3080 378 3145 Waltheri
414 3083 634 3131 seculum
674 3083 937 3144 contigisse
976 3088 1194 3145 appar,et
1236 3080 1382 3142 idque
1421 3083 1469 3128 in
1508 3087 1672 3145 partes
1713 3082 2004 3139 contrariaS,
2044 3093 2104 3127 ne
2146 3079 2257 3141 quis
2293 3092 2401 3126 rur-

140 3165 248 3201 sum
286 3153 383 3202 hoc
420 3154 557 3204 falsis
595 3155 799 3203 fixarum
837 3154 959 3202 loeis
998 3156 1156 3217 possit
1191 3155 1469 3202 attribuere.

278 3223 492 3276 Detecta
540 3228 632 3276 hac
669 3229 1007 3289 inexspectata
1058 3228 1382 3288 omnibusque
1422 3226 1778 3274 mathematicis
1829 3225 2076 3285 incognita
2126 3221 2402 3283 inaequali—

135 3301 252 3358 tate,
285 3299 390 3360 jam
427 3300 709 3348 recordatus
748 3315 840 3361 ego
882 3299 1239 3359 difficultatum,
1279 3314 1404 3361 quas
1443 3299 1675 3347 adiissem
1711 3300 1758 3344 in
1798 3295 2014 3344 locandis
2041 3294 2240 3357 epochis
2265 3293 2403 3342 Mar-

137 3371 226 3429 tis,
283 3370 571 3433 dissidiique
633 3372 763 3434 quod
813 3386 865 3420 se
923 3372 1101 3420 obtulit
1157 3387 1215 3420 ex
1269 3371 1437 3419 seculo
1477 3372 1703 3434 Dionysii
1745 3377 1793 3418 et
1830 3369 2051 3417 modicae
2091 3367 2404 3415 discessionis

139 3442 435 3505 epocharum
481 3447 784 3507 Χριστιατων
831 3460 861 3492 a
909 3447 1102 3506 punctis
1156 3443 1512 3503 cardinalibus,
1561 3444 1665 3505 jam
1713 3443 1876 3490 mirari
1930 3447 1978 3488 et
2027 3439 2220 3500 fatigari
2264 3438 2401 3497 desii,

139 3517 406 3565 certissime
446 3531 731 3578 persuaS11S‚
787 3517 999 3579 epochas
1037 3519 1234 3565 omnino
1275 3531 1442 3565 omnes
1481 3519 1529 3562 in
1570 3517 1815 3564 creatione
1861 3515 1908 3559 in
1948 3513 2139 3573 punctis
2179 3511 2404 3560 cardina-

137 3588 269 3636 libus
309 3587 461 3636 suisse
499 3587 686 3637 locatas
727 3604 883 3651 exque
923 3591 983 3637 iis
1022 3590 1176 3639 veluti
1218 3590 1491 3638 carceribus
1530 3595 1633 3635 tum
1658 3588 1884 3650 planetas
1909 3587 2055 3646 ipsOS‚
2097 3591 2199 3632 tum
2237 3598 2404 3633 eorum

139 3660 336 3721 aphelia
373 3659 625 3722 nodosque
666 3663 713 3707 in
753 3677 843 3710 sua
879 3662 1146 3723 quemlibet
1183 3664 1344 3725 spatia
1382 3663 1673 3722 excurrisse3
1715 3657 1847 3721 quod
1875 3672 1989 3705 vero
2028 3659 2263 3718 reperitur
2302 3656 2403 3703 dis-

140 3731 318 3780 sidium
359 3734 756 3781 observationum
795 3735 1017 3794 quolibet
1053 3735 1221 3783 seculo
1267 3735 1330 3782 ab
1370 3734 1669 3795 aequalitate
1719 3732 1890 3778 horum
1938 3744 2163 3777 cursuum
2211 3731 2259 3776 in
2299 3728 2402 3776 cal—

141 3805 252 3854 culo
305 3807 594 3869 observata,
639 3805 690 3854 id
744 3812 857 3868 post
903 3806 1113 3868 plurium
1161 3806 1435 3857 seculorum
1480 3805 1799 3855 sufficientem
1838 3804 2187 3866 experientiam
2233 3801 2403 3864 aliqua
