2554 4140
202 120 306 172 540
633 87 641 117 ι
939 122 992 167 Ιιι
1021 122 1264 179 Epitomen
1293 121 1439 191 Notae
1473 118 1689 170 Editoris.

377 267 446 321 14)
477 279 516 317 p.
552 268 647 309 154.
708 266 911 318 Keplerus
944 271 992 308 in
1024 270 1194 310 Tabulis
1223 271 1498 321 Rudolphinis
1539 271 1725 320 catalogo
1766 255 1940 312 fixarum
1980 273 2197 321 subJuuxit
2233 270 2431 310 tabellam

201 327 490 367 refractionum
519 325 723 375 triplicem
754 327 974 379 Tychonis,
1007 341 1131 381 quam
1160 341 1235 367 nos
1268 329 1438 378 Opticae
1467 326 1708 369 addidimus
1739 330 1848 382 (Vol.
1881 332 1933 369 ΙΙ.
1963 343 2006 381 p.
2036 327 2164 380 403.),
2197 334 2237 368 et
2267 341 2431 369 causam

201 386 318 424 affert
334 385 473 424 ,hancz
517 385 644 436 „quia
673 385 782 437 idem
814 389 855 424 et
886 384 1194 436 Griinbergerus
1224 388 1322 426 fecit
1351 389 1395 426 in
1427 399 1500 426 sua
1529 389 1705 427 fixarum
1734 388 1942 428 editione“
1976 390 2066 435 (cfr.
2097 390 2152 430 11.
2183 400 2225 438 p,
2258 389 2342 428 783
2375 391 2430 437 S.)

199 450 359 490 Deinde
401 449 558 499 pergit:
605 445 725 490 Usus
766 445 962 492 tabellae
997 461 1089 492 non
1120 448 1361 504 praecipue
1390 449 1585 493 refertur
1614 449 1670 492 ad
1691 450 1922 495 ‚calculum
1943 453 2110 496 *harum
2142 450 2432 506 Tabularum,

201 518 252 556 ut
283 524 400 568 quae
430 524 521 555 non
551 511 822 567 profitentur
848 512 908 571 id,
937 514 1059 570 quod
1091 514 1240 558 sidera
1259 514 1495 570 patiuntur
1523 514 1570 558 in
1601 507 1705 558 aere
1742 515 2037 573 inconstanti,
2069 516 2148 560 sed
2177 515 2335 559 unicus
2367 519 2436 558 est

199 577 246 621 in
274 576 564 633 ,applicandis
603 576 659 620 ad
698 577 922 622 caleulum
967 580 1373 625 observationibus.
1432 581 1550 627 Nam
1593 581 1630 625 si
1673 583 1743 633 est
1782 581 2021 627 observata
2051 582 2211 626 sideris
2243 580 2434 625 altitudo

199 643 417 699 refracte,
449 655 532 699 per
562 643 842 689 altitudinem
873 645 1123 700 quaesitam
1152 647 1198 690 in
1229 647 1428 703 margine
1459 659 1651 703 excerpe
1680 646 1997 691 refractionem
2025 661 2082 693 ex
2113 661 2201 704 quo
2232 647 2309 691 filo
2340 646 2435 702 pla-

201 708 344 753 cuerit
375 722 563 766 eamque
593 709 722 756 aufer
752 710 808 754 ab
839 710 1075 755 altitudine
1107 713 1361 768 observata,
1390 717 1442 757 ut
1469 711 1549 756 fiat
1579 725 1684 756 vera
1714 712 1848 769 (sieut
1877 713 2075 761 auferres
2105 713 2359 770 parallaxin
2379 712 2434 755 ab

201 774 283 818 alt.
313 780 586 832 computata,
617 782 668 821 ut
698 777 778 821 fiat
807 778 1061 833 apparens),
1106 781 1151 820 et
1181 777 1221 821 si
1245 777 1340 832 jam
1372 783 1441 821 est
1470 782 1730 833 computata
1759 777 1883 832 long.
1913 784 1958 822 et
1986 778 2064 823 lat.
2096 780 2254 825 sideris
2287 781 2438 823 obser-

200 839 292 884 vati
321 840 368 883 in
398 840 692 898 refractione,
735 855 836 886 eum
867 841 1101 885 altitudine
1133 847 1347 897 excerpta
1375 841 1588 886 refractio
1617 855 1700 898 per
1730 844 1942 899 angulum
1972 845 2199 889 verticalis
2227 851 2272 889 et
2302 844 2437 900 eclip-

199 905 316 949 ticae
348 905 599 950 diducenda
630 911 699 952 est
727 907 773 950 in
804 907 987 962 longum
1019 912 1064 951 et
1092 905 1235 951 latum
1267 911 1313 949 et
1343 906 1555 962 quodque
1585 907 1642 950 ad
1673 919 1804 951 suum
1836 920 2089 964 congenere
2119 909 2183 953 sic
2209 909 2439 966 applican-

204 971 320 1020 dum,
352 975 404 1014 ut
432 970 479 1014 id
509 969 777 1017 refractione
808 971 1036 1030 liberetur,
1070 986 1124 1017 ea
1152 973 1236 1028 via,
1269 987 1360 1029 qua
1391 973 1646 1030 applicatur
1675 972 1947 1029 parallaxis,
1966 977 2017 1017 ut
2037 986 2094 1018 ex
2114 987 2218 1019 vero
2239 975 2338 1019 loeo
2358 975 2439 1019 fiat

199 1036 400 1083 visibilis.
459 1038 548 1083 Sed
579 1051 686 1082 cave
716 1049 992 1094 praesumas,
1021 1052 1299 1095 processum,
1332 1039 1407 1095 qui
1438 1038 1762 1083 horizontalem
1791 1037 2040 1094 parallaxin
2072 1037 2269 1096 adhibet,
2301 1040 2436 1083 etiam

201 1103 245 1148 in
287 1100 557 1151 refractione
602 1104 807 1161 experiri.
867 1105 973 1150 Non>
1008 1111 1079 1150 est
1116 1107 1233 1151 enim
1272 1106 1429 1150 eadem
1468 1104 1707 1162 utrobique
1744 1102 2089 1149 horizontalium
2118 1104 2351 1161 proportio
2382 1105 2440 1150 ad

205 1180 393 1221 ceteras.
1463 1192 1466 1197 ·

375 1238 522 1283 Multa
559 1238 615 1283 de
655 1238 742 1282 hac
781 1236 948 1282 tabella
984 1244 1166 1284 monere
1211 1239 1443 1282 commode
1480 1250 1684 1295 possem,
1729 1237 1816 1281 nisi
1855 1236 2016 1281 modus
2048 1235 2196 1292 operis
2227 1235 2441 1283 obstaret.

203 1305 327 1350 Haec
363 1317 511 1361 pauca
549 1317 639 1348 non
669 1303 851 1348 fuerunt
881 1304 1140 1350 omittenda.
1202 1306 1254 1350 In
1285 1306 1402 1350 Solis
1433 1310 1478 1350 et
1507 1305 1664 1349 Lunae
1693 1303 2059 1357 refractionibu8‚
2100 1303 2332 1358 usquead
2361 1302 2439 1347 alt.

202 1371 282 1415 45⁰
311 1371 648 1426 continuandis,
691 1370 844 1427 Tycho
885 1370 1010 1416 dedit
1050 1370 1218 1427 aliquid
1258 1369 1640 1426 disputationibus
1680 1382 1817 1426 super
1855 1381 1908 1413 ea
1945 1381 1994 1412 re
2024 1381 2125 1412 cum
2156 1367 2440 1422 Landgravio

203 1436 393 1492 ejusque
431 1436 748 1481 mathematico
787 1436 1089 1492 (Ro'thmann03
1132 1441 1175 1477 iu
1215 1437 1525 1491 „EpIstoliS.“);
1573 1447 1663 1479 non
1701 1436 1818 1479 enim
1858 1434 2149 1490 consequitur
2188 1433 2440 1479 observatio

202 1500 525 1548 tam-subtilia.
582 1494 794 1547 Diversae
826 1505 975 1546 autem
1007 1501 1128 1557 quod
1159 1501 1284 1546 vides
1315 1503 1360 1545 in
1393 1501 1520 1557 Sole,
1551 1502 1704 1555 Luna,
1734 1500 1837 1545 fixis
1868 1500 2188 1554 refractiones‚
2221 1499 2441 1545 diversam

200 1566 578 1613 incrementorum
610 1569 794 1621 seriem,
837 1581 894 1612 ex
937 1580 990 1612 eo
1021 1566 1157 1611 fidem
1188 1567 1415 1625 Tychonis
1445 1568 1716 1624 perspicies,
1759 1568 1837 1624 qui
1865 1579 2124 1624 processum
2156 1566 2348 1611 eundem
2379 1563 2443 1609 di·

202 1632 375 1678 stinctis
405 1634 684 1690 temporibus
717 1639 762 1678 et
790 1633 836 1677 in
867 1632 1088 1678 distinctis
1106 1633 1358 1679 mobilibus
1402 1640 1644 1679 exsecutus
1674 1639 1744 1679 est
1774 1632 2054 1678 observando
2085 1630 2442 1686 diducendoque,

201 1713 292 1744 non
319 1706 585 1757 respectans
617 1701 674 1746 ad
704 1700 866 1757 prioris
896 1712 1138 1755 processus
1170 1699 1393 1757 effectum,
1427 1700 1465 1744 si
1495 1699 1623 1756 forte,
1654 1698 1774 1756 quod
1805 1697 1976 1742 frustra
2004 1703 2155 1742 tamen
2187 1698 2443 1754 suspicatus

203 1770 286 1817 est,
316 1765 508 1810 altitudo
541 1765 737 1818 siderum
768 1779 802 1811 a·
826 1770 981 1809 centro
1013 1765 1183 1810 Terrae
1213 1766 1336 1810 varia
1367 1777 1551 1811 causam
1578 1770 1761 1821 pareret
1789 1763 2036 1808 varietatis.
2083 1763 2181 1817 Ego
2211 1762 2443 1807 refractio-

203 1843 284 1874 nes
317 1829 436 1874 Solis
475 1829 577 1876 ideo
607 1831 800 1887 majores
829 1831 975 1875 factas
1005 1837 1141 1889 puto,
1187 1830 1293 1889 quia
1323 1833 1369 1876 in
1398 1833 1455 1877 iis
1484 1829 1799 1888 computandis
1830 1829 1985 1887 Tycho
2016 1828 2270 1873 adhibuerit
2299 1827 2444 1885 paral-

201 1895 325 1941 laxin
347 1896 466 1941 Solis
495 1897 690 1949 nimiam,
722 1911 836 1954 quae
867 1897 1004 1942 nimio
1034 1898 1185 1954 ipsum
1215 1897 1445 1954 depressit
1473 1910 1617 1952 eoque
1648 1896 1872 1949 refractio‚
1902 1909 2003 1940 cum
2035 1896 2170 1940 etiam
2194 1895 2239 1939 id
2260 1895 2444 1939 nimium

204 1961 363 2007 tollere
401 1962 588 2019 insuper
625 1968 883 2031 putaretur,
924 1965 1096 2008 censita
1135 1964 1222 2009 fuit
1259 1965 1404 2020 maJ'or
1441 1976 1562 2007 vera.
1620 1964 1671 2006 In
1702 1963 1833 2007 Luna
1870 1963 2203 2007 excusationem
2241 1962 2296 2006 ab
2341 1967 2444 2006 aere
2525 1958 2530 1970 '

204 2032 302 2085 ipso
333 2033 454 2084 peto,
486 2033 537 2072 ut
567 2032 612 2073 et
641 2028 686 2072 in
691 2015 838 2074 Sole.
886 2030 1001 2075 Nam
1033 2034 1078 2074 et
1109 2031 1240 2074 Luna
1271 2029 1405 2085 plena
1436 2035 1481 2073 et
1512 2029 1568 2072 de
1600 2028 1671 2072 die
1703 2030 1759 2074 ob
1791 2029 1944 2073 lumen
1974 2028 2090 2073 Solis
2120 2040 2335 2104 praesens
2367 2032 2444 2072 aer

206 2094 442 2151 dilatatur,
484 2100 532 2139 at
568 2094 690 2140 fixae
720 2100 770 2140 ut
800 2095 1044 2152 plurimum
1074 2095 1119 2140 in
1133 2095 1406 2150 interluniis
1437 2100 1482 2139 et
1511 2094 1738 2151 profunda
1765 2099 1897 2139 nocte
1928 2099 1973 2138 et
2003 2092 2128 2138 coelo
2159 2094 2443 2139 serenissimo
2508 2147 2510 2150 y
2552 2122 2554 2136 .

206 2159 515 2205 observantur.
566 2160 810 2206 Praeterea
841 2166 913 2207 sat
942 2161 1078 2206 fidam
1110 2174 1210 2206 esse
1241 2161 1440 2206 tabulam
1469 2174 1551 2217 pro
1581 2159 1706 2213 locis,
1738 2161 1777 2205 si
1801 2174 1892 2204 non
1915 2159 2134 2215 omnibuS,
2166 2159 2326 2205 saltem
2345 2160 2444 2217 plu·

204 2226 328 2271 ribus
361 2226 422 2283 (et
453 2230 557 2271 aere
590 2227 756 2285 quieto,
788 2242 879 2273 non
909 2226 1244 2272 imminentibus
1275 2225 1652 2284 tempestatibus),
1684 2239 1741 2270 ex
1773 2239 1825 2271 eo
1856 2225 2099 2282 perspiciO,
2131 2225 2252 2282 quod
2282 2227 2327 2271 in
2358 2227 2444 2272 Bo-

209 2291 358 2336 hemia
389 2304 506 2348 pene
538 2292 720 2336 eaedem
754 2293 1031 2347 observatae,
1066 2307 1182 2349 quae
1211 2293 1259 2337 in
1291 2292 1451 2338 Dania

387 2376 454 2423 15)
484 2388 526 2426 p.
561 2377 657 2416 169
718 2376 912 2416 Miranda
956 2381 1017 2418 est
1047 2377 1259 2416 Maestlini
1295 2376 1576 2416 inconstantia
1620 2377 1664 2414 in
1703 2375 1957 2415 assumendis
1990 2374 2040 2414 de
2071 2378 2185 2414 motu
2214 2373 2279 2414 vel
2310 2375 2448 2427 quiete

210 2432 359 2473 Terrae
389 2434 634 2474 rationibus.
687 2435 734 2473 In
764 2435 1023 2486 praefatione
1055 2436 1102 2474 ad
1139 2435 1479 2483 „Narrationem‘⁴
1513 2434 1687 2483 Rhetici,
1720 2445 1846 2486 quarn
1875 2434 2047 2484 Kepleri
2067 2433 2294 2472 Prodromo
2326 2434 2447 2472 addi-

211 2493 273 2532 dit
303 2490 393 2544 (cfr.
425 2493 510 2532 vol.
543 2494 576 2533 I.
608 2506 650 2544 p.
684 2495 739 2533 25
771 2492 822 2547 s.)
854 2494 1041 2533 defendit
1070 2495 1366 2534 astronomiam
1397 2493 1721 2542 Gopernicanam
1752 2493 1912 2541 verbis,
1955 2503 2060 2542 quae
2093 2504 2218 2542 supra
2248 2490 2449 2542 Keplerus

210 2552 321 2591 citat.
381 2551 428 2589 In
462 2552 706 2602 „Epitome“
739 2565 833 2591 vero
874 2565 948 2591 sua
980 2565 1109 2603 eaque
1128 2564 1249 2591 *anuo
1284 2553 1408 2592 1610.
1440 2552 1561 2591 tertio
1593 2550 1704 2590 edita
1732 2552 1835 2590 haec
1862 2549 2059 2600 legimus:
2110 2551 2154 2590 Si
2186 2551 2311 2590 Terra
2342 2562 2447 2602 quo-

211 2621 372 2662 cunque
403 2609 594 2649 circulari
627 2614 741 2649 motu
773 2612 964 2659 cieretur,
1003 2613 1134 2651 nubes
1175 2623 1334 2660 semper
1373 2614 1413 2649 et
1443 2613 1606 2650 tantum
1635 2605 1679 2648 in
1711 2610 1942 2660 oppositam
1975 2613 2133 2659 partem
2164 2610 2301 2648 volare
2332 2608 2447 2647 vide-
2510 2641 2513 2646 ,

210 2671 369 2711 rentur:
410 2669 552 2717 gravia
595 2681 755 2708 sursum
781 2672 963 2720 projecta
995 2682 1202 2723 nunquam
1235 2671 1516 2708 relaberentur
1544 2669 1589 2706 in
1619 2667 1793 2706 eundem
1825 2668 1985 2711 loeum;
2030 2667 2230 2706 animalia
2262 2670 2302 2706 et
2334 2667 2448 2706 aedi·

209 2728 303 2766 ficia
341 2729 538 2777 quassata
579 2727 657 2766 hac
694 2731 830 2766 motus
868 2729 1129 2768 vehementia
1160 2728 1479 2781 collaberentur,
1521 2730 1658 2776 partes
1688 2727 1855 2775 insuper
1887 2726 2035 2765 Terrae
2067 2737 2207 2765 omnes
2238 2726 2448 2776 disperge-

208 2789 348 2824 rentur
379 2789 419 2824 et
448 2788 538 2824 tota
559 2785 685 2825 Terra
707 2787 910 2837 dissipata
937 2790 1021 2837 jam
1055 2788 1209 2826 dudum
1244 2787 1357 2826 coelo
1391 2785 1519 2838 (quod
1540 2783 1760 2823 ridiculum
1783 2781 1904 2835 esset)
1936 2783 2170 2824 excidisset.
2194 2815 2203 2826 .
2229 2816 2239 2827 .
2261 2815 2271 2825 .
2326 2783 2450 2823 Terra

214 2855 307 2893 ergo
335 2846 422 2894 jam
453 2855 527 2883 suo
558 2844 664 2898 loco,
699 2846 770 2895 qui
792 2849 864 2906 'est
895 2850 1077 2885 centrum
1108 2845 1265 2894 mundi,
1297 2843 1496 2884 collocata
1528 2843 1705 2895 quiescit
1733 2840 1974 2881 immobilis.

386 2925 460 2971 16)
494 2936 532 2974 p.
567 2926 667 2966 170.
717 2924 812 2964 Hoc
843 2924 1059 2964 Guilielmi
1088 2925 1269 2965 Hassiae
1299 2923 1550 2973 Landgravii
1581 2925 1683 2967 (non
1705 2921 1933 2972 Tychonis)
1966 2922 2305 2974 experimentum,
2338 2921 2451 2974 quod

204 2982 350 3030 *Tycho
380 2983 504 3021 refert
532 2984 577 3021 in
611 2983 886 3034 Epistolarum
918 2985 1160 3024 collectione
1193 2982 1397 3035 (Francos
1434 2983 1558 3023 1610.
1595 2993 1636 3031 p.
1673 2978 1786 3034 189),
1821 2980 2024 3031 Keplerus
2054 2979 2245 3030 pluribus
2276 2979 2452 3030 inquirit

215 3041 260 3078 in
292 3039 465 3089 epistola
496 3041 547 3079 ad
577 3041 782 3080 Davidem
813 3043 1047 3082 Fabricium
1079 3042 1188 3091 data,
1220 3053 1345 3092 quam
1376 3041 1665 3092 proposuimus
1695 3040 1778 3079 vol.
1810 3039 1885 3077 111.
1916 3051 1954 3089 p.
1983 3039 2069 3079 458
2101 3050 2153 3078 ss
2204 3039 2344 3077 Verba
2365 3039 2449 3088 Ty-

216 3098 357 3136 ebonis
387 3099 488 3138 haec
518 3103 632 3140 sunt:
679 3112 700 3138 e
730 3102 922 3152 maxima
941 3100 1179 3150 bombarda,
1217 3112 1343 3153 quam
1375 3098 1585 3150 duplicam
1617 3102 1798 3138 cartoam
1828 3100 1999 3150 vocant,
2036 3094 2184 3146 globus
2214 3096 2368 3135 ferreus
2399 3096 2450 3135 ad

217 3153 430 3207 obliquum
458 3159 632 3197 ‘emissus
662 3159 770 3196 intra
802 3161 827 3198 ‘2
859 3151 1018 3198 minuta
1048 3160 1244 3209 temporis
1275 3160 1346 3197 vix
1377 3163 1489 3198 motu
1522 3158 1652 3196 fessus
1683 3157 1849 3196 Terram
1879 3156 2090 3205 pertingit,
2122 3156 2276 3207 quibus
2307 3155 2460 3198 20000,

216 3224 412 3261 passuum
443 3218 640 3265 maiorum
673 3220 788 3255 motu
820 3218 968 3256 diurno
997 3219 1042 3257 in
1073 3216 1271 3268 parallelo
1305 3217 1547 3256 Germaniae
1578 3215 1767 3255 convolvi
1799 3215 1978 3262 deberet,
2010 3215 2045 3253 si
2075 3214 2251 3252 motioni
2281 3213 2451 3252 diurnae
2488 3243 2490 3245 -

199 3271 420 3314 ‚obnoxia
440 3277 546 3312 esset
576 3274 731 3316 Tellus.
794 3275 861 3316 Sic
900 3278 1007 3315 enim
1045 3277 1219 3326 ipsemet
1248 3276 1534 3315 Rothmanuus
1574 3275 1802 3324 principem
1834 3284 1952 3312 suum
1992 3273 2038 3310 in
2069 3271 2308 3322 explosione
2337 3270 2450 3320 globi

218 3327 444 3381 aliquando
474 3331 704 3380 periculum
735 3334 881 3373 fecisse
911 3336 1014 3374 mihi
1044 3335 1268 3390 indicabat.

393 3406 461 3456 17)
493 3421 533 3458 p.
567 3412 661 3452 180.
723 3412 1015 3453 Defensionem
1045 3417 1182 3453 motus
1199 3414 1345 3453 Terrae
1377 3413 1514 3451 diurni
1543 3412 1726 3450 instituit
1752 3410 1955 3457 Origanus
1987 3410 2028 3446 in
2061 3409 2269 3461 prooemio
2303 3408 2450 3458 operis,

218 3467 350 3505 tribus
389 3465 670 3507 voluminibus
714 3472 1018 3521 comprehensi,
1067 3472 1180 3524 quod
1216 3472 1449 3521 inscripsit:
1494 3470 1633 3509 Novae
1673 3471 1857 3507 motuum
1889 3465 2127 3505 coelestium
2158 3466 2451 3516 Ephemerides

218 3523 602 3573 Brandcnburgicae
633 3538 828 3567 annorum
851 3532 906 3570 60
938 3530 1256 3582 (1595-1665)
1289 3528 1449 3569 calculo
1481 3527 1638 3578 duplici
1667 3526 1948 3574 luminarium,
1980 3525 2213 3573 Tychonico
2237 3529 2276 3563 et
2298 3523 2448 3574 Ceper-

218 3584 374 3625 nicaeo.
405 3580 655 3632 reliquorum
685 3586 943 3634 planetarum
959 3601 1032 3638 pos
1036 3590 1195 3628 teriore·
1215 3590 1461 3627 elaboratae.
1514 3585 1616 3625 Cum
1646 3583 1948 3623 introductione
1976 3583 2052 3621 hac
2072 3582 2271 3632 pleniore,
2301 3584 2346 3621 in
2368 3590 2451 3632 qua

221 3640 539 3690 Ghronologiea,
577 3640 863 3682 Astronomica
893 3651 934 3684 et
965 3647 1223 3695 Astrologica
1254 3658 1302 3685 ex
1334 3645 1614 3685 fundamentis
1643 3644 1746 3692 ipsis
1777 3643 2014 3680 tractantur.
2078 3643 2255 3680 Auctore
2288 3638 2449 3679 Davide

194 3700 423 3748 ιΟΐίἕεωο,
468 3697 663 3737 Glacensi
694 3700 863 3752 Silesio,
906 3704 1130 3758 Germano,
1173 3704 1463 3744 Mathematico
1504 3698 1747 3741 Electoralis
1792 3698 2025 3737 academiae
2062 3699 2469 3746 Brandenburgicae‘

220 3758 485 3797 Fraukofurti
515 3757 564 3795 ad
596 3757 797 3802 Viadrum
830 3760 1036 3801 ordinario
1071 3763 1310 3812 professore.
1371 3759 1724 3801 Frankof.1609.

340 3838 408 3895 18)
441 3852 481 3892 p
516 3841 614 3882 192.
681 3839 957 3891 „Praecepta“
990 3841 1033 3881 in
1064 3846 1223 3893 partem
1254 3842 1478 3888 secundam
1500 3837 1748 3886 Tabularum
1769 3834 2150 3888 Rudolphinarum:
2182 3834 2255 3880 De
2284 3833 2451 3880 tabulis
