2554 4140
824 133 960 178 Liber
986 130 1178 178 Primus
1238 129 1350 177 Pars
1382 130 1561 188 Quinta.
1997 151 1999 153 ’
2220 135 2318 183 173

25 299 32 306 “
82 285 233 332 centis
267 280 487 331 habeat?
539 279 673 328 Idem
711 281 838 342 fere,
877 281 1011 343 quod
1046 283 1095 328 in
1132 281 1322 329 turbine
1362 292 1649 342 puerorum,
1690 284 1951 341 antequam
1989 280 2030 327 is
2068 277 2318 342 planitiem

82 357 290 418 attingit.
327 354 540 402 Primum
579 355 706 401 enim
746 346 876 403 totus
914 354 1092 403 Terrae
1130 353 1320 416 globus,
1361 356 1594 413 quantum
1633 350 1695 399 ad
1738 354 1946 414 primum
1983 357 2168 400 motum
2205 353 2323 400 atti-

13 476 16 478 ,
81 435 176 488 net,
214 443 302 476 suo
341 426 449 475 loco
486 431 677 491 manet,
723 433 885 490 partes
926 441 1039 475 vero
1078 426 1205 475 aliae
1244 428 1292 472 in
1331 424 1535 474 aliarum
1571 424 1962 486 praecedentium
1998 425 2109 474 loca
2152 438 2324 473 succe-

81 501 213 548 dunt.
287 499 492 559 Deinde,
530 504 585 546 ut
620 502 778 562 magis
806 499 868 548 ad
906 502 1118 564 speciem
1142 497 1508 558 descendamus,
1548 497 1684 545 idem‘
1702 496 1877 559 globus
1905 498 2167 546 secundum
2195 504 2322 546 trac-

78 578 181 620 tum
200 572 514 632 rectilineum,
554 574 634 619 axi
671 572 973 636 parallelum,
1014 574 1063 619 in
1102 586 1199 635 quo
1240 572 1388 621 etiam
1425 575 1584 618 tractu
1623 576 1951 631 agnoscuntur
1978 573 2081 618 axis
2121 577 2168 619 et
2206 570 2322 634 poli,
2365 563 2367 565 ’

77 651 260 709 perstat
295 645 584 705 immobiliS,
636 645 798 707 quoad
839 652 1020 694 motum
1058 645 1187 693 hunc
1207 645 1432 708 primum,
1473 656 1758 704 rursumque
1797 642 1926 690 idem
1965 648 2095 691 totus
2134 642 2324 706 globus,

76 716 341 767 secundum
379 723 584 766 tractum
634 717 799 766 circuli
854 719 1002 768 medii
1039 719 1163 767 inter
1198 717 1364 782 polee,
1420 721 1494 765 est
1530 716 1804 778 subjectum
1841 721 2001 763 motus
2049 715 2221 778 hujus,
2276 723 2323 764 et

74 791 293 838 innititur
338 791 417 839 hic
454 797 615 839 motus
653 791 724 838 illi
763 793 929 854 quieti,
969 805 1067 839 non
1105 790 1270 851 aliter,
1321 784 1468 851 quam
1506 791 1547 837 si
1586 791 1708 837 inter
1755 790 1897 837 binas
1922 790 2060 836 storni
2098 788 2320 852 cuspides

77 863 348 912 immobiles
387 863 564 926 globus
604 863 874 912 decurreret
901 864 1091 913 affixus.
1167 862 1305 923 Quae
1347 864 1510 910 omnia
1534 861 1680 925 plane
1719 864 1790 910 sic
1816 861 2037 910 dicuntur
2076 860 2134 910 de
2161 860 2324 922 Terra,

75 938 199 984 sicut
232 950 431 985 necesse
471 943 543 985 est
582 935 676 985 dici
715 937 773 985 de
800 938 1006 996 turbine,
1048 950 1156 984 cum
1194 937 1237 983 is
1264 935 1435 983 volans
1473 937 1522 982 in
1559 939 1668 983 aere
1707 936 1994 997 interimque
2035 939 2082 982 et
2117 939 2319 983 rotatur.

220 1009 277 1057 Si
313 1012 425 1058 axis
462 1010 541 1057 hic
578 1016 694 1058 esset
730 1010 931 1072 aliquid
966 1009 1125 1070 reale,
1163 1008 1599 1071 protractumub·
1621 1023 1731 1056 uua
1769 1011 2078 1057 extremitate
2115 1008 2235 1056 coeli
2272 1010 2326 1054 iri

76 1082 236 1130 aliam
274 1088 321 1130 et
357 1084 622 1142 traiectum
655 1097 753 1144 per
789 1083 991 1145 ylobum
1027 1081 1226 1141 Terrae,
1266 1087 1324 1129 ut
1349 1081 1523 1144 ylobus
1549 1083 1605 1129 in
1631 1087 1778 1131 torno
1815 1095 2081 1145 suspensus
2119 1086 2187 1128 est
2210 1094 2326 1128 rea—

73 1155 205 1216 liter,
244 1162 367 1204 tunc
405 1171 532 1213 sane
564 1155 810 1204 credibilis
847 1161 964 1204 esset
981 1155 1101 1203 haec
1119 1155 1293 1218 forma
1329 1151 1501 1203 motus
1531 1157 1754 1217 corporis
1789 1155 1976 1215 ylebosi
2007 1156 2142 1202 cirea
2181 1168 2323 1202 axem

0 1269 11 1276 .
72 1228 390 1277 immobilem.
465 1228 575 1277 Non
614 1235 688 1277 est
726 1243 954 1290 necesse,
1000 1234 1055 1276 ut
1091 1242 1143 1275 re
1182 1228 1288 1291 ipsa
1327 1229 1632 1276 continuetur
1667 1228 1748 1276 hic
1785 1230 1891 1276 axis
1930 1240 2084 1290 usque
2123 1228 2170 1273 in
2211 1240 2326 1275 coe-

73 1299 178 1348 lum
213 1302 375 1364 sitque
413 1301 662 1366 corporale
702 1308 749 1350 et
788 1301 958 1352 durum
998 1300 1209 1364 aliquid,
1254 1306 1416 1364 potest
1456 1303 1583 1349 enim
1622 1300 1935 1349 nihilominus
1975 1301 2085 1348 talis
2125 1301 2326 1348 existere

0 1362 1 1380 ¹
73 1379 250 1422 motnS.
325 1374 383 1422 Id
428 1381 566 1439 patet
616 1375 838 1439 exemplo
886 1375 1092 1423 turbinis
1136 1374 1242 1437 jam
1293 1372 1448 1434 dieto,
1504 1374 1618 1422 dum
1655 1376 1697 1423 is
1737 1373 1896 1423 adhuc
1933 1373 2069 1423 volat
2104 1374 2154 1420 in
2192 1375 2327 1433 ae're3

0 1434 1 1494 ἷ
72 1461 232 1510 neque
272 1449 399 1496 enim
438 1450 670 1496 evertitur
709 1449 814 1511 ejus
847 1451 967 1509 axiS,
1007 1447 1094 1496 sed
1133 1447 1296 1511 cuspis
1322 1449 1372 1495 in
1408 1446 1656 1509 ejaculatu
1694 1447 1919 1496 deorsum
1959 1461 2100 1496 versa
2138 1459 2328 1510 semper

0 1523 3 1562 ἰ
75 1526 241 1570 manet
277 1521 415 1580 infra,
458 1521 611 1570 donec
648 1521 900 1586 planitiem
939 1522 1204 1584 contingat,
1230 1525 1400 1569 sotato
1439 1522 1631 1570 interim
1670 1535 1883 1586 corpore.

0 1582 3 1600 ⁵
215 1593 275 1640 In
313 1595 475 1658 specie
514 1610 629 1644 vero
668 1601 865 1659 recepta
902 1601 977 1661 est
1013 1596 1136 1643 haec
1172 1594 1328 1643 forma
1364 1599 1524 1643 motus
1571 1595 1633 1643 ab
1673 1595 1962 1644 astronomis
2016 1594 2164 1642 etiam
2201 1590 2324 1653 aliie,

71 1664 187 1714 licet
223 1681 364 1715 axem
402 1669 698 1731 corporalem
739 1671 788 1715 in
828 1667 1009 1716 mundo
1048 1682 1142 1716 non
1178 1671 1369 1732 possint
1407 1667 1753 1719 demonstrare.
1830 1668 2011 1715 Dicunt
2036 1668 2176 1726 enim,
2218 1680 2326 1713 ma-

0 1733 5 1771 2
73 1738 267 1788 chinam
303 1740 470 1787 mundi
517 1744 666 1790 totius
705 1744 774 1789 sie
813 1741 950 1790 volvi
989 1744 1116 1789 circa
1152 1755 1292 1789 axem
1329 1743 1673 1804 imaginatum,
1712 1739 1836 1790 nulli
1873 1742 1942 1790 rei
1981 1754 2126 1802 quam
2166 1737 2327 1786 Terris

1 1803 5 1853 ἵ
69 1813 299 1874 innixam,
337 1813 655 1876 nullo-nexu,
693 1814 827 1862 nullo
866 1815 1168 1863 firmamento
1208 1813 1348 1878 polos
1389 1816 1600 1864 exterius
1625 1820 1942 1874 sustentante,
1983 1813 2217 1860 Terrisve'
2247 1812 2324 1857 in-

4 1891 5 1895 ’
72 1886 219 1934 terius
270 1892 598 1936 connectente.
677 1888 828 1949 Atqui
879 1888 975 1936 hoc
1019 1889 1173 1936 multo
1214 1893 1286 1935 est
1324 1888 1582 1938 absurdius
1632 1903 1778 1952 quam
1814 1886 1960 1948 illud,
2017 1900 2123 1935 cum
2162 1890 2323 1934 tamen

4 1956 36 2016 ,’
72 1971 268 2008 necesse
306 1961 382 2020 sit,
422 1974 591 2008 verum
630 1974 735 2009 esse
774 1962 944 2010 horum
984 1961 1283 2013 alterutrum.

226 2032 422 2080 Videris
458 2036 719 2082 contraria
755 2041 986 2097 statuere,
1026 2049 1174 2083 axem
1199 2036 1335 2082 hunc
1370 2047 1576 2083 manere
1601 2034 1905 2083 immobilem
1944 2038 1990 2080 et
2026 2038 2196 2080 tamen
2221 2044 2323 2079 uon

0 2103 2 2122 l
71 2118 269 2166 semper
304 2105 502 2154 tendere
540 2109 596 2154 in
635 2107 830 2156 easdem
861 2114 1035 2170 partes
1073 2108 1315 2170 sphaerae
1350 2108 1592 2171 fixarum,
1634 2123 1764 2170 quae
1789 2108 1952 2156 locum
1989 2105 2191 2169 praebet
2214 2119 2326 2152 mo-

6 2179 7 2202 ³
73 2178 206 2226 tibus
242 2179 490 2228 omnibus.
570 2179 911 2230 Inclinabitur
946 2183 1107 2243 iyitur
1145 2198 1178 2229 a
1213 2181 1319 2245 fixa
1356 2195 1466 2229 una
1503 2181 1574 2229 ad
1610 2182 1768 2230 aliam
1823 2186 1868 2228 et
1915 2176 2005 2227 sicx
2031 2177 2326 2227 movebitur.

8 2304 9 2309 ,
73 2249 132 2298 In
174 2265 272 2300 una
311 2252 529 2315 qualibet
566 2253 867 2303 revolutione
910 2254 1081 2303 diurna
1119 2267 1282 2304 manet
1320 2257 1426 2302 axis
1464 2256 1554 2303 iste
1595 2254 1656 2302 ad
1683 2268 1886 2307 ,omnem
1927 2266 2096 2301 sensus
2135 2249 2330 2299 subtili-

7 2355 9 2373 .
74 2328 228 2372 tatem
267 2325 550 2386 immobiliS,
602 2333 653 2375 at
698 2333 810 2391 post
854 2327 1183 2376 revolutiones
1231 2342 1379 2391 quam
1429 2328 1661 2392 plurimas
1701 2325 2071 2391 deprehenditur
2108 2321 2329 2372 nonnihil

8 2446 9 2454 ,
72 2396 332 2446 inclinatus
372 2413 508 2448 esset
548 2414 697 2462 quare
738 2400 988 2449 inclinatio
1029 2402 1150 2464 ejriS,
1193 2417 1320 2466 quae
1359 2401 1413 2449 fit
1451 2404 1500 2448 in
1540 2400 1745 2464 singulis
1785 2398 2200 2458 revolutionibuS,
2253 2402 2327 2445 est

73 2472 355 2534 quantitatis
393 2472 537 2536 plane
576 2473 884 2522 insensibilis.

248 2543 387 2593 Unde
421 2548 526 2605 scis,
566 2561 712 2595 aaeem
760 2547 970 2595 Telluris
1005 2546 1312 2608 productum
1349 2561 1507 2610 usque
1544 2549 1601 2595 in
1639 2547 1830 2597 coelum
1867 2545 2084 2594 incidere
2114 2558 2212 2606 ‚per
2248 2549 2325 2591 to-

72 2622 181 2665 tum
232 2625 427 2680 tempus
474 2620 802 2669 revolutionis
849 2620 1068 2668 diurnae
1116 2622 1172 2667 in
1226 2620 1356 2668 idem
1407 2635 1602 2683 semper
1649 2621 1769 2670 coeli
1824 2619 2006 2668 stellati
2054 2622 2320 2679 punctum,

10 2715 13 2726 1
73 2692 259 2752 quippe
295 2706 407 2739 eum
447 2698 637 2749 tractu-s
674 2694 770 2754 ille,
811 2708 958 2755 quem
997 2707 1144 2741 axem
1184 2693 1319 2753 dicis,
1359 2696 1423 2742 sit
1459 2696 1601 2742 intra
1645 2694 1828 2741 Terrae
1866 2705 2048 2752 corpus
2085 2688 2322 2738 abditus?

72 2761 122 2810 Si
159 2762 253 2812 hoc
288 2770 503 2827 praestat
540 2765 680 2813 stilus
718 2768 767 2813 in
804 2765 1056 2830 superficie
1081 2765 1263 2816 Terrae
1303 2772 1506 2827 erectuS,
1541 2772 1633 2830 ‚aut
1661 2766 1792 2814 linea
1830 2766 2011 2812 visoria
2036 2762 2153 2823 ulla,
2194 2776 2318 2824 quae

73 2849 136 2884 ex
172 2836 313 2886 oculo
352 2839 400 2884 in
440 2838 628 2886 coelum
668 2839 888 2888 educitur
927 2839 1240 2889 inclinatione
1280 2839 1342 2888 ad
1370 2836 1671 2904 superficiem
1714 2837 1970 2902 immobili,
2011 2836 2155 2885 faciet
2193 2834 2321 2884 idem

47 2909 214 2960 etiam
252 2911 371 2958 axis.
447 2910 597 2959 Stilus
635 2914 764 2960 enim
785 2913 856 2960 sic
893 2911 1160 2962 adhaerens
1187 2914 1364 2962 Terrae
1405 2912 1802 2962 circumvolvitur
1827 2916 1962 2958 motu
2003 2909 2325 2958 diurno'circa

5 3039 6 3043 Ἰ
70 2978 276 3031 Telluris
315 2998 479 3046 axem3
521 2986 602 3047 qui
640 2987 682 3033 si
719 2998 816 3032 non
845 2985 1062 3047 dirigitur
1100 2988 1151 3034 in
1189 2988 1313 3034 alias
1353 2994 1400 3035 et
1439 2986 1561 3034 alias
1602 2984 1726 3034 coeli
1763 2983 1958 3048 plagae,
2012 2982 2098 3032 sed
2136 2996 2325 3046 semper

5 3050 7 3062 ²
74 3053 121 3102 in
160 3054 286 3105 idem
323 3063 570 3120 punctum,
612 3058 953 3107 inaestimabili
995 3058 1178 3107 distans
1201 3058 1474 3119 interva110,
1516 3064 1679 3107 manet
1715 3059 1864 3119 igitur
1909 3058 1957 3103 in
1998 3056 2323 3104 circumvolu—

6 3191 7 3195 ,
70 3127 199 3176 tione
236 3130 328 3177 sibi
367 3132 459 3194 ipsi
499 3131 791 3195 parallelus3
833 3137 882 3179 et
917 3145 1002 3195 per
1042 3147 1345 3197 consequens
1384 3133 1490 3180 axis
1530 3132 1676 3179 etiam
1715 3128 2163 3179 circumvolutionis
2190 3128 2322 3176 illius

6 3198 11 3237 ³,
73 3199 226 3250 eidem
261 3202 526 3265 parallelus
574 3205 663 3252 erit
701 3211 747 3253 et
785 3206 855 3251 sic
894 3210 941 3252 et
979 3205 1083 3266 ipse
1124 3206 1171 3251 in
1211 3204 1339 3254 idem
1388 3218 1577 3267 semper
1616 3203 1737 3252 coeli
1786 3209 2019 3266 punctum
2074 3202 2322 3264 dirigetur.

7 3273 9 3278 ’
212 3274 363 3338 Atqui
400 3283 649 3339 praestant
685 3278 791 3337 hoc,
831 3283 885 3323 ut
917 3277 1021 3338 jam
1058 3277 1360 3339 praedictum
1397 3278 1514 3338 suit,
1556 3291 1670 3326 axes
1710 3275 2021 3337 armillarum,
2064 3276 2132 3324 sic
2172 3277 2319 3324 etiam

8 3405 11 3419 a
73 3346 430 3398 sciaterieorum
481 3350 580 3399 stili
628 3365 712 3399 seu
768 3363 1034 3412 gnomones
1088 3350 1267 3412 filaque
1321 3356 1368 3399 et
1419 3349 1619 3413 dioptris
1675 3348 1884 3399 directae
1933 3343 2198 3398 secundum
2240 3347 2322 3395 illa

72 3415 228 3469 lineae
266 3424 487 3484 visor-iae,
527 3438 730 3486 quorum
771 3423 995 3472 decenter
1033 3424 1367 3486 erigendorum
1396 3425 1518 3472 ratio
1558 3422 1772 3472 tradetur
1809 3425 1858 3470 in
1886 3422 2105 3471 doctrina
2143 3422 2323 3484 sphae-

9 3485 13 3555 ζ
73 3490 185 3542 rica.
257 3493 513 3545 Praestent
550 3504 712 3546 autem
752 3495 799 3543 id
840 3496 932 3544 hoc
965 3504 1273 3558 argumento:
1315 3496 1394 3545 vel
1433 3499 1559 3546 enim
1598 3496 1791 3545 visibile
1818 3502 1890 3545 est
1929 3497 1976 3544 id
2017 3496 2139 3545 coeli
2167 3509 2321 3558 punc-

10 3590 14 3607 ι
74 3568 187 3626 tum,
225 3564 410 3617 habens
449 3584 592 3618 unam
632 3585 690 3618 ex
728 3569 880 3618 stellis
919 3569 1051 3628 fixis,
1106 3576 1220 3619 tunc
1257 3575 1398 3619 nocte
1435 3570 1637 3620 hiberna
1674 3569 1827 3631 illuni,
1874 3570 1936 3617 16
1976 3569 2121 3617 horas
2159 3567 2321 3629 longa,

11 3670 14 3700 3
75 3638 261 3698 quoties
299 3644 405 3703 quis
442 3658 528 3706 per
566 3642 803 3706 dioptram
842 3644 1122 3704 suspiceret,
1163 3657 1353 3706 semper
1389 3643 1594 3693 eandem
1633 3636 1822 3691 visurus
1865 3648 1993 3691 esset
2030 3640 2234 3702 stellam,
2274 3640 2321 3686 id

12 3758 13 3761 ,
74 3707 197 3759 adeo
234 3718 283 3760 et
316 3719 419 3764 toto
459 3730 615 3778 anno;
670 3716 750 3766 vel
796 3714 932 3763 nulla
983 3715 1214 3764 notabilis
1252 3716 1394 3765 stella
1435 3723 1508 3766 est
1547 3720 1595 3764 in
1635 3716 1718 3764 illo
1748 3721 1944 3779 punem,
1985 3721 2039 3764 ut
2063 3715 2156 3762 hoc
2195 3726 2319 3761 aevo

12 3780 14 3787 '
75 3779 150 3841 fit,
207 3789 259 3832 et
290 3791 405 3837 tunc
442 3788 527 3838 fiat
565 3788 761 3838 collatio
800 3788 1074 3850 stellarum,
1125 3802 1250 3851 quae
1287 3794 1400 3839 sunt
1439 3791 1626 3839 vicinae
1664 3795 1875 3851 puncto,
1918 3788 2048 3851 quod
2085 3790 2321 3835 monstrat

13 3853 16 3920 f
75 3852 230 3917 stilus,
268 3871 378 3908 nam
419 3857 459 3909 si
498 3876 660 3911 earum
700 3877 797 3910 una
837 3876 1026 3924 semper
1066 3862 1259 3923 aequali
1300 3862 1555 3911 intervallo
1596 3862 1741 3911 distet
1779 3878 1807 3910 a
1845 3868 2054 3924 punctu,
2103 3862 2149 3907 in
2189 3857 2320 3920 quod
