2554 4140
229 173 332 221 306
408 215 411 218 .
990 180 994 185 ·
1053 161 1286 219 Epitomes
1315 163 1635 208 Astronomiae

182 363 184 365 .
219 317 322 365 „lius
371 314 494 364 alius
533 313 631 362 alio
671 315 1024 373 consequatur:
1076 311 1200 360 adeo
1240 310 1459 373 quidem,
1511 317 1567 358 ut
1604 312 1656 357 in
1693 309 1834 359 Luna
1871 312 2018 359 etiam
2054 312 2214 373 ipsam
2250 317 2468 360 motuum

204 384 521 452 'paucitatem
561 391 734 435 testem
773 383 986 433 adducat
1022 384 1260 433 inferioris
1286 385 1456 432 Lunae
1496 383 1787 431 conditionis
1823 383 2119 445 majorisque
2171 386 2476 446 cognationis

196 476 339 509 -cum
377 460 541 524 Terra.
615 457 738 522 Vult
776 458 927 517 enim,
982 471 1108 519 quae
1159 457 1303 505 finem
1341 471 1582 504 summum
1618 462 1792 505 natura
1829 471 1920 510 sua
1959 458 2190 519 consequi
2227 464 2477 519 nequeunt

230 525 534 593 omnimode,
590 531 675 579 illa
711 544 772 578 ne
809 528 880 579 u'ti
920 529 1318 592 quidemmultis
1358 529 1707 577 molitionibus.
1780 528 1843 576 Et
1880 528 2058 577 Terrae
2098 529 2294 592 quidem
2332 530 2477 592 plane

230 605 450 666 inutilem
488 605 702 653 futurum
739 603 887 652 fuisse
925 607 1110 650 motum
1148 601 1211 650 ad
1249 601 1395 663 illum⁸
1425 601 1569 650 finem
1594 601 2002 663 consequendum,
2044 615 2201 664 eoque
2225 601 2363 651 illam
2386 617 2478 665 pe-

223 680 360 726 -nitus
391 679 670 740 quiescere,
728 676 918 724 Lunam
966 674 1290 736 aliquousque
1328 675 1554 737 progredi
1594 688 1798 736 seseque
1837 674 1900 722 ad
1935 673 2082 723 finem
2119 674 2255 729 illum
2293 677 2478 725 eminus

231 751 515 811 extendere,
569 751 841 813 superiores
879 745 972 796 fine
1011 749 1178 809 potiri,
1233 746 1320 795 sed
1356 746 1522 795 multis
1560 747 1798 807 motibuS‚
1836 760 2113 810 supremum
2154 747 2342 797 coelum
2381 762 2479 796 uno

230 823 438 886 simplici
490 828 640 871 motu.
715 821 905 884 Itaque
942 820 1112 868 Lunae
1159 818 1358 882 πραξεις
1390 818 1574 885 (plane
1621 820 1714 868 hac
1764 823 1887 868 voc'e
1934 821 2082 869 etiam
2126 818 2294 886 utitur)
2347 821 2522 881 vitae⁷

228 895 503 981 plantarum
542 896 768 943 uniformi
809 899 1085 956 comparat;
1124 894 1427 955 superiorum
1465 907 1582 942 vero
1622 891 1820 958 πραξεις
1857 893 1987 941 vitae
2017 893 2300 941 animalium
2326 895 2482 956 magis

230 970 412 1019 variae.
461 968 667 1017 ·Omnia
715 973 875 1015 tamen
928 969 1023 1014 ista
1070 979 1274 1028 corpora
1318 964 1490 1013 harum
1542 967 1788 1015 actionum
1839 965 2008 1028 indiga
2056 966 2195 1027 facit,
2249 959 2308 1015 eo
2349 965 2481 1029 quod

228 1043 373 1104 finem
412 1051 459 1091 et
498 1040 849 1090 beatitudinem
888 1045 1024 1087 extra
1062 1052 1171 1086 sese
1210 1038 1438 1086 habeant.
1514 1037 1660 1088 Hunc
1698 1036 1845 1102 igitur
1882 1039 2196 1088 Aristotelem
2234 1053 2325 1110 ego
2365 1039 2483 1087 mihi

230 1114 461 1164 lectorem
507 1120 554 1162 et
605 1120 853 1162 censorem
893 1118 1008 1174 opto
1049 1110 1244 1174 epilogo
1281 1125 1390 1160 meo
1428 1111 1539 1159 libri
1578 1112 1640 1161 V.
1679 1110 2108 1172 Harmonicorum,
2160 1112 2482 1167 ,serenissimo

229 1189 352 1251 ipsi,
404 1200 591 1236 summo
638 1185 820 1249 judicio
859 1181 1101 1247 Principi,
1154 1191 1208 1232 ut
1257 1189 1420 1247 optem
1467 1184 1579 1247 plus
1619 1186 1730 1246 otii,
1785 1184 1858 1232 sas
1895 1198 1993 1233 non
2034 1191 2122 1234 est.
2197 1183 2327 1233 Illud
2364 1184 2483 1232 mihi

233 1266 366 1309 certo
401 1256 698 1324 persuadeo,
738 1259 778 1305 si
819 1263 868 1306 et
905 1259 954 1304 in
994 1271 1081 1318 ea,
1122 1270 1249 1319 quae
1286 1259 1480 1320 scripsit
1517 1257 1824 1318 Aristoteles,
1865 1263 1913 1306 et
1951 1260 1999 1305 in
2038 1257 2282 1321 epilogum
2320 1272 2482 1307 meum
2514 1307 2526 1318 μ

232 1328 523 1396 exquisitam
575 1332 757 1394 ingenii
805 1331 904 1378 vim
956 1329 1251 1391 intenderet,
1303 1336 1461 1379 totum
1510 1336 1559 1379 et
1605 1345 1636 1379 a
1682 1331 1861 1379 nostris
1906 1331 2126 1394 partibus
2163 1337 2400 1394 staturum
2438 1336 2486 1380 et

231 1405 362 1469 quod
398 1420 540 1466 nunc,
581 1404 652 1453 Te
692 1405 952 1465 ominante,
994 1399 1250 1452 dissidium
1287 1404 1411 1452 inter
1449 1417 1538 1452 nos
1562 1405 1725 1467 animo
1754 1404 2010 1466 concipiet,
2048 1409 2223 1490 suopte
2248 1391 2485 1454 arbitratu

230 1479 625 1542 compositurum.

373 1551 452 1599 Ad
492 1549 837 1600 occurrendum
884 1563 983 1598 nov
986 1549 1165 1597 ationis
1203 1547 1446 1609 invidiae,
1499 1534 1710 1611 primum
1748 1563 1807 1597 ex
1844 1563 1936 1597 usu
1974 1563 2085 1599 meo
2121 1549 2289 1610 suerit,
2338 1529 2483 1599 Sere-

227 1626 496 1684 nissimum,
537 1626 627 1672 etsi
663 1616 806 1671 facile
846 1624 1009 1670 omnia
1045 1627 1097 1671 se
1136 1623 1244 1684 ipso
1283 1620 1449 1670 videre
1483 1627 1664 1684 posset,
1703 1636 1763 1671 ex
1802 1621 2072 1671 abundanti
2110 1628 2272 1671 tamen
2311 1621 2485 1671 admo·
2548 1644 2554 1656 ι

228 1700 331 1746 neri
370 1697 429 1747 de
469 1697 745 1746 discrimine
785 1697 909 1744 inter
946 1709 1160 1747 amorem
1199 1709 1285 1743 seu
1314 1694 1624 1744 Aristotelico
1669 1695 1819 1744 verbo
1852 1696 1984 1743 sitim
2011 1696 2303 1758 cognitionis
2327 1710 2486 1744 rerum
2538 1747 2539 1751 ,

228 1771 521 1821 naturalium
562 1775 611 1819 et
648 1771 772 1817 inter
810 1767 1171 1817 contradicendi
1212 1773 1478 1839 contraque
1529 1767 1772 1817 sentiendi
1811 1768 2078 1819 libidinem.
2155 1767 2336 1818 Omnes
2373 1767 2486 1832 phi-

227 1843 423 1907 losophi
449 1842 663 1902 Graeci,
715 1841 907 1902 Latini,
958 1855 1127 1890 omnes
1174 1844 1354 1904 poe'tae
1399 1843 1574 1902 etiam,
1627 1846 1901 1904 agnoscunt
1938 1847 2128 1907 raptum
2167 1842 2387 1890 divinum
2424 1840 2487 1890 ad

228 1913 510 1980 indaganda
548 1929 696 1980 opera
734 1914 854 1974 Dei,
902 1928 992 1964 nec
1031 1914 1093 1963 ad
1132 1913 1416 1978 indaganda
1454 1919 1642 1963 tantum
1681 1916 1937 1977 privatim,
1985 1914 2073 1964 sed
2111 1917 2258 1964 etiam
2295 1913 2358 1963 ad
2398 1913 2489 1963 do·
2540 1968 2542 1971 v

228 1989 391 2052 aenda,
420 1989 638 2054 publice:
692 1988 740 2034 in
790 2002 935 2050 quem
982 1993 1175 2051 raptum
1214 1988 1389 2050 conjici
1428 1993 1614 2050 potest,
1666 1987 1913 2038 calumnia
1951 1987 2172 2038 curiosae
2210 1989 2489 2038 novationis
2527 2000 2547 2036 .·

228 2063 576 2113 adhaerescere
614 2074 710 2110 non
750 2066 929 2123 potest.
2528 2051 2535 2062 '

701 2133 793 2182 Est
830 2133 973 2182 Deus
1010 2135 1067 2181 in
1102 2132 1260 2191 nobis,
1301 2133 1528 2195 ayitcmte
1565 2133 1856 2182 calescimus
1892 2133 2008 2182 illo.-
2064 2176 2067 2179 .

834 2205 1043 2255 Sedibus
1081 2205 1321 2253 aethereis
1356 2207 1566 2267 spir-itm
1602 2206 1685 2254 ille
1721 2209 1873 2255 venit.

375 2280 473 2329 Hic
509 2278 865 2328 declamatione
892 2279 1036 2342 apud
1075 2277 1147 2326 Te
1185 2291 1281 2326 non
1322 2284 1396 2327 est
1434 2291 1571 2341 opus,
1611 2292 1707 2328 non
1749 2280 1897 2328 etiam
1935 2278 2067 2342 apud
2094 2274 2486 2329 Βεῐεῃίεείωυωὲ
2533 2294 2548 2302 ’-

231 2353 338 2402 sola
377 2354 437 2402 de
475 2352 616 2402 metis
657 2351 883 2400 addenda
921 2358 995 2401 est
1031 2352 1230 2400 mentio.
1293 2350 1397 2400 Nec
1435 2353 1563 2400 enim
1601 2351 1824 2416 figendae
1864 2358 1977 2400 sunt
2004 2351 2308 2416 indagationi
2332 2357 2522 2402 metae*

231 2429 279 2474 in
321 2440 588 2489 paucorum
626 2425 876 2474 hominum
912 2427 1132 2488 angustis
1159 2425 1383 2486 ingeniis.
1450 2425 1652 2473 Pusilla
1689 2440 1769 2473 res
1802 2425 2028 2474 mundus
2065 2433 2148 2488 est,
2187 2428 2290 2474 nisi
2323 2428 2380 2474 in
2417 2439 2487 2486 eo,

232 2499 370 2562 quod
406 2499 636 2562 quaerat,
676 2501 840 2548 omnis
876 2498 1102 2546 mundus
1140 2499 1385 2558 inveniat,
1426 2498 1585 2561 inquit
1611 2497 1814 2547 Seneca.
1876 2497 2038 2549 Verae
2077 2497 2276 2562 quidem
2311 2512 2489 2562 specu—

185 2609 188 2613 .
229 2572 427 2631 lationis
467 2570 627 2622 metae
667 2577 779 2620 sunt
818 2570 1042 2631 eaedem,
1099 2584 1227 2633 quae
1266 2575 1315 2618 et
1352 2571 1511 2634 operis
1549 2571 1811 2631 mundani,
1859 2571 2019 2621 salsae
2053 2576 2171 2622 'vero
2209 2578 2256 2621 et
2295 2571 2515 2621 exorbiv’

232 2646 354 2695 tanti
405 2644 609 2694 cancelli
662 2659 692 2693 a
714 2644 964 2707 *religione
1005 2643 1285 2692 Christiana
1322 2642 1543 2692 nonnulli
1581 2650 1696 2693 sunt
1734 2644 1941 2706 obJecti,
1992 2659 2055 2695 ne
2093 2659 2225 2695 error
2259 2646 2309 2692 in
2346 2657 2490 2708 praa·-

230 2719 396 2781 cipitia
424 2719 594 2778 terat,
628 2707 891 2779 ‘ceteroqui
937 2731 989 2765 se
1043 2719 1151 2779 ipso
1206 2718 1432 2764 innoxius
1470 2716 1676 2768 futurus,
1753 2717 1935 2766 Docuit
1972 2732 2062 2767 nos
2100 2717 2323 2781 exemplo
2362 2718 2491 2766 anti·-
2552 2753 2554 2777 ἶ

172 2790 174 2794 ’
231 2791 421 2853 quitas,
477 2805 624 2853 quam
662 2791 839 2839 frustra
875 2795 1030 2838 metas
1069 2789 1216 2838 homo
1254 2788 1401 2851 figat,
1450 2789 1534 2838 ubi
1574 2789 1711 2838 Deus
1750 2804 1846 2839 non
1883 2790 2004 2842 fixit..
2084 2790 2241 2853 Quam
2280 2791 2490 2853 graviter
2549 2821 2554 2850 4

232 2870 343 2913 sunt
393 2865 615 2926 increpiti
654 2878 684 2912 a
721 2864 889 2926 primis
930 2862 1220 2910 Christianis
1260 2863 1527 2910 astronomi
1567 2863 1776 2912 omnes?
1829 2863 2001 2912 Nonne
2053 2862 2113 2913 de
2164 2877 2261 2912 uno
2301 2862 2490 2926 scripsit
2547 2891 2554 2926 Ἰ

228 2936 489 2998 Eusebius,
529 2936 667 2985 illum
706 2930 1121 2984 Christianitatem
1159 2934 1393 2983 maluisse
1431 2934 1652 2984 descrere
1692 2937 1831 2999 (puto
1871 2939 1987 2999 quia
2025 2935 2510 2998 excommunicatus).
2548 2951 2554 3015 4·

233 3023 379 3071 quam
417 3008 810 3074 professionem?
850 3006 972 3070 Quis
1010 3007 1158 3057 hodie
1195 3006 1484 3056 imitandum
1525 3008 1732 3057 censet?
1769 3009 1941 3058 Nonne
1971 3009 2273 3059 Tertulliano
2313 3015 2362 3058 et
2383 3009 2492 3057 Au*-

233 3085 427 3142 gustino
466 3084 668 3131 nimium
708 3095 879 3145 sapere
916 3082 1012 3130 visi
1050 3085 1177 3140 sunt,
1221 3078 1305 3144 qui
1352 3080 1610 3144 antipodas
1650 3095 1757 3131 esse
1797 3081 2106 3131 docuerunt?
2152 3083 2212 3132 Et
2249 3083 2342 3130 suit
2379 3081 2503 3145 quiq
2528 3078 2534 3081 “

235 3153 374 3202 dem
394 3155 633 3218 Virgilius
686 3154 1074 3217 Salisburgensis
1123 3154 1398 3217 Episcopus
1449 3154 1512 3202 ab
1561 3153 1720 3203 officio
1772 3153 2018 3217 dejectus,
2076 3154 2208 3218 quod
2260 3155 2311 3204 id
2364 3156 2502 3207 essm

233 3241 381 3275 ausus
432 3243 662 3278 asserere.
741 3222 947 3289 Quoties
983 3227 1196 3276 Romani
1242 3226 1561 3290 philosophos
1608 3227 1727 3276 urbe
1767 3227 2033 3289 ejecerunt,
2095 3235 2145 3277 et
2195 3226 2245 3276 id
2296 3226 2489 3299 quiden
2542 3291 2543 3294 Ἴ

231 3300 446 3348 moribus
485 3301 582 3349 illis
622 3301 721 3349 suis
761 3302 992 3363 antiquis,
1035 3301 1213 3364 quibus
1251 3314 1329 3349 res
1367 3300 1533 3349 stabat
1556 3299 1820 3349 Romana?
1857 3300 1960 3349 Nos
1998 3304 2163 3350 tamen
2190 3299 2337 3350 hodie
2374 3312 2488 3349 aon·

233 3371 417 3420 demias
454 3374 638 3435 ubique
677 3375 1043 3435 constituimuS,
1099 3373 1466 3437 philosophiam
1505 3372 1694 3433 doceri,
1747 3375 2095 3423 astronomiam
2134 3373 2323 3436 doceri,
2362 3370 2543 3432 anti*

207 3444 386 3512 ‚podas
426 3444 588 3494 doceri
622 3446 866 3507 jubemus.
908 3498 911 3501 Δ
2461 3463 2474 3488 ²
2533 3470 2540 3498 ι

259 3560 267 3568 .
346 3517 481 3579 Ego
522 3532 640 3565 vero
675 3521 828 3572 ,etiam
864 3520 1097 3582 privatim
1136 3535 1166 3568 a
1206 3535 1283 3569 me
1322 3520 1603 3568 novationis
1642 3519 1816 3567 vitium
1854 3516 2045 3567 idoneis
2080 3533 2308 3569 removeo
2337 3517 2485 3568 doen*

231 3590 425 3639 mentis,
500 3590 735 3638 Veritatis
775 3593 825 3638 in
862 3606 940 3640 me
979 3594 1042 3641 sit
1083 3606 1221 3641 amor
1259 3607 1320 3641 an
1360 3592 1570 3659 gloriae,
1615 3590 1881 3655 loquantur
1917 3591 2149 3655 dogmata
2187 3607 2323 3654 mea,
2363 3602 2484 3655 quw
2525 3610 2538 3651 1

198 3662 464 3726 ,pleraque
516 3663 625 3710 aliis
676 3668 879 3725 accepta
928 3665 1059 3713 sero:
1113 3670 1268 3714 totam
1309 3660 2533 3735 αεὶ-τοῃρᾳῳίμξιῐῃωῡορθτηίοἰῇὴχῃοὼεεὼηῴ

233 3735 749 3802 ωυῃᾱοΜΤ-Ῡῡῇοηιε
801 3750 917 3782 vero
972 3737 1154 3787 Brahe1
1132 3726 1666 3804 observationibus,
1725 3736 1934 3800 denique
1993 3736 2225 3801 Gulielmi
2282 3733 2483 3786 Gabeni
2525 3749 2531 3772 ε

233 3809 310 3857 An
347 3808 383 3856 li
401 3810 739 3894 magneticae
761 3803 1104 3872 philosophiae
1147 3803 1431 3860 inaedifico:
1478 3813 1522 3859 si
1559 3811 1825 3860 novatione
1866 3801 2174 3873 delectarer,¹
2178 3790 2528 3860 form

235 3823 353 3945 quid
404 3895 700 3931 commimscr
741 3874 945 3943 'possem'
982 3878 1168 3962 simile
1196 3874 1583 3934 Fracastorianis
1621 3888 1708 3934 aut
1745 3882 2036 3934 Patricianis
2074 3881 2482 3980 conceptionibu-
