2554 4140
759 100 764 106 ’
828 107 966 172 Libe'r
992 123 1205 182 Quintus.
1264 123 1378 169 Pars
1408 122 1583 168 Altera.
2229 126 2331 177 423

223 273 449 324 Connexis
477 271 597 317 enirn
625 270 829 317 terminis
858 268 1207 317 eccentricitatis
1229 270 1286 324 A,
1318 269 1355 313 B
1389 280 1491 312 cum
1514 279 1705 324 corpore
1723 266 1936 326 planetae
1958 267 2005 326 C,
2037 278 2144 326 pars
2175 279 2339 323 aequa-

80 341 215 387 tionis
254 339 442 398 physica
477 335 663 395 quidem
702 349 958 382 mensuram
996 334 1168 380 invenit
1211 333 1258 377 in
1299 345 1405 377 area
1447 332 1564 376 BAC
1597 333 1688 390 (vel
1731 347 1814 391 per
1855 332 2252 390 aequipollentiam
2292 334 2339 378 in

77 421 184 453 area
211 405 370 462 BAK)‚
402 405 553 462 optica
581 416 687 448 vero
718 417 826 461 pars
856 401 1139 459 aequationis
1172 398 1374 456 aequalis
1405 403 1527 443 esset
1556 398 1722 453 angulo
1754 398 1884 456 BCA,
1916 399 1954 443 si
1984 399 2023 443 is
2054 404 2338 456 computare-

24 502 26 504 .
79 481 177 529 tut;
209 485 300 529 quo
332 483 510 527 semper
539 469 704 526 exiguo
734 468 879 513 minor
908 473 978 514 est
1006 465 1198 523 angulus
1227 464 1374 521 BKA,
1405 463 1537 520 cnjus
1570 468 1692 508 esset
1721 463 1894 509 facilior
1925 465 2219 522 computatio.

224 548 348 611 Quis
386 553 455 595 est
489 560 613 595 usus
647 546 802 605 hujus
840 547 1181 609 aequationis,
1232 545 1387 616 ctiam
1423 541 1691 590 titulorum
1728 542 1872 599 ejus?
1943 542 2001 590 In
2039 541 2133 590 hac
2172 548 2336 594 astro-

81 623 279 671 nomiae
326 620 481 669 forma
529 625 767 668 renovata
816 621 965 668 totius
1021 617 1328 680 aequationis
1379 629 1439 664 ex
1489 619 1694 676 utroque
1734 614 1974 664 elemento
2030 619 2334 678 compositae

78 710 208 744 usus·
235 698 310 742 est
346 707 444 742 non
482 693 783 742 necessarius
820 705 910 741 nec
946 690 1092 740 valde
1118 702 1338 752 magnus.
1414 687 1522 736 Non
1561 688 1688 736 enim
1726 701 1812 749 per
1835 687 1961 736 hane
1990 690 2335 750 aequationem

10 770 13 782 ¹
79 768 436 818 constituuntur
473 766 764 825 anomaliae,
805 765 894 815 sed
919 769 1100 825 eontra,
1138 777 1224 826 per
1261 761 1673 824 comparationem
1705 759 1982 810 anomaliae
2025 770 2329 823 coaequatae

77 838 244 905 (qu'am
298 839 433 903 prius
489 838 847 902 computamus)
898 851 1009 901 cum
1063 835 1312 885 anomalia
1365 832 1526 883 media
1584 831 1802 882 elicimus
1856 835 2230 897 aequationem,
2290 839 2332 886 si

77 911 275 977 quando
313 927 374 960 ea
411 910 636 961 volumus
673 913 761 961 uti.
1726 939 1734 949 --

222 985 280 1033 In
316 984 498 1033 tabulis
535 999 652 1034 vero
690 989 936 1048 ponuntur
972 988 1068 1033 tres
1108 979 1382 1031 anomaliae
1421 978 1703 1034 distinctae:
1743 979 1898 1041 primo
1927 979 2054 1027 enim
2083 980 2331 1032 anomalia

75 1059 284 1108 eccentri
322 1059 519 1121 ponitur
555 1058 619 1107 ad
656 1059 916 1117 sinistram,
955 1054 1223 1104 secundum
1261 1051 1441 1115 gradus
1481 1053 1696 1114 integros
1734 1052 1797 1100 ab
1831 1054 1854 1109 l
1897 1050 1959 1117 ad
2007 1053 2105 1100 180
2145 1052 2327 1115 ordine,

8 1152 9 1172 i
81 1130 228 1194 idque
265 1138 551 1194 propterea,
591 1131 707 1194 quia
744 1130 807 1178 ab
844 1129 938 1178 hac
975 1127 1091 1177 data
1127 1127 1182 1175 fit
1220 1127 1410 1174 initium
1459 1124 1774 1189 computandi
1811 1123 2026 1187 reliquas
2076 1126 2331 1189 ipsamque

8 1231 9 1252 ;
79 1205 227 1253 etiam
267 1203 549 1253 distantiam
599 1218 687 1252 seu
725 1201 1037 1251 intervallum
1073 1200 1301 1264 planetae
1340 1205 1388 1248 et
1426 1197 1578 1261 Solis3
1632 1196 1846 1247 secundo
1898 1198 2014 1246 huic
2052 1199 2331 1250 anomaliae

54 1269 288 1326 'eccentri
326 1276 583 1340 subjicitur
619 1278 669 1324 in
709 1275 880 1326 eadem
906 1273 1132 1324 columna
1166 1287 1279 1336 pars
1304 1272 1612 1334 aequationis
1650 1270 1857 1334 physica
1896 1285 1982 1319 seu
2021 1271 2162 1320 valor
2187 1287 2330 1323 areae

6 1371 8 1376 ·
78 1350 306 1412 trianguli
347 1351 620 1412 aequatorii
657 1351 706 1397 in
743 1348 991 1413 gradibuS,
1029 1348 1230 1395 minutis
1269 1350 1317 1394 et
1347 1343 1599 1407 secundis;
1640 1357 1700 1392 ex
1728 1358 1826 1406 qua
1854 1344 2166 1394 conclusione
2206 1359 2331 1395 ano-

76 1421 255 1472 maliae
294 1423 501 1472 eccentri
558 1437 666 1471 cnm
703 1428 843 1485 parte
881 1421 1186 1484 aequationis
1224 1418 1430 1483 physica
1473 1419 1521 1464 in
1573 1415 1778 1466 eandem
1817 1416 2042 1465 cellulam
2094 1418 2331 1481 intelligi-

0 1485 7 1568 '4
77 1509 203 1556 mus,
241 1493 436 1544 additas
485 1496 697 1545 invicem
745 1496 1037 1544 constituere
1088 1491 1382 1542 anomaliam
1435 1489 1647 1540 mediam
1693 1489 2079 1553 respondentem.
2161 1491 2327 1542 Tertio

0 1525 4 1610 ,
75 1567 305 1620 adlatus
342 1568 489 1632 hujus
526 1569 576 1616 in
613 1568 846 1632 peculiari
886 1567 1112 1616 columna
1160 1566 1356 1629 ponitur
1393 1563 1639 1612 anomalia
1677 1569 1970 1627 coaequata,
2028 1564 2328 1628 respondens

78 1643 226 1691 arcui.
302 1641 356 1691 Si
395 1643 506 1705 quis
540 1641 643 1704 Jam
680 1641 788 1690 vult
823 1642 947 1690 scire
988 1641 1328 1702 aequationem
1354 1638 1715 1701 compositam,
1765 1639 1807 1685 is
1846 1637 2142 1686 anomaliam
2181 1652 2330 1688 coae-

0 1712 6 1773 ἕ,
76 1720 273 1778 quatum
324 1730 355 1765 a
396 1717 543 1778 juxta
589 1717 752 1780 posita
803 1713 992 1774 media,
1048 1727 1135 1762 seu
1184 1727 1214 1761 a
1263 1725 1453 1760 summa
1500 1709 1774 1759 anomaliae
1823 1711 2031 1759 eccentri
2079 1716 2128 1761 et
2174 1713 2328 1774 partis

3 1784 5 1833 i
73 1787 379 1851 aequationis
417 1787 650 1852 physicae
688 1786 966 1847 subtrahat,
1006 1785 1372 1846 remanebitque
1396 1784 1626 1846 aequatio
1658 1783 1896 1846 quaesita,
1938 1797 2064 1846 quae
2103 1785 2152 1831 in
2179 1786 2330 1833 semi-

3 1916 5 1925 ,
76 1859 253 1910 circulo
272 1860 469 1923 quidem
491 1860 812 1911 descendente
829 1860 979 1925 habet
1004 1859 1203 1908 titulum
1227 1858 1595 1918 subtractoriae,
1622 1858 1672 1904 in
1697 1855 1989 1906 ascendente
2017 1856 2327 1920 adJectoriae.

0 1926 5 1974 Ρ
217 1934 316 1983 Dic
362 1941 563 1994 tamen,
616 1933 867 1996 quomodo
906 1938 1083 1995 partes
1130 1932 1224 1980 hae
1262 1932 1585 1993 aequationis
1636 1932 1770 1978 inter
1805 1944 1855 1978 se
1904 1936 2085 1980 mutuo
2123 1945 2329 1994 compa-

73 2012 219 2056 ratae
253 2007 474 2057 habeant
510 2007 580 2056 ad
614 2009 845 2056 invicem
923 2004 1032 2067 Quo
1067 2005 1224 2053 minor
1261 2009 1335 2052 est
1364 2003 1721 2062 eccentricitaS‚
1762 2002 1856 2051 hoc
1894 2004 2049 2067 magis
2070 2003 2331 2066 ,accedunt

1 2137 3 2147 Α
75 2079 139 2130 ad
175 2080 522 2143 aequalitatem
565 2081 690 2130 inter
740 2071 842 2142 se3.
868 2080 917 2126 in
963 2079 1201 2141 superiori
1250 2082 1414 2126 tamen
1454 2075 1786 2138 semicirculo,
1843 2090 1991 2138 supra
2031 2075 2327 2137 diacentron,

2 2150 3 2156 ’
74 2152 223 2216 paulo
258 2156 417 2203 minor
467 2158 542 2203 est
583 2168 698 2217 pars
755 2153 919 2216 optica
963 2156 1102 2215 parte
1158 2150 1389 2215 physica,
1445 2150 1494 2199 in
1550 2149 1790 2212 inferiori,
1849 2149 1973 2199 infra
2029 2148 2327 2212 diacentron,

70 2225 219 2290 paulo
256 2227 427 2290 major.
765 2283 773 2287 ,
1916 2235 1918 2237 ·

243 2310 306 2356 Ut
339 2309 388 2354 in
428 2308 609 2366 adJ'ecto
639 2306 894 2364 schemate,
941 2306 981 2352 si
1010 2307 1052 2352 A
1082 2306 1181 2362 Sol,
1211 2305 1335 2351 PAR
1758 2321 1841 2364 mg,
1865 2319 1921 2357 81.

0 2367 1 2378 ¹
70 2373 189 2422 linea
218 2375 449 2433 apsidum,
493 2375 534 2419 ei
580 2373 638 2418 ad
668 2377 817 2417 rectos
849 2373 986 2429 DBT,
1018 2371 1167 2427 MAN,
1199 2383 1333 2429 supe-

0 2458 1 2462 *
70 2440 161 2488 fior
187 2440 497 2487 semicirculus
526 2439 601 2484 vel
633 2439 764 2496 quasi
794 2439 940 2493 DPT,
978 2438 1164 2484 inferior
1192 2437 1332 2483 ΒΗΤ.

72 2505 172 2554 Sint
199 2506 428 2563 triangula
458 2505 723 2562 aequaturia
744 2503 792 2548 in
814 2503 1037 2560 superiori
1053 2504 1184 2561 BOA,
1200 2504 1332 2563 BFA,

74 2568 122 2616 in
149 2569 349 2617 inferiori
378 2571 506 2627 ΒΕΑ,
536 2570 674 2626 BQA.
737 2570 849 2615 Cum
877 2570 1015 2627 igitur
1036 2583 1168 2616 areae
1198 2571 1334 2616 trian-

70 2635 276 2692 gulorum
306 2635 397 2682 sint
425 2648 640 2681 mensura
678 2633 824 2692 partis
866 2635 1149 2692 aequationis
1179 2636 1332 2693 physi-

71 2712 172 2758 cae,
212 2701 367 2759 anguli
395 2714 500 2746 vero
533 2699 590 2745 ad
622 2700 677 2757 C,
710 2699 770 2752 F,
801 2699 855 2757 S,
888 2699 926 2755 Q
958 2700 1100 2756 partis
1132 2701 1331 2758 opticae:

70 2777 202 2811 areae
241 2772 365 2811 certe
406 2765 663 2823 superiores
705 2769 812 2809 sunt
855 2764 911 2810 de
941 2778 1048 2810 area
1075 2765 1218 2811 totius
1249 2766 1333 2810 cir-

72 2828 162 2876 culi
192 2830 309 2887 (360)
339 2831 572 2888 portiones
601 2830 819 2887 maj0res,
849 2830 1085 2876 inferiores
1117 2845 1222 2877 vero
1253 2832 1332 2876 mi-

69 2906 224 2946 nores,
253 2911 389 2954 quam
419 2910 576 2943 earum
604 2897 757 2953 anguli
787 2895 845 2940 de
873 2901 1070 2953 quatuor
1098 2897 1235 2942 rectis
1251 2909 1334 2942 seu

72 2962 171 3009 360.
232 2962 405 3007 centris
435 2962 553 3008 enim
585 2962 632 3018 C,
671 2962 718 3016 S,
750 2961 1096 3007 diastematibus
1129 2962 1214 3019 CB,
1261 2962 1332 3007 SB

72 3027 436 3086 semidiametris,
482 3027 738 3072 scribantur
767 3039 898 3072 arcus
929 3027 1022 3084 BL,
1055 3027 1153 3083 BH,
1184 3028 1334 3071 termi-

71 3090 166 3136 nati
194 3090 242 3136 in
273 3092 348 3138 CA
378 3098 424 3137 et
457 3093 529 3138 SA
574 3092 906 3150 continuatam,
947 3094 1025 3150 qui
1069 3105 1201 3139 arcus
1242 3107 1333 3138 me-

72 3156 241 3203 flentur
270 3159 460 3216 angulos
482 3159 517 3204 C
538 3165 584 3204 et
605 3159 651 3215 S,
683 3170 828 3215 aeque
858 3157 1011 3204 valent
1038 3171 1144 3203 vero
1175 3158 1333 3204 iisdem

75 3223 267 3270 arcubus
290 3230 337 3268 et
358 3236 489 3268 areae
512 3223 639 3277 CBL,
674 3224 807 3269 SBH.
868 3223 917 3269 Si
939 3224 1075 3282 igitur
1093 3224 1181 3269 hae
1202 3238 1334 3270 areae

74 3295 225 3335 essent
253 3294 408 3347 partes
439 3291 761 3346 aequationum
792 3289 981 3346 opticae,
1020 3289 1232 3344 aequales
1265 3301 1333 3333 es-

76 3361 177 3401 sent
204 3355 363 3400 ambae
392 3355 526 3399 unius
557 3354 839 3411 aequationis
870 3357 1037 3411 partes.
1096 3352 1156 3397 At
1184 3366 1275 3398 non
1308 3355 1436 3412 CBL,
1469 3356 1549 3402 sed
1579 3356 1724 3414 major
1752 3368 1858 3403 area
1879 3355 1992 3402 CBA
2013 3359 2083 3402 est
2112 3369 2324 3404 mensura

76 3421 218 3478 partis
247 3420 484 3479 physicae,
523 3422 588 3466 sic
618 3434 709 3466 non
741 3420 871 3475 SBH,
912 3417 992 3463 sed
1023 3418 1302 3464 minorat-ea
1333 3421 1446 3467 SBA
1477 3422 1522 3467 in
1553 3421 1765 3468 inferiori.
1827 3421 2021 3480 Superat
2049 3422 2186 3480 igitur
2216 3437 2321 3482 pars

76 3485 263 3545 physica
290 3486 513 3543 superius,
544 3499 650 3544 pars
682 3485 833 3543 optica
862 3484 1062 3530 inferius.

228 3547 320 3598 Ubi
356 3555 425 3597 est
461 3551 698 3612 aequatio
737 3549 1009 3611 composita
1059 3548 1327 3597 maxima?
1400 3549 1616 3599 Partium
1655 3548 1847 3613 quidem
1885 3551 2042 3614 prior,
2095 3550 2318 3613 physica,

81 3626 153 3670 ost
189 3622 400 3670 maxima
436 3622 484 3669 in
523 3622 587 3683 D,
628 3621 684 3684 T,
725 3621 940 3670 terminis
980 3618 1239 3681 diacentri,
1281 3622 1397 3685 quia
1434 3622 1613 3673 nullius
1651 3623 1877 3687 trianguli
1916 3622 2121 3672 altitudo
2164 3623 2319 3684 maj0r

79 3706 186 3742 esse
220 3700 383 3757 potest
419 3695 527 3757 ipsa
562 3693 653 3743 BD
695 3693 772 3743 vel
812 3692 921 3754 ΒΤ,
962 3706 1088 3756 quae
1128 3698 1202 3741 est
1237 3694 1284 3740 in
1325 3694 1501 3745 circulo
1540 3694 1926 3759 semidiameter,
1980 3698 2223 3757 etiamque
2262 3696 2312 3742 in

80 3762 236 3828 ellipsi
283 3764 567 3830 longissima
617 3765 874 3815 ordinatim
924 3764 1289 3828 applicatorum.
1365 3768 1609 3818 Posterior
1659 3783 1771 3832 pars
1823 3770 2006 3833 optica,
2060 3769 2100 3815 si
2156 3767 2313 3815 orbita

81 3836 286 3887 circulus
323 3843 463 3900 esset,
500 3840 712 3889 maxima
751 3839 873 3889 soret
909 3839 956 3886 in
994 3836 1061 3899 M,
1102 3837 1163 3902 N,
1202 3841 1414 3891 terminis
1453 3837 1686 3904 diheliae3
1727 3842 1796 3891 ibi
1835 3843 1962 3892 enim
1987 3838 2310 3909 perpendicu-
