2554 4140
990 141 1219 187 Praefatio
1250 145 1297 187 et
1326 139 1584 199 Epistolae.
1862 124 1872 129 ³
2314 142 2418 193 625

148 287 346 337 modum
384 288 581 338 lectioni
619 294 796 351 statue,
837 291 956 339 satis
995 305 1236 355 superque
1268 292 1460 342 habens
1500 293 1550 339 in
1589 290 1848 366 thesauris,
1890 294 1938 340 et
1978 289 2088 353 plus
2129 302 2277 352 quam
2314 302 2414 336 non

148 367 337 410 tantum
377 361 635 426 eloquaris,
674 362 761 411 sed
801 365 946 413 etiam
986 364 1247 428 cogitando
1287 379 1591 429 percenseas.
1669 357 1859 427 Pragae
1903 359 2208 433 5,‘15.Apr.
2254 362 2411 409 1628.

323 445 720 502 Berneggerus
761 446 1028 504 Kepler0.
1103 448 1184 495 Vir
1225 451 1416 494 summe!
1472 449 1577 493 Non
1627 452 1874 493 statueram
1923 445 1981 491 ad
2028 445 2257 502 proximas
2295 445 2414 503 tua's,

147 510 322 567 Pragae
351 524 504 556 mense
537 512 683 569 Aprili
715 513 858 570 datas,
889 515 1015 571 prius
1044 515 1342 573 respondere,
1385 527 1519 572 quam
1552 515 1607 560 de
1637 511 1985 569 Luneburgensi
2025 505 2268 555 honoarrio
2303 496 2415 552 certi

147 576 256 631 quid
299 576 551 634 significare
594 592 797 636 possem3
845 581 926 625 sed
965 580 1096 625 nimis
1134 580 1318 636 longum
1357 580 1403 624 id
1442 579 1579 624 fuerit
1619 579 1868 634 silentium,
1914 592 1986 623 res
2032 580 2154 629 lente
2193 583 2416 640 procedit.

145 642 305 700 Nuper
333 645 542 690 ostendit
562 645 672 689 mihi
688 646 743 690 D.
777 645 1012 691 Clutenius
1045 660 1073 691 a
1103 659 1184 703 suo
1214 645 1419 704 principe
1448 645 1618 703 literas,
1650 644 1814 701 quibus
1845 644 2042 689 nondum
2073 648 2159 695 sibi
2188 648 2416 693 redditum

148 707 327 764 librum,
361 724 463 755 cum
496 712 719 757 desiderio
750 718 902 757 tamen
924 717 1251 768 exspectatum,
1282 711 1527 769 signifi-can
1561 724 1709 767 spero,
1744 709 1928 766 dignum
1950 711 2096 769 dante,
2130 713 2314 770 dignum
2344 726 2415 757 ac-

152 775 347 831 cipiente
388 778 659 834 praemium,
707 785 752 822 et
790 779 1059 822 monitorem
1101 790 1150 822 se
1180 778 1237 823 D.
1271 777 1506 822 Clutenius
1539 775 1687 821 offert.
1746 774 1817 819 De
1852 775 2039 831 reliquis
2083 778 2415 836 exemplaribus

144 841 202 886 D.
233 842 374 886 Remo
406 857 547 888 unum
587 845 691 890 dedi
729 846 928 900 itemque
957 858 1096 888 unum
1126 844 1167 888 J.
1200 842 1314 888 Lud.
1348 842 1559 896 Stradae,
1599 841 1829 898 quaestori
1867 843 1978 900 reip.
2015 850 2211 902 nostrae,
2242 846 2417 890 mathe-

147 914 317 953 matum
349 911 466 954 bene
495 925 637 966 gnaro
668 917 940 968 tuorumque
970 909 1213 967 praecipue
1245 908 1516 965 scriptorum
1548 906 1825 952 admiratori.
1885 908 2010 953 Vidit
2041 910 2161 966 apud
2191 925 2262 956 me
2292 918 2418 956 tuam

144 974 458 1029 Harmonicen,
492 977 623 1031 cujus
656 975 864 1032 exempla
892 989 987 1020 non
1019 979 1201 1019 exstant
1238 973 1286 1017 in
1315 972 1591 1030 bibliopoliis
1632 972 1813 1017 nostris.
1875 974 1971 1019 Fac
2003 989 2172 1031 quaeso
2205 977 2415 1035 sciamus,

143 1039 263 1083 unde
293 1040 332 1085 is
361 1041 525 1086 librum
556 1048 793 1099 tantopere
816 1041 1066 1098 expetitum
1083 1040 1168 1084 sibi
1189 1051 1452 1095 comparare
1482 1039 1643 1095 possit.
1704 1039 1993 1084 Francofurti
2016 1041 2110 1085 scio
2141 1042 2262 1097 apud
2283 1043 2414 1102 Tam-

145 1106 360 1161 pachium
390 1114 597 1165 prostare
627 1114 706 1153 tua
735 1107 975 1164 pleraque,
1009 1105 1089 1149 sed
1120 1105 1175 1148 de
1205 1105 1491 1161 Harmonice,
1525 1104 1693 1160 quippe
1723 1105 1870 1149 Lincii
1909 1119 2099 1164 excusa,
2143 1108 2413 1153 dubitamus.

146 1172 249 1219 Sed
267 1178 314 1218 et
339 1175 394 1218 D.
416 1174 704 1218 Habrechtus
735 1173 973 1217 remissum
1004 1170 1178 1246 pridem
1210 1170 1442 1226 exemplar
1472 1170 1731 1215 tabularum
1755 1176 1939 1226 praeter
1972 1171 2226 1226 opinionem
2258 1176 2416 1232 (credo

144 1239 268 1294 quod
299 1240 588 1284 Francofurti
607 1253 698 1283 non
728 1236 914 1282 minoris
946 1237 1033 1280 emi
1064 1235 1310 1291 didicisset)
1342 1248 1488 1292 nuper
1517 1235 1712 1291 repetiit.
1774 1236 1845 1280 Ita
1875 1241 2086 1293 superest
2107 1238 2256 1285 adhuc
2277 1255 2415 1285 unum

145 1303 392 1361 exemplar,
425 1305 548 1362 quod
578 1306 632 1350 D.
664 1303 931 1360 Espichium
964 1307 1213 1359 exspectat.

316 1372 619 1416 Dedicationis
649 1370 990 1415 Braheanorum
1028 1367 1304 1424 exemplaria
1342 1367 1398 1411 ab
1430 1366 1770 1412 Hebenstreitto
1813 1373 1970 1413 nostro
2013 1373 2135 1412 recte
2175 1371 2330 1427 accepi
2370 1376 2416 1414 et

141 1418 245 1478 'dedi
277 1437 440 1491 quibus
472 1437 683 1512 oportuit
742 1437 812 1480 De
843 1435 981 1479 trium
1011 1433 1193 1477 illorum
1224 1432 1568 1509 exemplarium,
1609 1445 1724 1488 quae
1765 1432 1877 1491 dixi,
1923 1435 2070 1491 pretio
2112 1435 2138 1481 6
2180 1449 2243 1481 sc.
2275 1437 2416 1493 impe-

146 1501 350 1557 rialibus,
382 1504 544 1559 scripsi
573 1516 664 1546 non
694 1502 758 1546 ita
789 1500 964 1557 pridem
995 1500 1052 1544 ad
1082 1499 1222 1544 filiam
1253 1500 1300 1543 in
1319 1499 1587 1544 Durlacensi
1617 1512 1843 1556 gynaeceo
1875 1501 2134 1576 monuique,
2165 1516 2248 1558 per
2280 1516 2415 1558 quem

140 1581 219 1612 eos
249 1569 428 1613 mittere
465 1568 604 1614 vellet
633 1567 905 1612 ostenderet.
970 1566 1059 1611 Sed
1090 1565 1204 1610 nihil
1242 1565 1349 1609 dum
1380 1566 1536 1622 accepi
1565 1567 1786 1622 responsi.
1837 1567 1983 1612 Filius
2020 1568 2072 1613 12
2103 1568 2212 1624 imp.
2243 1569 2419 1625 accepit

137 1634 259 1690 ipse,
305 1647 409 1678 nam
447 1634 503 1678 de
531 1633 812 1682 Schickardo
850 1633 977 1689 prius
1023 1632 1322 1689 significatum
1363 1632 1564 1688 oportuit
1589 1664 1742 1677 .....
1774 1632 1904 1678 Vale.
1964 1634 2150 1692 Argent.
2192 1635 2233 1680 d.
2270 1636 2417 1693 15s25

145 1699 272 1743 Junii
301 1714 423 1745 anno
454 1700 581 1745 1628.

314 1767 716 1825 Berneggerus
755 1762 1011 1820 Keplero
1053 1762 1097 1808 S.
1137 1763 1187 1807 P.
1230 1763 1286 1806 D.
1362 1762 1441 1807 Vir
1486 1762 1875 1808 excellentissime.
1935 1763 2090 1810 Habes
2133 1765 2207 1810 hic
2249 1780 2275 1810 a
2320 1767 2414 1812 filia

140 1831 311 1890 literas,
344 1833 417 1885 cui
447 1846 595 1890 nuper
623 1831 881 1890 imperiales
910 1832 940 1877 8
969 1831 1072 1875 misi
1101 1830 1363 1886 Durlacum‚
1397 1830 1603 1875 redactos
1639 1845 1662 1876 e
1695 1831 1798 1876 libri
1829 1831 1893 1875 tui
1925 1831 2156 1877 distractis
2188 1835 2413 1890 exempla-

141 1898 266 1944 ribus
299 1898 506 1943 omnibus
536 1899 742 1956 reliquis.
787 1898 918 1945 ,Nam
948 1897 1148 1953 priorum
1178 1896 1373 1957 pretium
1404 1896 1519 1954 filio,
1562 1903 1613 1942 ut
1645 1898 1756 1953 scis,
1789 1903 2075 1941 numeratum
2108 1901 2191 1944 est.
2252 1900 2414 1944 Eidem

46 1962 53 1976 ¹
140 1963 239 2009 filio
270 1965 341 2009 vel
370 1964 522 2021 potius
553 1965 697 2021 ipsius
727 1963 909 2008 nomine
941 1962 1219 2007 Schickardo
1252 1962 1354 2006 misi
1384 1976 1530 2019 nuper
1560 1963 1618 2009 20
1650 1965 1769 2015 flor„
1805 1976 1918 2018 quos
1949 1962 2125 2006 monitu
2157 1963 2279 2008 filiae
2309 1969 2414 2010 tuae

141 2043 169 2074 a
192 2031 248 2076 D.
270 2030 424 2076 Fridio
455 2031 631 2087 repetii,
664 2030 739 2087 qui
772 2028 893 2083 dicit,
926 2042 975 2073 se
996 2028 1170 2085 pridem
1203 2041 1300 2073 eam
1323 2029 1566 2084 pecuniam
1598 2029 1878 2074 redditurum
1899 2028 2054 2085 fuisse,
2085 2028 2172 2077 nisi
2202 2035 2414 2085 putasset

140 2097 496 2154 exspectandum
532 2096 882 2155 chirographum
912 2100 1063 2152 tuum,
1107 2108 1196 2151 quo
1235 2094 1429 2140 traditae
1459 2095 1553 2140 ‘sibi
1594 2096 1812 2152 pecuniae
1853 2095 1989 2140 fidem
2025 2095 2108 2153 tibi
2138 2095 2262 2143 fecit.
2324 2097 2414 2141 Sed
2464 2138 2466 2140 μ

139 2161 369 2217 acquievit
397 2163 446 2206 in
478 2164 654 2220 apocha
683 2175 785 2208 mea
813 2162 1124 2217 manuscripta
1149 2195 1159 2205 .
1184 2195 1194 2204 .
1221 2193 1232 2204 .
1257 2193 1267 2204 .
1293 2195 1303 2217 ,
1350 2161 1405 2205 D.
1439 2161 1478 2204 4.
1512 2161 1633 2218 Sept.
1667 2161 1794 2207 1628.

314 2228 721 2286 Berneggerus
754 2229 1007 2286 Keplero
1041 2227 1084 2273 S.
1117 2228 1168 2271 P.
1200 2227 1255 2270 D.
1317 2225 1399 2271 Vir
1431 2239 1617 2271 summe.
1678 2228 1783 2272 Non
1816 2226 1996 2285 dubito,
2039 2227 2214 2284 pridem
2247 2241 2271 2271 e
2300 2228 2412 2273 meis

145 2307 198 2339 ac
226 2298 407 2338 tuorum
435 2295 578 2339 literis
610 2295 875 2352 cognovisse
905 2299 951 2339 te
984 2293 1039 2339 de
1071 2293 1266 2351 pecunia
1297 2306 1320 2336 e
1342 2292 1529 2338 Tabulis
1552 2294 1668 2338 Rud.
1699 2292 1885 2338 redacta
1913 2297 2128 2349 recteque
2159 2294 2323 2350 partim
2355 2294 2413 2338 ad

137 2360 301 2415 filium,
333 2360 499 2417 partim
530 2360 587 2404 ad
618 2360 756 2406 filiam
788 2366 958 2416 curata,
992 2360 1078 2404 nisi
1110 2359 1231 2416 quod
1265 2372 1290 2403 a
1322 2359 1374 2404 D.
1410 2358 1614 2403 Clutenio
1644 2359 1824 2403 nomine
1855 2357 2071 2414 principis
2104 2359 2413 2415 Luneburgici

140 2425 252 2470 nihil
283 2424 389 2469 dum
420 2426 600 2483 accepi3
640 2427 756 2471 nihil
787 2428 923 2474 etiam
955 2439 981 2469 a
1011 2427 1066 2471 D.
1098 2425 1284 2481 Agerio,
1332 2424 1410 2480 qui
1449 2437 1535 2468 nos
1572 2424 1718 2481 primo
1759 2425 1916 2482 rejecit
1954 2425 2011 2469 ad
2043 2425 2311 2469 convictoris
2342 2426 2414 2470 sui

139 2496 317 2547 patrem
347 2491 622 2549 Ulmensem,
653 2493 808 2539 nescio
841 2505 989 2548 quem,
1025 2491 1155 2547 cujus
1186 2489 1525 2534 frustrationem
1557 2503 1610 2535 ac
1640 2491 2059 2547 tergiversationem
2082 2506 2184 2537 cum
2216 2492 2256 2536 ei
2278 2491 2413 2548 signi-

14 2546 61 2606 ‘⁴2'
141 2554 350 2600 ficassem
373 2570 677 2614 orassemque,
709 2557 819 2602 mihi
849 2556 1148 2602 committeret
1175 2554 1297 2599 illam
1319 2557 1557 2611 pecuniam
1577 2557 1698 2602 filiae
1730 2562 1836 2603 tua-e
1853 2558 2132 2615 mittendam,
2164 2557 2414 2613 respondit,

50 2651 56 2675 ‚-
139 2623 266 2678 prius
295 2622 614 2679 inquirendum
645 2624 743 2679 sibi,
776 2637 882 2668 num
912 2622 1021 2679 quid
1052 2620 1278 2667 Ulmensis
1311 2621 1388 2666 ille
1420 2635 1502 2667 suo
1532 2624 1713 2669 nomine
1743 2624 2018 2681 exposuerit,
2052 2636 2100 2667 se
2123 2623 2240 2667 enim
2264 2624 2412 2667 denuo

16 2702 18 2748 ς
62 2689 66 2694 ’
140 2686 257 2732 θιιιιι
281 2688 336 2732 de
379 2687 604 2733 solutione
644 2689 913 2746 appellasse.
975 2688 1092 2732 Utut
1121 2687 1203 2744 sit,
1247 2701 1338 2731 non
1381 2693 1450 2731 est
1491 2686 1613 2742 quod
1655 2687 1710 2732 de
1750 2689 1975 2734 solutione
2006 2688 2198 2733 dubites.
2259 2689 2412 2733 Etiam

63 2783 65 2785 -
139 2754 196 2798 D.
230 2753 465 2799 Clutenius
496 2768 623 2811 spem
654 2754 884 2799 honorarii
913 2752 1022 2798 fecit
1052 2754 1077 2798 6
1109 2751 1267 2809 imper.
1304 2766 1395 2796 non
1426 2753 1634 2809 minoris,
1665 2756 1883 2810 proximis
1914 2755 2130 2813 principis
2169 2755 2239 2800 sui
2269 2755 2412 2800 literis

140 2817 444 2876 significandi;
475 2832 580 2863 nam
612 2824 877 2876 exspectare
909 2831 958 2863 se
989 2818 1253 2863 mandatum
1284 2825 1469 2865 certum.
1533 2820 1647 2865 Octo
1679 2821 1764 2866 hos
1795 2821 2052 2878 imperiales
2084 2822 2270 2877 interea,
2305 2820 2410 2864 dum

139 2883 365 2937 rescribis,
398 2885 470 2929 cui
501 2884 609 2930 dare
641 2885 841 2961 debeam,
874 2886 1113 2943 accipiam,
1137 2885 1204 2931 uti
1235 2899 1368 2947 spero
1393 2921 1403 2933 .
1429 2922 1438 2932 .
1464 2922 1473 2932 .
1499 2923 1508 2933 .
1562 2889 1619 2934 D.
1652 2889 1837 2945 Argent.
1871 2888 2020 2945 13s23.
2053 2889 2155 2934 Jan.
2193 2888 2321 2934 1829.

59 3025 73 3034 ,η
284 2969 613 3032 Keplerus
662 2970 1083 3033 Berneggero
1137 2969 1187 3019 S.
1228 2971 1286 3019 P.
1327 2971 1389 3019 D.
1467 2972 1529 3020 Et
1575 2972 1808 3034 prodesse
1857 2970 2026 3019 volunt
2074 2970 2407 3021 et'delectare

59 3058 68 3098 ς·
142 3044 334 3104 poeitae.
411 3042 488 3090 Tu
528 3056 723 3105 quoque
764 3042 836 3092 cl.
875 3044 980 3104 Vir,
1020 3045 1175 3092 amice
1216 3045 1478 3105 carissime,
1518 3046 1737 3107 impenso
1777 3050 1862 3092 tuo
1902 3043 2064 3091 studio
2103 3043 2222 3091 mihi
2272 3059 2408 3093 com-

56 3109 64 3142 ἶ
138 3114 368 3163 modandi
421 3114 516 3163 dici
565 3129 663 3164 non
701 3122 864 3179 potest
917 3123 1152 3179 quantum
1192 3132 1269 3165 me
1309 3120 1358 3165 in
1397 3118 1489 3166 bac
1527 3117 1808 3166 turbulenta
1846 3131 1957 3165 mea
2002 3115 2264 3166 solitudine
2300 3132 2409 3167 rec·
2451 3149 2455 3153 ,

50 3215 77 3266 ÷·.
143 3201 264 3239 recs,
340 3187 577 3237 Nimirum
618 3195 665 3236 et
704 3189 917 3238 solitudo
958 3196 1045 3251 est,
1087 3205 1214 3252 quae
1254 3206 1329 3240 me
1369 3192 1637 3255 sepositum
1677 3190 1739 3238 ab
1779 3190 1980 3238 urbibus
2020 3189 2218 3252 Imperii
2256 3193 2407 3254 angit,

49 3260 58 3277 '
141 3274 247 3309 cum
286 3262 415 3310 lente
471 3268 518 3310 et
569 3276 678 3310 cum
716 3269 878 3310 sumtu
917 3277 1096 3325 magno
1137 3271 1410 3313 commeant
1447 3264 1643 3323 literae,
1702 3268 1750 3311 et
1804 3263 1974 3311 turbae
2026 3264 2403 3325 reformationis,

39 3326 76 3404 ’,ς
141 3348 217 3383 me
257 3334 452 3398 quidem
493 3336 674 3384 intacto
715 3341 766 3383 at
803 3350 900 3383 non
940 3350 1098 3398 aeque
1137 3337 1361 3399 neglecto
1401 3338 1449 3384 in
1489 3337 1698 3396 occulto,
1739 3336 1962 3399 exempla
2002 3342 2163 3386 tamen
2205 3342 2252 3387 et
2278 3339 2406 3386 ima-

55 3443 70 3467 „
142 3409 278 3469 gines
318 3410 477 3458 tristes
516 3415 740 3458 statuunt
779 3409 841 3458 ob
882 3409 1066 3469 ocu108,
1108 3409 1221 3458 dum
1261 3411 1378 3470 noti,
1419 3411 1577 3470 amici,
1617 3409 1823 3471 proximi
1863 3410 2237 3472 subvertuntur,
2291 3410 2406 3460 dum

79 3547 85 3550 ι
139 3483 376 3531 sermonis
414 3483 757 3531 commercium
796 3497 904 3531 cum
942 3483 1298 3545 perterrefactis
1339 3487 1471 3531 metu
1510 3483 1809 3544 intercipitur
1848 3487 1939 3532 etc.

64 3598 65 3601 ,
285 3553 523 3605 Revertor
560 3562 719 3605 tecum
758 3555 821 3605 ad
859 3556 1108 3618 pecunias,
1148 3562 1202 3604 ut
1235 3558 1331 3615 ais,
1371 3570 1519 3604 meas,
1597 3555 1724 3611 Puto
1758 3554 1863 3617 jam
1900 3555 2210 3605 Bartschium
2232 3557 2404 3618 vscrip-

141 3627 278 3689 sisse,
319 3642 416 3692 quo
443 3627 637 3677 Fridius
678 3631 841 3693 quiete
880 3616 1214 3692 componatur.
1288 3627 1599 3691 Rescripsere
1637 3630 1749 3689 mei,
1789 3643 1872 3678 eos
1914 3631 1983 3679 20
2022 3630 2124 3678 flor.
2167 3643 2272 3678 esse
2313 3629 2402 3678 de-

144 3699 338 3750 volutos
388 3703 436 3748 in
483 3707 726 3764 pastorem
767 3701 1010 3765 quendam
1048 3701 1304 3764 Tubingae
1346 3703 1582 3761 vicinum,
1633 3703 1715 3764 qui
1754 3701 2000 3751 soluturus
2039 3704 2102 3751 sit
2138 3700 2400 3762 residuum,

144 3774 307 3822 nescio
346 3774 557 3836 quando.
634 3775 864 3838 Intelligo
902 3775 1031 3835 hinc,
1071 3789 1206 3823 meos
1246 3780 1527 3837 acceptasse
1562 3774 1729 3838 procul
1770 3774 1919 3824 dubio
1946 3775 2238 3824 solutionem
2278 3774 2403 3822 hanc

145 3858 298 3909 eoque
336 3847 553 3896 Fridium
594 3862 699 3898 esse
737 3849 958 3899 liberum.
1035 3848 1111 3897 De
1149 3846 1353 3909 reliquo,
1395 3847 1533 3911 cujus
1571 3862 1707 3912 spem
1745 3847 1879 3911 facis,
1918 3863 2015 3897 non
2053 3854 2126 3896 est
2166 3861 2248 3895 cur
2289 3853 2402 3895 ante

232 3929 388 3974 Keplcri
413 3931 549 3975 opera.
598 3932 663 3968 v1.
1979 3936 2048 3983 40
