2554 4140
207 124 269 172 21
281 124 310 171 6
1049 116 1282 173 Epitomes
1315 116 1629 189 Astronomiae

207 279 359 320 torem
397 263 638 325 incidunt,
691 266 740 311 in
778 264 1066 314 rectitudine
1101 265 1190 314 illa
1226 269 1466 328 perstant,
1514 263 1767 314 tendentes
1805 277 1959 327 usque
1998 265 2046 311 in
2085 266 2344 327 verticem,
2398 271 2457 314 ut

207 344 288 406 qui
327 343 375 388 in
413 340 507 386 hoc
544 338 641 385 situ
679 337 914 400 sphaerae
952 341 1003 386 in
1041 345 1355 401 aequatorem
1392 336 1590 398 incidit,
1641 337 1830 399 reliqua
1868 337 2114 397 declinant
2152 338 2214 386 ad
2257 338 2343 388 illa
2380 338 2455 387 la-

206 424 323 474 tera,
363 410 492 459 unde
532 415 676 470 stant,
715 410 991 473 partimad
1030 410 1262 471 dextram,
1299 412 1475 472 partim
1513 409 1577 458 ad
1614 411 1874 458 sinistram.

348 486 396 532 3.
442 484 584 546 Quae
621 485 844 531 varietas
879 490 948 531 est
970 484 1192 532 siderum
1227 498 1319 544 per
1354 483 1594 544 sphaeras
1633 485 1903 532 orientium
1943 488 1989 529 et
2023 497 2129 531 non
2167 485 2456 544 orientium,

208 567 253 608 et
290 556 540 622 quomodo
577 555 669 603 illa
707 570 768 605 ex
806 558 1155 605 convolutione
1200 556 1411 604 Telluris
1430 552 1584 603 ‘circa
1621 554 1807 604 axem?
1863 555 1921 602 In
1958 554 2203 616 parallelis
2243 555 2460 618 sphaeris
2539 563 2546 597 ἑ

206 632 328 680 nihil
367 628 557 689 occidit,
597 627 683 677 sed
721 643 847 676 unus
886 631 1101 676 semissis
1141 631 1379 676 exercitus
1418 627 1642 678 coelestis
1682 643 1742 676 ex
1778 627 2144 690 septentrionali
2181 627 2298 690 polo
2336 628 2458 677 Ter*-
2523 644 2542 673 ἰς

206 720 289 754 rae
337 707 571 767 perpetuo
621 703 852 762 cernitur,
911 702 959 747 in
1017 700 1219 749 australi
1256 700 1371 763 polo
1420 701 1566 761 latet,
1623 700 1838 764 reliquus
1886 701 2102 748 semissis
2150 702 2357 749 cernitur
2401 715 2461 750 ex
2527 703 2551 772 ’ζ

207 776 410 826 australi
447 775 625 823 Terrae
662 774 802 836 polo,
853 773 974 821 latet
1011 776 1058 821 in
1098 774 1494 836 septentrionali3
1548 787 1672 836 quae
1722 786 1839 822 vero
1890 772 2062 821 stellae
2100 774 2224 822 sitae
2261 777 2374 822 sunt
2411 775 2460 822 in
2522 782 2550 834 74

166 855 496 913 *aequatore‚
545 853 780 910 perpetuo
827 845 1031 894 haerent
1079 852 1149 907 et⁴
1179 845 1444 895 volvuntur
1482 846 1531 893 in
1583 846 1833 895 horizonte
1881 843 2134 906 rationali,
2184 846 2278 894 nisi
2330 846 2460 910 quod
2520 823 2554 906 ,ἶ

207 920 428 971 refractio
475 919 584 968 illas
623 918 842 967 nonnihil
880 919 1076 967 attollit.
1152 919 1371 968 Horizon
1421 921 1550 969 enim
1589 934 1676 968 seu
1714 919 1876 967 finitor
1911 919 2048 966 visus
2087 918 2314 967 coincidit
2351 933 2459 968 cum
2508 883 2554 1023 ᾖ

210 1000 489 1059 aequatore‚
530 991 761 1039 mundum
801 994 850 1038 in
889 991 1251 1054 hemisphaeria
1291 992 1405 1057 duo,
1445 992 1821 1055 septentrionale
1861 996 1909 1039 et
1946 990 2172 1053 australe,
2210 998 2420 1041 secante.
2470 995 2472 997 ’
2527 1013 2554 1058 g

351 1067 407 1115 In
465 1065 672 1128 sphaera
718 1071 850 1112 recta
902 1063 1062 1113 sidera
1112 1066 1275 1113 omnia
1322 1067 1540 1114 oriuntur
1587 1072 1636 1114 et
1686 1063 1913 1114 occidunt
1958 1065 2104 1112 unius
2151 1063 2247 1113 diei
2284 1066 2458 1128 spatio.
2520 1075 2554 1117 ’.

141 1154 143 1157 ’
207 1142 424 1190 Horizon
463 1139 591 1187 enim
629 1142 761 1186 secat
801 1136 1058 1199 sphaeram
1099 1145 1146 1186 et
1183 1140 1254 1186 sic
1292 1153 1458 1188 omnes
1494 1137 1756 1201 parallelos
1783 1151 1869 1200 per
1906 1151 2046 1185 axem
2087 1142 2136 1185 et
2172 1135 2337 1200 polos;
2377 1139 2461 1200 qui
2528 1131 2545 1165 ·'

208 1230 318 1264 cum
355 1211 636 1263 revolvatur
690 1224 797 1257 cum
836 1209 983 1272 globo
1023 1209 1233 1260 Telluris
1272 1212 1398 1260 intra
1439 1213 1507 1258 24
1545 1211 1718 1271 horas,
1776 1224 1943 1258 omnes
1991 1211 2139 1272 igitur
2176 1210 2461 1260 circulorum
2516 1216 2554 1274 ffij

207 1292 370 1351 partes
411 1287 535 1332 intra
572 1296 718 1331 unam
757 1283 884 1330 diem
932 1283 1085 1333 altero
1123 1286 1197 1333 sui
1238 1282 1541 1334 semicirculo
1581 1285 1701 1346 tegit
1739 1284 2050 1345 vicissimque
2097 1285 2274 1346 retegit
2310 1285 2461 1332 semi·
2535 1290 2554 1345 ‘j

211 1359 389 1410 circulo
429 1356 643 1418 reliquo:
685 1355 860 1419 quodsi
898 1356 1093 1419 quando
1133 1357 1276 1406 stella
1313 1360 1361 1405 in
1400 1359 1556 1420 ipsum
1595 1355 1762 1419 polum
1799 1355 1992 1416 incidet,
2031 1354 2116 1406 illa
2143 1357 2463 1420 conspicietur
2513 1379 2520 1391 ,

209 1438 311 1482 toto
351 1444 477 1480 anno
518 1436 566 1477 et
605 1430 829 1477 omnibus
866 1431 1021 1479 noctis
1059 1430 1191 1478 horis
1229 1431 1277 1477 in
1317 1429 1488 1480 eodem
1527 1429 1791 1481 horizontis
1828 1428 1953 1477 loco,
2516 1479 2518 1484 ,

351 1504 409 1552 In
447 1502 665 1565 sphaeris
703 1501 932 1564 obliquis,
973 1518 1082 1552 cum
1121 1509 1355 1566 quantum
1394 1508 1563 1552 vertex
1599 1516 1688 1552 seu
1725 1501 1889 1550 zenith
1927 1500 2140 1550 declinat
2171 1502 2235 1551 ab
2274 1516 2460 1566 aequa·
2525 1517 2542 1542 ³1

209 1585 330 1638 tore,
370 1582 558 1624 tantum
596 1576 744 1623 etiam
781 1575 979 1624 horizon
1000 1577 1223 1625 subsidat
1261 1576 1386 1625 infra
1419 1575 1584 1639 polum
1624 1589 1772 1623 unum
1812 1589 1871 1623 ex
1897 1588 1994 1623 una
2030 1574 2180 1637 plaga
2206 1575 2465 1625 ascendat·
2508 1591 2529 1643 g·

214 1665 308 1714 que
357 1641 504 1712 supra
552 1647 791 1710 reliquum
841 1663 901 1696 ex
953 1648 1131 1711 altera,
1184 1663 1350 1698 omnes
1399 1651 1548 1711 igitur
1582 1648 1778 1708 stellae,
1827 1647 2204 1710 comprehensae
2242 1650 2291 1696 in
2331 1663 2465 1698 com·-
2513 1659 2541 1704 ς.

211 1724 356 1787 plexu
399 1721 593 1782 circelli,
634 1735 778 1784 quem
818 1721 1046 1771 describit
1082 1722 1284 1771 horizon
1322 1723 1449 1772 cirea
1485 1722 1653 1785 polum
1692 1722 1989 1784 superiorem
2022 1727 2202 1784 puncto
2243 1723 2320 1770 sui
2358 1737 2497 1771 am·

214 1799 343 1845 bitus
382 1797 620 1858 proximo,
659 1801 895 1857 apparent
931 1802 1166 1858 perpetuo
1188 1802 1240 1844 ut
1275 1797 1325 1843 in
1352 1795 1589 1860 parallela
1614 1792 1837 1859 sphaera,
1881 1807 2047 1843 omnes
2084 1795 2210 1843 intra
2237 1795 2465 1844 circulum

215 1870 508 1933 oppositum,
549 1881 693 1930 quem
733 1867 944 1917 delineat
981 1868 1181 1917 horizon
1202 1870 1328 1918 circa
1364 1868 1533 1932 polum
1571 1869 1859 1927 inferiorem,
1899 1867 2053 1916 latent
2090 1881 2199 1916 cum
2238 1870 2343 1932 ipso
2383 1867 2465 1918 illo
2518 1889 2546 1923 ‚t-

213 1943 345 2007 p010,
387 1949 433 1991 et
472 1941 658 2002 stellae,
698 1956 783 2004 per
823 1954 947 2003 quas
984 1941 1304 1991 traducuntur
1339 1940 1391 1989 hi
1429 1941 1618 2002 circuli,
1659 1939 1811 1990 semel
1848 1941 1896 1986 in
1937 1939 2015 1989 die
2052 1939 2351 1990 horizontem
2388 1947 2466 1990 at·

213 2019 408 2079 tingunt
453 2015 713 2076 statimque
765 2028 816 2074 se
867 2013 944 2062 vel
984 2014 1196 2064 condunt
1242 2016 1415 2064 iterum
1453 2014 1533 2063 vel
1573 2016 1619 2061 in
1660 2013 1812 2062 altum
1850 2015 2105 2077 recipiunt.
2180 2013 2247 2061 Hi
2286 2014 2465 2075 circuli,
2518 2050 2530 2058 ,,

215 2096 270 2137 ut
322 2088 446 2136 libro
493 2086 707 2135 secundo
757 2086 960 2147 dictum,
1008 2090 1056 2135 in
1105 2087 1397 2150 quibusdam
1444 2087 1663 2151 sphaeris
1711 2088 2039 2150 exprimuntur
2077 2092 2125 2135 et
2164 2087 2469 2151 appellantur

216 2163 409 2210 nomine
449 2161 615 2208 arctici
653 2166 700 2209 et
738 2161 1004 2209 antarctici.
1046 2159 1262 2210 'Stellae
1302 2174 1418 2209 vero
1456 2163 1580 2209 inter
1618 2159 1707 2208 hos
1746 2159 1869 2208 duos
1909 2159 2114 2208 circulos
2150 2160 2467 2211 intermediae

218 2248 385 2283 omnes
439 2234 656 2281 oriuntur
707 2239 755 2282 et
793 2231 1042 2293 occidunt,
1094 2239 1150 2281 ut
1186 2235 1235 2280 in
1273 2233 1479 2297 sphaera
1517 2239 1672 2293 recta,
1723 2234 1973 2296 proximae
2023 2231 2219 2295 quidem
2257 2233 2332 2282 his
2372 2235 2466 2282 cir·
2510 2239 2540 2304 ᾗ

217 2307 338 2358 culis
379 2311 426 2354 et
463 2306 578 2369 polo
605 2308 867 2370 conspicuo
895 2312 1087 2369 *puncta
1123 2307 1384 2356 horizontis
1424 2309 1547 2357 inter
1578 2321 1631 2356 se
1670 2306 1815 2355 valde
1844 2306 2004 2354 vicina
2040 2307 2234 2369 signant
2268 2306 2466 2356 oriendo
2509 2303 2519 2371 ᾖ

216 2387 264 2429 et
303 2378 591 2428 occidendo:
632 2381 714 2427 vix
754 2381 878 2427 enirn
907 2380 990 2427 ubi
1015 2393 1122 2428 sese
1161 2379 1493 2440 condiderunt,
1531 2393 1720 2429 rursum
1759 2379 1991 2438 oriuntur,
2032 2380 2173 2442 quasi
2211 2377 2380 2429 eodem
2419 2382 2467 2428 in
2509 2380 2532 2463 ξ

215 2454 324 2502 loco
381 2452 471 2500 sub
517 2452 673 2514 polo;.
709 2453 991 2501 remotiores
1039 2455 1232 2515 signant
1279 2453 1390 2501 loca
1438 2453 1750 2513 distantiora,
1800 2466 1859 2501 ex
1910 2451 2081 2501 eadem
2119 2458 2281 2502 tamen
2318 2452 2531 2533 plaga}

217 2526 505 2589 conspicua,
561 2539 715 2587 usque
755 2524 816 2573 ad
860 2525 993 2586 illas,
1048 2540 1174 2587 quae
1211 2527 1261 2573 in
1300 2531 1614 2588 aequatorem
1652 2525 1898 2586 incidunt,
1949 2539 2112 2574 earum
2167 2526 2294 2575 enim
2335 2531 2467 2576 ortus
2493 2537 2532 2586 ,ξι

216 2600 278 2647 ab
319 2611 494 2652 occasu
534 2597 682 2645 distat
708 2596 893 2660 integro
932 2598 1233 2648 semicirculo
1260 2598 1540 2649 horizontis.
1615 2599 1814 2648 Directa
1850 2599 1978 2647 enim
2005 2597 2195 2662 dioptra
2231 2599 2279 2646 in
2307 2600 2469 2648 orien-

215 2681 313 2721 tem
361 2676 410 2719 et
456 2669 552 2718 fixa
598 2672 648 2717 in
687 2685 744 2719 eo
783 2673 901 2730 situ,
956 2671 1180 2720 occidens
1218 2687 1305 2735 per
1343 2672 1545 2722 eandem
1583 2686 1643 2721 ex
1682 2673 1923 2721 contrario
1957 2678 2204 2733 cernetur,
2261 2685 2370 2721 cum
2406 2674 2469 2721 sit
2503 2617 2527 2744 ἑ

217 2743 388 2794 oculus
428 2748 641 2791 centrum
680 2743 958 2792 horizontis.
1035 2744 1222 2794 Harum
1261 2747 1410 2809 igitur
1435 2750 1566 2794 ortus
1606 2750 1654 2794 et
1682 2758 1884 2794 occasus
1923 2743 2034 2794 loca
2070 2744 2214 2794 simul
2254 2758 2351 2795 uno
2388 2747 2466 2793 in-

217 2820 343 2866 tuitu
383 2818 598 2879 conspici
637 2830 732 2864 non
771 2823 989 2879 possunt.
2163 2828 2167 2835 ·
2541 2879 2545 2882 Δ

362 2890 544 2938 Stellae
584 2889 710 2937 ultra
749 2895 1060 2951 aequatorem
1100 2891 1237 2950 sitae,
1277 2891 1434 2939 minus
1477 2897 1652 2951 tamen,
1699 2904 1846 2951 quam
1886 2888 2036 2938 distat
2074 2895 2240 2939 vertex
2280 2891 2342 2940 ab
2368 2890 2474 2954 ino,-
2503 2900 2548 2959 {-

213 2964 316 3026 jam
353 2963 534 3011 habent
572 2963 681 3011 loca
719 2970 852 3011 ortus
880 2976 1176 3025 occasusque
1217 2965 1292 3010 sui
1319 2965 1366 3011 in
1405 2963 1552 3027 plaga
1589 2962 1806 3012 meridiei
1845 2967 2064 3025 utraque,
2102 2977 2198 3012 non
2226 2964 2465 3027 obstante,
2497 2980 2548 3028 ζ

220 3034 350 3098 quod
388 3038 523 3098 ipsae
564 3035 831 3084 altissimae
859 3037 1218 3100 conspiciuntur
1255 3037 1303 3082 in
1333 3038 1674 3100 septentrionis
1712 3034 1874 3098 plaga.
1953 3036 2131 3085 Circuli
2169 3051 2215 3084 n.
2257 3039 2488 3100 ipsarum¹

219 3109 308 3156 toti
357 3109 482 3156 ultra
528 3114 838 3170 aequatorem
876 3115 1015 3170 sunt,
1068 3123 1214 3171 quare
1263 3114 1312 3158 et
1349 3111 1587 3158 sectiones
1628 3123 1794 3158 eorum
1833 3108 1960 3156 ultra
1997 3111 2238 3158 sectiones
2281 3122 2467 3174 aequan'
2517 3118 2546 3159 ‚¹

218 3182 337 3242 toris
390 3195 496 3229 cum
546 3182 811 3231 horizonte.
889 3181 1007 3230 Inde
1061 3195 1156 3244 quo
1204 3183 1357 3245 magis
1406 3182 1578 3231 stellae
1629 3183 1691 3231 ab
1741 3186 2005 3243 aequatore
2044 3182 2326 3248 distiterint,
2377 3184 2510 3247 hocf

219 3249 417 3316 propius
457 3255 504 3299 in
542 3254 688 3316 plaga
728 3254 1157 3304 meridieicoeunt
1202 3262 1382 3320 puncta
1432 3261 1564 3304 ortus
1615 3261 1663 3304 et
1701 3268 1904 3304 occasus
1943 3253 2235 3318 tandemque
2276 3256 2475 3306 videbis
2549 3260 2554 3320 ς’

221 3326 388 3374 stellas
424 3325 631 3388 aliquas,
670 3328 754 3375 ubi
793 3330 876 3375 vix
915 3330 1205 3390 emerserint,
1245 3342 1431 3376 rursum
1470 3327 1578 3378 sese
1617 3326 1838 3387 condere,
1882 3328 2023 3388 quasi
2062 3326 2231 3376 eodem
2270 3331 2318 3376 in
2356 3329 2477 3379 1οὀοι
2510 3321 2522 3336 ’

2536 2708 2554 2742 γ’]

2506 2745 2549 2804 ι’»

2495 2805 2526 2861 ἰ’
2539 2799 2550 2859 Ξ

2504 2859 2514 2887 ,ἢ
2545 2859 2550 2862 .

2551 3370 2554 3392 4

220 3400 484 3447 horizontis
523 3413 692 3447 versus
730 3400 926 3463 plagam
966 3400 1094 3450 Solis
1133 3400 1403 3451 meridiani.
2504 3446 2507 3448 .
2549 3405 2554 3442 ⁴

367 3470 509 3519 Num
556 3474 652 3519 ista
701 3474 910 3534 sinyulis
954 3475 1178 3523 noctibus
1222 3477 1396 3523 omnia
1445 3473 1598 3523 simul
1647 3477 1923 3533 apparent,
1984 3475 2039 3520 in
2091 3487 2186 3522 sua
2236 3474 2465 3537 quodque
2501 3443 2554 3524 4

221 3544 396 3594 stella?
445 3543 672 3605 Minime3
727 3546 842 3606 quin
882 3546 1041 3609 potius
1080 3546 1249 3595 harum
1286 3562 1444 3595 rerum
1483 3546 1759 3595 observatio
1799 3549 1989 3607 tempus
2027 3547 2226 3607 requirit
2263 3552 2311 3595 et
2350 3546 2463 3595 dili·
2505 3603 2509 3614 Ι

223 3619 436 3681 gentiam
487 3621 535 3664 et
580 3630 762 3664 moram
813 3618 860 3662 in
913 3633 1006 3666 uno
1047 3619 1171 3668 loco,
1247 3619 1373 3668 Raro
1413 3621 1537 3669 enim
1575 3617 1717 3666 stella
1755 3631 1853 3666 una
1891 3622 1938 3664 et
1977 3618 2147 3667 eadem
2185 3620 2311 3668 intra
2347 3630 2463 3683 spa*b

223 3693 345 3739 tium
383 3690 525 3737 unius
563 3690 718 3738 noctis
757 3689 899 3736 simul
939 3696 986 3738 et
1024 3693 1180 3739 oriens
1220 3694 1432 3755 conspici
1470 3696 1630 3756 potest
1667 3695 1715 3738 et
1754 3688 2000 3751 occidens,
2040 3696 2294 3755 propterea
2333 3690 2462 3754 quod

224 3766 272 3811 in
312 3763 558 3827 plerisque
595 3761 749 3810 stellis
787 3762 1069 3811 alterutrum
1105 3763 1289 3826 horum,
1330 3766 1409 3814 vel
1449 3770 1603 3813 ortum
1642 3762 1720 3811 vel
1761 3768 2000 3824 occasum,
2038 3763 2122 3811 lux
2162 3764 2258 3813 diei
2297 3763 2459 3816 occul-

225 3841 294 3895 tet
331 3849 486 3899 eoque
527 3834 852 3899 exspectanda
889 3837 952 3885 sit
990 3834 1091 3884 dies
1129 3836 1249 3898 alia,
1291 3852 1398 3903 cum
1436 3838 1483 3886 id
1521 3838 1569 3885 in
1606 3839 1797 3886 noctem
1835 3825 1980 3886 etia'm
2019 3836 2200 3886 incidit.
