2554 4140
0 1940 5 1985 l

0 2148 13 2877 l

0 2989 2 3011 ι
10 2979 14 3016 Ι

10 3017 14 3053 ἵ

11 3078 16 3171 ἓ

14 3203 16 3213 ι

849 103 987 150 Liber
1016 103 1231 161 Quartus,
1292 103 1404 149 Pars
1434 103 1596 149 Prima.
1919 120 1925 126 ‘
2241 111 2345 159 319

88 253 241 305 sectio
282 253 473 313 (earum
509 250 722 314 quidem,
765 267 892 314 quae
929 269 1109 304 novam
1142 254 1346 319 figuram
1383 253 1583 316 planam
1612 251 1888 316 designant)
1927 253 2233 317 aequabilior
2270 255 2350 304 vel

86 325 378 388 simplicior,
430 338 575 387 quam
622 326 664 373 si
716 332 927 387 quatuor
965 329 1077 378 cubi
1115 327 1322 393 angulos
1361 325 1618 389 praecidas
1655 325 1914 375 radicitus:
1967 326 2169 377 totidem
2218 330 2345 378 enim

84 397 323 460 praecidis
342 395 596 458 tetrae'dra‚
625 398 820 460 singula

87 468 267 533 angulo
332 469 490 518 solido
560 476 694 519 recto
755 471 816 533 B,

85 543 192 591 basi
211 541 494 605 triangulari
512 543 817 606 aequilatera

69 759 200 809 ’licet
246 760 520 810 tetraedron
577 763 815 824 quintum,

86 832 299 895 undique
345 834 439 881 sibi
495 836 590 897 ipsi
643 835 817 896 simile,

87 911 297 968 quatuor
331 907 558 956 nimirum
595 909 818 971 triangu-

82 978 144 1026 lis
180 978 495 1040 aequilateris
520 986 816 1030 contentum.
909 1033 916 1052 ι

85 1051 152 1100 At
200 1053 243 1099 si
278 1054 495 1102 sectione
537 1052 624 1102 illa
664 1055 817 1102 utaris
910 1040 999 1103 ΤΧ]

84 1124 212 1185 cubi,
250 1123 310 1173 de
349 1140 448 1187 qua
482 1125 606 1174 libro
643 1127 816 1189 primu,

82 1212 182 1245 uon
220 1199 462 1260 quinque,
499 1198 587 1248 sed
624 1214 711 1248 sex
748 1202 816 1246 ir-

82 1269 325 1333 regularia
362 1270 479 1321 fient
515 1271 775 1321 tetra'e‘dra.
849 1272 924 1321 Ex
961 1269 1210 1320 diminutis
1247 1265 1394 1330 igitur
1431 1266 1509 1310 te-

90 1342 316 1392 trae'dron
343 1351 417 1392 est
441 1344 597 1408 figura
628 1346 809 1409 prima3
849 1351 923 1395 est
960 1351 1126 1393 autem
1151 1343 1293 1390 tertia
1309 1353 1421 1404 pars
1449 1337 1508 1386 de

85 1429 285 1479 corpore
329 1418 442 1466 cubi
480 1419 623 1477 secti,
665 1425 714 1467 et
760 1418 966 1481 quilibet
1003 1418 1231 1466 absectus
1282 1411 1507 1476 angulus,

83 1495 138 1537 ut
172 1487 355 1544 BACD
398 1495 504 1549 (Fig.
539 1494 627 1551 53.)
656 1498 731 1540 est
768 1491 986 1554 eJusdem
1025 1492 1174 1539 totius
1204 1502 1317 1551 pars
1354 1491 1507 1535 sexta.

230 1561 452 1624 Explica
507 1566 659 1612 etiam
711 1571 882 1613 ortum
935 1561 1232 1614 dodecae‘dri
1279 1574 1341 1609 ex
1377 1574 1509 1622 auq-

85 1634 418 1697 mentatione,
461 1641 507 1683 et
542 1639 766 1686 rationes
808 1640 916 1698 eius
951 1636 1341 1699 posterioritatis
1378 1635 1511 1680 inter

86 1713 183 1755 tres
206 1710 517 1771 primarias,
546 1712 837 1771 prioritatis
872 1724 991 1760 vero
1028 1713 1085 1758 in
1122 1710 1298 1758 auctis,
1363 1706 1511 1755 -Sicut

91 1782 140 1828 in
179 1779 498 1830 diminutione
536 1782 648 1831 cubi
686 1786 773 1846 pro
813 1789 1024 1846 quatuor
1051 1780 1242 1846 angulis
1281 1779 1391 1829 cubi
1429 1793 1510 1828 re-

85 1850 229 1902 sectis
250 1854 402 1917 plana
425 1857 693 1906 constituta
718 1856 912 1906 fuerunt
931 1862 1153 1920 quatuor,
1183 1853 1359 1916 reliqui
1384 1866 1509 1915 qua-

86 1931 199 1975 tuor
236 1926 404 1991 anguli
442 1927 556 1977 cubi
591 1935 874 1979 manserunt
921 1929 1192 1989 tetraedr0‚
1238 1926 1324 1975 sed
1363 1925 1508 1974 dimi·
1588 1940 1598 1981 -1

86 2000 192 2048 nuti
241 2005 292 2049 et
339 2002 523 2063 speciei
575 2002 776 2065 quidem
827 2002 1072 2066 ejusdem,
1126 2002 1220 2050 hoc
1271 2005 1346 2059 est
1384 1998 1509 2047 trili-

85 2073 269 2122 neatis:
307 2074 380 2122 sic
417 2075 579 2136 etiam,
620 2078 664 2124 si
701 2077 907 2140 primam
946 2091 1006 2126 ex
1044 2076 1214 2135 auctis,
1253 2087 1342 2122 seu
1381 2086 1508 2135 quae

85 2144 234 2208 plus
282 2146 410 2196 cubo
456 2153 596 2210 sunt,
647 2153 940 2199 constituere
980 2149 1215 2209 velimuS,
1267 2159 1356 2210 pro
1396 2145 1509 2194 cubi

86 2218 247 2281 planis
298 2222 642 2276 constituimus
689 2223 921 2286 angu103‚
982 2222 1095 2271 cubi
1143 2221 1260 2270 ve'ro
1301 2219 1507 2282 angulos

87 2293 235 2340 etiam
284 2298 429 2341 aucto
478 2297 872 2358 transmittimus,
931 2295 1018 2344 sed
1068 2295 1272 2344 vestitos
1310 2298 1510 2341 auctos-

90 2379 213 2427 que,
266 2364 536 2416 trilineares
592 2373 755 2418 tamen
811 2371 959 2418 etiarn
1017 2370 1178 2431 ipSOS,
1235 2364 1510 2430 seusquod

90 2435 263 2485 eodem
316 2436 473 2499 ducit,
539 2439 797 2490 duodecim
851 2443 961 2490 cubi
1015 2440 1250 2490 lateribus
1304 2437 1508 2505 totidem

86 2509 239 2572 plana
273 2516 387 2559 sunt
411 2513 735 2575 insternenda,
775 2515 921 2563 sicuti
958 2516 1092 2578 prius
1126 2514 1255 2563 senis
1280 2510 1508 2561 tetraedr'i

87 2582 323 2632 lateribus
376 2583 581 2633 totidem
634 2586 784 2649 plana
831 2586 1082 2650 quadrata·
1106 2587 1321 2635 instrata
1348 2590 1504 2634 erant:

87 2658 217 2705 sicut
251 2658 382 2705 enim
419 2658 574 2707 cubus
611 2660 886 2709 tetraedron
918 2661 1054 2723 tegit,
1095 2661 1164 2709 sic
1201 2659 1324 2708 haec
1362 2663 1508 2707 aucta

86 2727 446 2792 figura‚'quam
483 2730 564 2779 hic
589 2732 889 2795 inquirimus,
929 2735 1052 2796 tegit
1076 2733 1268 2781 cubum.
1318 2730 1505 2793 Quodsi

80 2802 421 2870 proesingulis
460 2804 572 2852 cubi
609 2804 769 2868 planis
795 2805 1014 2868 singulos
1052 2811 1376 2855 statueremus
1411 2818 1503 2852 an·-

86 2873 252 2946 gulos‚
319 2875 702 2938 quadrilineares
763 2879 971 2943 angulos
1023 2893 1109 2929 sex
1163 2883 1501 2939 statueremus,

71 2948 209 3009 --quia
243 2949 358 2997 cubi
393 2963 479 2999 sex
517 2950 667 3013 plana
704 2959 820 3000 sunt
857 2950 1214 3015 quadrangula,
1253 2955 1504 3000 manerent

11 3060 13 3072 .
83 3026 200 3069 octo
249 3022 362 3071 cubi
412 3023 580 3085 anguli
631 3024 929 3075 trilineares:
979 3026 1132 3074 mixta
1180 3026 1328 3088 igitur
1374 3028 1503 3073 esset

90 3090 258 3156 figura.
333 3092 400 3145 Ut
440 3097 583 3158 igitur
620 3104 817 3147 maneat
844 3099 1102 3147 trilinearis
1140 3098 1348 3160 angulus
1376 3110 1502 3158 aug-

93 3168 405 3217 mentationis
450 3175 499 3218 ct
547 3171 712 3233 anguli
762 3184 928 3220 omnes
965 3169 1109 3220 solidi
1155 3171 1281 3220 inter
1318 3184 1370 3219 se
1408 3168 1503 3217 ho-

14 3232 18 3283 ἶ
87 3243 345 3303 ⁴megensi,
394 3242 678 3306 imponendi
714 3250 828 3292 sunt
863 3243 1070 3307 singulis
1117 3243 1281 3305 planis
1320 3241 1503 3291 cubicis

99 3309 197 3360 bini
247 3314 439 3378 anguli,
497 3329 595 3364 non
649 3318 846 3378 unicus,
899 3330 984 3365 sex
1040 3316 1300 3379 prismata‚
1358 3312 1504 3377 quale

96 3384 228 3446 prius
276 3401 425 3437 unum
461 3388 715 3452 BCAED,
769 3404 866 3439 nou
906 3391 935 3438 6
987 3387 1288 3452 ργταῐῑιίᾶθε,
1344 3386 1504 3450 qualis

95 3453 175 3506 hic
210 3465 286 3508 est
321 3474 419 3511 una
459 3467 564 3521 (Εἰς.
599 3470 711 3523 55.),
761 3465 831 3512 sic
869 3468 922 3511 ut
960 3462 1180 3510 binorum
1218 3461 1506 3524 prismatum

19 3548 22 3570 ι
101 3532 434 3594 contiguorum
482 3550 672 3599 semper
710 3538 773 3586 sit
810 3548 959 3585 unum
997 3548 1252 3584 commune
1288 3532 1504 3597 planum,

103 3601 353 3655 insuatum
403 3609 486 3657 uni
534 3608 674 3660 lateri
725 3610 854 3659 cubi.
930 3608 994 3656 Et
1042 3607 1165 3658 haec
1205 3609 1234 3655 6
1272 3607 1506 3669 prismata

104 3673 252 3735 paulo
286 3680 446 3730 miuus
483 3681 670 3732 faciunt
708 3684 816 3746 ipso
856 3682 1008 3742 cub0,
1059 3682 1138 3731 cui
1176 3680 1504 3743 imponuntur.

23 3748 25 3796 ἴ
104 3743 186 3794 lta
221 3747 336 3798 fiam
372 3767 432 3802 ex
468 3758 865 3818 augmentatione
890 3754 1055 3818 anguli
1100 3755 1178 3814 12,
1220 3752 1396 3816 quibus
1420 3767 1506 3802 ac-

26 3869 28 3879 .
107 3816 283 3872 cedunt
319 3830 427 3875 octo
460 3829 632 3892 anguli
670 3829 809 3891 cubi;
857 3844 1047 3878 summa
1092 3827 1161 3876 20
1200 3825 1502 3889 angulorum.

1516 424 1596 465 Fig.
1620 424 1676 458 53.

1584 2332 1687 2389 (Hic
1699 2331 1797 2390 AE,
1815 2332 1898 2378 ΕΙ)
1917 2336 1964 2378 et
1977 2330 2180 2390 reliquae
2195 2330 2342 2376 lineae

1518 2439 1519 2442 ,
1543 2395 1797 2449 ‘punctatae
1809 2396 1917 2437 sunt
1928 2391 2073 2437 latera
2086 2391 2191 2437 cubi
2208 2391 2340 2436 recti:

1552 2450 1679 2494 ΑΕΒ
1703 2454 1773 2495 est
1792 2450 1978 2508 planum
2002 2449 2118 2507 cubi,
2149 2463 2230 2507 pro
2253 2463 2343 2506 quo

1552 2507 1667 2554 fiunt
1698 2508 1787 2554 duo
1819 2508 1975 2566 anguli
2001 2509 2056 2564 B,
2087 2509 2142 2553 C:
2176 2514 2221 2552 et
2250 2521 2341 2552 ma-

1552 2573 1662 2612 nent
1692 2568 1826 2613 etiam
1858 2567 2011 2625 anguli
2044 2566 2148 2613 cubi
2187 2568 2240 2621 A,
2275 2566 2338 2610 E:

1553 2629 1599 2671 et
1637 2625 1770 2671 lateri
1812 2627 1914 2673 cubi
1954 2626 2037 2670 ΑΕ
2078 2625 2343 2671 insternitur
2418 2667 2422 2671 .

1553 2685 1941 2742 quinquangulum
1959 2684 2173 2738 ABCEF,
2194 2683 2259 2728 sic
2277 2682 2339 2726 la-

1551 2744 1637 2788 teri
1659 2743 1756 2802 ED,
1782 2742 2173 2800 quinquangulum
2190 2741 2342 2792 ECD.)

1847 2828 1930 2870 Εἰς.
1956 2829 2011 2864 55.
