2554 4140
217 146 240 195 1
253 149 279 194 7
288 147 316 194 6
1035 141 1268 199 Epitomes
1298 140 1610 188 Astronomiae

211 290 293 338 Sic
332 303 499 338 cursus
538 288 836 358 animalium,
864 291 1059 357 'impetu
1097 305 1299 353 corpora
1318 306 1408 339 sua
1444 291 1725 339 librantium
1756 293 1806 339 in
1830 297 1955 354 ae‘re,
1996 292 2248 355 saltusque
2285 292 2451 342 felium

212 369 296 410 aut
327 361 652 423 jaculationes
691 369 966 424 serpentum
1004 378 1091 425 pro
1130 364 1357 412 violentis
1394 377 1493 419 non
1530 363 1784 413 habentur.

353 433 452 481 Dic
489 434 707 494 tandem,
748 435 872 497 quid
905 438 968 483 sit
1005 436 1146 495 illud,
1187 435 1323 497 quod
1351 435 1537 483 Terrae
1573 438 1871 504 circularem
1909 440 2063 501 infert
2087 444 2281 487 motum
2318 440 2453 484 eirca

212 521 356 555 axem
393 506 719 568 immobilem,
772 510 1048 556 extrinseca
1085 522 1241 555 causa
1279 522 1349 554 an
1386 510 1686 573 intrinseca,
1733 525 1858 558 num
1896 514 2126 573 potentia
2177 509 2450 569 naturalis,
2495 565 2501 573 ,

210 594 281 626 an
318 578 533 626 anima?
603 579 745 639 Dico,
787 594 882 628 non
902 586 1087 628 tantum
1129 579 1508 642 unumquodque
1547 580 1719 629 h'orum
1754 597 1840 645 per
1865 598 1917 632 se
1956 598 2070 631 suas
2102 582 2285 634 habere
2324 583 2454 629 veri-

210 650 570 712 similitudines„
621 651 706 700 sed
756 654 900 700 etiam
949 654 1111 700 omnia
1159 654 1252 699 tria
1306 664 1587 702 concurrere
1624 667 1768 716 posse
1822 662 1870 704 et
1918 656 2087 718 procul
2127 655 2274 703 dubio
2335 668 2454 702 cou-

210 738 407 773 currere.

356 813 528 862 Proba
576 815 805 874 primum
857 814 916 860 cle
966 828 1122 861 causa
1168 820 1395 862 movente
1432 821 1688 862 extranea.
1765 813 1817 861 Si
1862 815 2000 876 pueri
2046 818 2250 876 possunt
2294 817 2454 860 rotare

147 917 152 922 ·
211 885 452 934 turbinem
490 887 538 933 in
577 885 774 948 plagam
816 886 1094 934 alterutram
1133 893 1325 946 certam,
1366 893 1501 934 tanto
1529 886 1847 949 aequabiliori
1886 892 1932 933 et
1965 886 2278 934 constantiori
2303 891 2453 944 motu,

209 964 392 1020 quanto
433 960 715 1020 exquisitior
755 964 828 1006 est
865 959 994 1006 facta
1033 960 1311 1021 impressio,
1353 961 1422 1008 sie
1461 966 1514 1007 ut
1553 961 1708 1020 turbo,
1750 957 1898 1007 semel
1942 959 1990 1004 in
2030 964 2163 1006 motu
2214 959 2454 1005 constitu-

211 1038 303 1090 tus,
343 1033 529 1094 impetu
572 1036 819 1093 concepte,
859 1030 1090 1092 plurimas
1129 1031 1276 1080 faciat
1313 1034 1606 1096 gyrationes,
1649 1031 1810 1095 quoad
1838 1031 2082 1093 inaequali
2110 1030 2306 1079 tabulae
2344 1029 2454 1092 pla-

207 1105 325 1151 nitie
366 1110 414 1152 et
453 1106 577 1151 aeris
617 1115 816 1151 occursu
857 1104 1069 1151 offensus
1107 1119 1292 1166 suoque
1318 1105 1530 1167 pondere
1571 1107 1726 1153 vietus
1762 1104 2025 1166 languente
2058 1103 2293 1166 paulatim
2319 1108 2453 1150 motu

210 1176 459 1237 concidat,
505 1191 586 1224 cur
623 1190 717 1223 non
745 1179 899 1238 possit
923 1177 1058 1225 Deus
1097 1178 1459 1239 impressionem
1486 1180 1534 1224 in
1562 1177 1804 1226 Tellurem
1844 1177 1906 1224 ab
1931 1178 2067 1224 initio
2093 1177 2241 1224 talem
2266 1177 2452 1243 secisse,

209 1249 345 1297 velut
385 1249 446 1297 ab
481 1255 628 1308 extra,
669 1263 727 1296 ex
766 1263 863 1310 qua
899 1250 1250 1312 subsequentes
1291 1264 1455 1299 omnes
1493 1252 1758 1298 rotatiou’es
1804 1251 2066 1298 etiamnum
2105 1248 2250 1297 hodie
2289 1246 2455 1310 vigore

211 1326 493 1370 continuato
530 1327 841 1383 permanent,
893 1322 1016 1370 adeo
1056 1328 1110 1370 ut
1148 1337 1311 1371 earum
1351 1325 1447 1371 sint
1478 1324 1581 1385 jam
1618 1336 1818 1371 numero
1857 1325 2007 1370 vicies
2048 1329 2250 1371 centena
2287 1320 2454 1380 millia,

210 1409 318 1443 cum
356 1395 449 1441 ista
485 1394 661 1442 rotatio
700 1407 797 1442 non
837 1394 1106 1455 offendatur
1151 1395 1251 1443 ulla
1299 1396 1413 1444 foris
1462 1403 1744 1444 occursante
1789 1397 2048 1458 asperitate
2101 1394 2179 1443 vel
2219 1394 2456 1442 densitate

210 1481 357 1515 aurae
397 1465 680 1527 aethereae,
734 1481 830 1515 non
869 1466 970 1516 ullo
1009 1467 1221 1530 pondere
1258 1469 1338 1517 vel
1378 1470 1620 1531 gravitate
1659 1470 1871 1529 interna3
1924 1474 2156 1530 quantum
2195 1464 2310 1515 vero
2348 1481 2456 1515 ma-

208 1539 424 1587 terialem
469 1540 692 1587 inertiam
730 1542 925 1591 attinet,
982 1541 1188 1603 subjecti
1238 1541 1348 1590 loeo
1399 1543 1462 1589 sit
1510 1541 1572 1589 ad
1611 1539 1980 1604 concipiendum
2029 1543 2260 1604 impetum
2299 1540 2457 1589 conti·

208 1612 549 1674 nuandamque
587 1615 893 1661 rotationem.

353 1698 614 1747 Confirmat
654 1700 799 1746 etiam
836 1698 963 1748 hanc
1001 1713 1198 1747 eausam
1236 1698 1357 1748 haec
1397 1700 1779 1748 circumstantia:
1822 1698 1952 1762 quod
1990 1700 2116 1746 sieut
2142 1699 2283 1747 turbo
2322 1704 2455 1746 rota-

214 1778 292 1820 tur
327 1773 377 1819 in
414 1772 609 1834 plagam
649 1770 782 1819 illam
823 1777 1112 1839 constanter,
1153 1773 1384 1834 inquam
1424 1772 1513 1821 fuit
1551 1774 1687 1820 initio
1727 1778 2000 1832 contortus,
2040 1773 2110 1820 sic
2148 1771 2273 1819 idem
2314 1771 2458 1819 etiam
2511 1752 2554 1812 .·⁵

213 1845 393 1894 Terrae
433 1844 622 1904 accidit,
663 1851 718 1892 ut
757 1859 905 1893 causa
941 1844 1077 1894 nulla
1116 1845 1216 1892 dari
1256 1847 1434 1907 possit,
1477 1859 1559 1893 cur
1595 1848 1759 1909 potius
1799 1847 1845 1892 in
1886 1845 2010 1893 hanc
2046 1843 2243 1908 plagam
2278 1849 2469 1892 rotetur'
2547 1851 2550 1900 ζ

209 1918 372 1980 Terra,
414 1933 559 1980 quam
598 1919 646 1964 in
686 1919 1004 1980 contrariam,
1055 1919 1149 1966 nisi
1188 1917 1332 1979 haec,
1386 1915 1587 1982 quod'a
1626 1917 1853 1968 Creatore
1904 1919 2068 1966 statim
2110 1918 2248 1965 initio
2287 1925 2459 1980 coepta

206 1993 268 2038 sit
307 1992 355 2037 in
394 1991 519 2039 hanc
555 1989 750 2053 plagam
789 1993 952 2039 rotari.
1623 1992 1626 1995 ’

353 2080 524 2128 Proba
573 2080 632 2128 de
677 2081 922 2144 facultate
969 2095 1226 2142 corporea.
1309 2078 1360 2147 1)
1395 2079 1672 2129 Verisimile
1726 2084 1821 2140 est,
1879 2077 2006 2126 hanc
2063 2078 2216 2141 ipsam
2274 2077 2458 2140 primae

209 2154 464 2201 rotationis
504 2154 834 2202 continuatam
874 2155 1083 2216 speciem
1132 2155 1180 2200 in
1220 2153 1371 2203 Terra
1407 2153 1796 2201 transformatam
1835 2165 1941 2200 esse
1994 2164 2078 2199 seu
2133 2150 2373 2199 coaluisse
2410 2150 2460 2198 in
2531 2165 2550 2187 «·

208 2225 355 2274 talem
394 2225 675 2274 facultatem
715 2239 1010 2288 corpoream,
1051 2232 1099 2275 et
1136 2228 1205 2275 sic
1242 2228 1290 2274 in
1327 2226 1474 2275 fibras
1501 2225 1696 2285 Terrae,
1737 2225 1996 2286 dispositas
2034 2222 2299 2272 seeundum
2339 2222 2459 2271 duc·
2533 2279 2538 2290 1

211 2305 313 2346 tum
350 2303 510 2346 motus
550 2300 737 2385 ipsiuS,
757 2298 1040 2360 inolevisse,
1091 2300 1160 2348 sic
1199 2306 1252 2347 ut
1289 2300 1439 2349 fibrae
1478 2313 1643 2347 omnes
1683 2297 2013 2360 intelligantur
2051 2296 2353 2358 rectilineae,
2407 2302 2460 2344 ut

206 2373 339 2434 prius
378 2371 581 2431 dictum,
642 2378 690 2421 et
718 2354 815 2419 'axi
866 2371 1152 2436 parallelae,
1203 2373 1288 2421 sed
1342 2371 1636 2420 circulariter
1673 2385 1812 2420 axem
1866 2371 2256 2430 circumstantes,
2309 2367 2459 2418 veluti
2524 2371 2546 2388 ‘⁸

208 2445 485 2493 subtemina
532 2449 665 2492 recta
714 2445 1002 2493 staminibus
1055 2443 1371 2494 circularibus
1422 2447 1622 2494 intexta.
1699 2443 1824 2492 Nam
1875 2445 1915 2491 si
1954 2444 2140 2506 species
2186 2447 2347 2491 motus
2396 2442 2458 2491 ab

209 2522 344 2565 extra
388 2516 512 2564 illati
559 2524 722 2580 potest
771 2517 987 2566 abstrahi
1034 2533 1064 2566 a
1103 2532 1252 2567 causa
1300 2523 1527 2567 movente
1582 2518 1886 2580 imprimique
1936 2517 1984 2562 in
2034 2529 2205 2578 eorpus
2253 2515 2457 2563 turbinis

129 2643 131 2645 ,
209 2589 389 2638 mobile
441 2604 527 2652 per
566 2591 890 2652 quassationis
938 2606 1023 2639 seu
1075 2590 1233 2639 flictus
1287 2593 1384 2639 vim
1423 2589 1568 2657 (burel)
1607 2591 1690 2638 ben
1727 2587 1944 2654 fcbmung)
1985 2594 2032 2637 et
2078 2589 2128 2635 in
2177 2601 2233 2636 eo
2289 2586 2459 2636 durare

212 2661 528 2725 aliquamdiu,
567 2677 662 2711 non
703 2663 928 2712 obstante
967 2662 1098 2725 quod
1136 2665 1184 2710 in
1224 2678 1282 2712 eo
1322 2670 1510 2711 tantum
1549 2669 1622 2711 est
1644 2662 1839 2727 hospes,
1878 2662 1948 2709 sic
1977 2668 2028 2709 ut
2060 2662 2272 2722 corporis
2298 2667 2460 2723 partes

208 2738 255 2782 in
305 2742 441 2784 motu
507 2737 799 2784 constitutae
838 2737 937 2784 alia
984 2736 1131 2783 aliam
1188 2738 1377 2797 incitet,
1430 2736 1584 2785 veluti
1635 2736 1811 2783 motrix
1860 2736 2087 2783 existeret
2124 2735 2254 2796 ipsa,
2307 2733 2460 2781 donec

209 2811 448 2857 continuis
488 2808 833 2857 offensionibus
881 2809 1084 2857 turbinis
1123 2808 1244 2857 haec
1281 2810 1467 2872 species
1514 2813 1674 2856 motus
1715 2809 1844 2855 victa
1890 2807 2217 2870 temporisque
2272 2805 2462 2853 diutur-
2513 2798 2522 2807 ’

209 2882 358 2930 nitate
412 2881 666 2930 debilitata
714 2881 951 2944 paulatim
1008 2871 1292 2930 emoriatur:
1345 2880 1463 2928 nihil
1505 2882 1649 2943 igitur
1687 2879 1912 2942 impedit,
1967 2880 2082 2942 quin
2129 2881 2274 2927 etiam
2315 2878 2461 2941 hujus

211 2955 397 3015 species
437 2960 612 3016 motuS,
654 2969 749 3016 quo
789 2955 925 3004 Deus
964 2953 1164 3003 Creator
1200 2954 1398 3016 globum
1437 2952 1642 3001 Telluris
1680 2955 1890 3014 primum
1915 2953 2150 3011 incitavit,
2192 2953 2370 3000 arctius
2412 2956 2459 2999 et

213 3026 482 3075 durabilius
523 3029 571 3074 in
611 3027 789 3076 Terrae
828 3042 935 3076 sese
975 3042 1148 3090 corpus
1185 3027 1502 3075 insinuaverit
1552 3026 1697 3088 inque
1735 3025 1962 3073 fibrarum
2003 3023 2375 3074 circularitatem
2416 3034 2463 3072 et

212 3098 369 3147 veluti
408 3101 454 3146 iu
494 3101 696 3148 formam
734 3114 1014 3164 corpoream
1064 3099 1325 3164 specialem
1373 3099 1688 3162 concesserit,
1739 3111 1835 3145 non
1879 3097 1985 3159 Jam
2020 3097 2199 3160 hospes
2253 3095 2462 3159 amplius

210 3173 258 3218 in
299 3171 464 3234 Terra,
505 3179 558 3220 ut
595 3173 682 3221 illa
719 3175 767 3220 in
806 3175 1011 3236 turbine,
1064 3173 1150 3222 sed
1190 3173 1427 3245 inquilina
1464 3157 1608 3236 plane
1658 3185 1744 3220 seu
1781 3171 2014 3219 materiae
2053 3185 2170 3218 suae
2209 3171 2378 3218 victrix
2418 3174 2465 3217 et
2501 3213 2507 3222 ,

212 3243 435 3293 domitrix
483 3247 709 3293 existens.

358 3327 409 3396 2)
450 3331 800 3394 Argumentum
838 3332 984 3395 hujus
1024 3333 1072 3381 id
1112 3336 1259 3382 etiam
1298 3347 1404 3382 esse
1441 3338 1627 3396 potest,
1677 3329 1807 3394 quod
1847 3331 1986 3392 vigor
2023 3329 2168 3391 hujus
2208 3330 2463 3378 rotationis

211 3418 310 3453 non
349 3406 562 3463 remittit,
604 3403 690 3452 sed
730 3405 947 3466 ejusdem
986 3406 1145 3455 adhuc
1182 3406 1327 3455 hodie
1368 3406 1626 3455 celeritatis
1667 3418 1773 3453 esse
1812 3401 2198 3464 deprehenditur,
2240 3403 2378 3466 eujus
2417 3409 2469 3450 et.

212 3477 327 3525 olim
375 3482 492 3536 erat,
536 3477 774 3524 consimili
812 3479 999 3527 scilieet
1037 3481 1153 3527 anni
1191 3485 1426 3542 tempore.
1498 3478 1608 3527 Hoc
1634 3488 1749 3526 vero
1775 3477 1932 3538 magis
1969 3475 2261 3525 intrinsecae
2289 3489 2464 3524 causae

213 3565 361 3613 quam
402 3555 661 3597 extraneae
701 3553 949 3612 competit.
2359 3564 2367 3571 ·

359 3633 410 3701 3)
449 3634 636 3696 Quodsi
673 3637 1044 3697 priuscausam
1085 3637 1382 3689 directionis,
1412 3639 1518 3685 axis
1555 3637 1675 3685 satis
1719 3633 2036 3698 probabiliter
2083 3634 2376 3682 contulimus
2414 3634 2461 3680 in

212 3710 414 3757 formam
454 3722 747 3770 corpoream,
788 3709 1053 3757 secundum
1092 3709 1236 3758 fibras
1275 3715 1455 3771 rectas,
1485 3711 1565 3758 axi
1601 3707 1891 3771 parallelas,
1943 3707 2044 3768 jam
2089 3707 2242 3755 multo
2281 3707 2462 3769 proba-

213 3780 356 3830 bilior
393 3782 475 3829 fiet
524 3782 690 3830 etiam„
707 3780 860 3829 altera
907 3781 1042 3843 globi
1089 3782 1362 3831 informatio
1401 3781 1665 3831 seeundum
1716 3780 1863 3828 fibras
1912 3779 2196 3839 circulares,
2254 3779 2462 3841 indeque

213 3854 490 3917 dependens
527 3853 736 3903 facultas
771 3856 1002 3917 motoria3
1056 3868 1162 3902 cum
1202 3857 1347 3904 etiam
1395 3855 1489 3904 hoc
1525 3848 1826 3917 praedictum
1874 3853 1964 3911 sit,
2019 3852 2217 3915 globum
2258 3850 2480 3912 eundem,

2547 3206 2554 3623 ἑ

2465 3625 2554 4140 3
