2554 4140
1144 101 1408 159 Praecepta.
2287 105 2389 154 697

135 249 486 307 aequipollentia
520 247 759 296 eccentrici
798 252 844 292 et
874 248 1065 307 epicycli
1105 251 1157 296 in
1187 246 1481 295 concentrico.
1543 246 1829 292 Ptolemaeus
1867 245 2005 304 igitur
2033 248 2061 294 2
2092 245 2387 305 aequationes

134 316 292 359 Lunae
323 315 408 360 sibi
438 320 568 360 notas
598 314 930 372 hypothesibus
960 315 1072 373 ipsis
1105 315 1509 371 discriminaturus,
1541 313 1714 370 primae
1734 313 1924 367 illarum,
1956 325 2091 369 quam
2111 313 2243 358 Luna
2273 326 2391 357 com-

134 394 314 425 munem
345 383 485 428 habet
515 395 617 427 cum
648 379 858 438 planetis,
891 382 1168 440 hypothesin
1199 381 1442 427 destinavit
1470 394 1561 426 non
1582 393 1863 424 communem
1885 380 2070 438 ceteris3
2102 379 2292 437 primam
2323 393 2394 425 sc.

133 448 489 503 repraesentavit
518 459 601 504 per
630 446 894 505 epicyclum‚
927 448 1154 494 secundae
1184 461 1290 494 vero
1323 459 1404 493 seu
1435 451 1707 503 menstruae,
1739 446 1782 490 h.
1808 459 1846 491 e.
1879 459 1906 490 a
1927 446 2044 492 Solis
2075 445 2393 502 conjunctione

132 512 386 569 incipienti,
427 512 586 557 tribuit
616 514 931 560 eccentricum.
991 517 1160 562 Verum
1195 515 1289 560 -hac
1317 514 1492 559 ratione
1523 513 1697 558 vitiavit
1735 513 1990 570 parallaxes
2023 518 2068 558 et
2098 517 2392 573 apparentem

131 578 290 624 Lunae
321 579 604 631 diametrum,
634 594 787 625 errore
818 581 865 625 in
894 583 981 628 hac
1011 590 1110 630 arte
1141 595 1429 639 nequaquam
1459 579 1700 625 tolerabili.
1763 581 1899 625 Hunc
1919 579 2058 637 igitur
2088 591 2287 623 errorem
2318 577 2394 623 de-

131 642 247 688 texit
275 644 681 703 Regiomontanus,
714 647 900 692 sustulit
931 650 1206 706 Copernicus
1238 662 1328 694 non
1359 645 1527 692 infelici
1559 651 1739 703 conatu,
1772 661 1872 692 cum
1895 644 2194 691 eccentricum
2225 645 2271 688 in
2304 645 2395 703 epi-

133 708 308 766 cyclum
349 710 598 756 secundum
634 713 993 769 ingeniosissime
1032 716 1258 761 vertisset.
1321 714 1411 760 Sed
1452 727 1553 759 cum
1592 712 1898 769 perfectorum
1929 711 2198 756 circulorum
2243 713 2394 768 opinio

132 775 314 830 penitus
343 775 586 823 insedisset
623 779 770 824 animo
802 783 963 826 summi
994 781 1204 838 artificis,
1248 785 1511 833 ausus-est,
1554 779 1751 824 omnium
1782 778 2065 834 planetarum
2109 779 2386 823 eccentricos

133 841 180 886 in
214 842 438 900 epicyclos
471 850 748 902 convertere,
781 861 944 903 magna
975 862 1076 894 cum
1107 848 1450 906 perturbatione
1482 845 1706 892 cultorum
1736 844 1868 898 artis,
1902 843 2066 899 quibus
2098 842 2393 900 eccentricus,

134 911 187 950 ut
216 907 476 966 simplicior,
507 909 758 968 imaginata
789 926 970 971 quoque
1001 919 1098 958 erat
1128 909 1329 968 facilior3
1370 911 1512 967 addo,
1547 912 1680 956 etiam
1711 923 1811 954 cum
1843 908 1995 964 aliquo
2027 907 2188 951 damno
2221 921 2394 964 aequa·

134 971 328 1026 tionum,
360 974 482 1031 quod
517 974 819 1022 demonstravi
857 979 917 1023 ιιι
936 979 1180 1023 Comment.
1204 977 1383 1023 Martis
1445 977 1600 1035 Tycho
1631 975 1836 1021 Braheus
1877 973 1990 1019 illud
2029 974 2231 1030 inprimis
2262 987 2398 1019 curae

132 1036 305 1093 habuit,
337 1045 390 1084 ut
416 1054 571 1086 omnes
592 1041 812 1099 planetas,
848 1043 1147 1100 Copernicum
1167 1043 1382 1096 imitatus,
1414 1044 1661 1088 instrueret
1680 1040 2026 1099 hypothesibuS,
2055 1039 2173 1084 inter
2193 1051 2242 1083 se
2262 1052 2396 1096 quam

131 1103 337 1158 proxime
373 1113 530 1162 posset
568 1107 798 1154 similibus.
878 1110 989 1154 Cum
1031 1110 1169 1165 igitur
1214 1109 1262 1153 in
1307 1109 1501 1166 planetis
1546 1107 1708 1153 ceteris
1754 1121 1836 1164 pro
1881 1106 2026 1163 prima
2070 1103 2396 1180 inaequalitate

133 1170 334 1224 geminos
365 1173 487 1228 apud
518 1173 815 1230 Copernicum
854 1173 1102 1220 invenisset
1132 1174 1382 1232 epicyclos,
1426 1174 1612 1230 insuper
1651 1173 1971 1228 geminandum
2010 1170 2146 1216 etiam
2185 1171 2232 1214 in
2263 1170 2397 1215 Luna

131 1235 304 1291 primae
337 1237 673 1295 inaequalitatis
705 1239 957 1297 epicyclum
989 1241 1177 1285 censuit.
1238 1241 1290 1286 Id
1323 1240 1440 1284 enim
1472 1245 1518 1284 et
1547 1239 1804 1296 parallaxes
1837 1238 1998 1283 eximie
2028 1236 2305 1295 probabant,
2347 1240 2399 1281 ut

134 1314 250 1357 quae
279 1303 516 1358 artificem,
554 1304 820 1362 priusquam
850 1306 938 1352 hoc
970 1312 1258 1363 sequeretur,
1302 1320 1392 1351 non
1424 1305 1585 1351 leviter
1614 1309 1857 1351 torserant.
1919 1305 1991 1349 Ita
2021 1317 2104 1360 pro
2136 1302 2279 1359 prima
2310 1302 2400 1348 ista

133 1364 421 1422 aequatione
441 1369 568 1428 duos,
600 1383 682 1427 pro
716 1371 918 1417 secunda
947 1377 1179 1417 menstrua
1200 1371 1384 1416 tertium
1406 1370 1566 1417 nactus
1589 1376 1659 1417 est
1679 1371 1945 1429 epicyclum,
1977 1384 2058 1428 pro
2079 1369 2216 1413 tertia
2235 1380 2399 1426 aequa·

131 1431 256 1477 tione
270 1467 293 1490 ‚.
314 1434 446 1491 cujus
484 1436 583 1493 ipse
613 1435 843 1491 inventor,
887 1444 1077 1494 quartus
1122 1444 1168 1482 et
1210 1437 1397 1494 quintus
1438 1443 1567 1483 erant
1599 1435 1841 1482 statuendi.
1906 1435 2056 1491 Quare
2095 1439 2147 1478 ut
2175 1434 2401 1479 minueret

132 1499 421 1544 metuendam
451 1513 508 1544 ex
539 1506 616 1546 tot>
641 1501 918 1559 epicylorum
948 1503 1138 1549 invicem
1168 1503 1415 1549 insertione
1447 1502 1813 1559 perplexitatem,
1857 1500 2108 1558 epicyclum
2137 1499 2290 1555 illum,
2323 1499 2400 1555 qui

132 1564 343 1620 in,Luna
370 1578 514 1622 penes
547 1566 845 1623 Copernicum
883 1574 980 1613 erat
1011 1569 1253 1626 secundus,
1286 1582 1342 1614 ex
1365 1569 1472 1614 orbe
1506 1568 1791 1613 concentrico
1823 1567 2087 1623 decerptum
2118 1565 2176 1610 ad
2197 1570 2399 1611 centrum

133 1631 302 1676 Terrae
331 1631 563 1677 transtulit
605 1630 870 1691 effecitque,
911 1639 964 1679 ut
994 1636 1309 1681 concentricus
1340 1635 1418 1680 ille
1449 1648 1540 1679 non
1566 1634 1662 1691 ‚iam
1695 1634 1889 1692 amplius
1922 1638 2042 1677 esset
2073 1631 2400 1685 concentricUS,

130 1697 216 1742 nisi
249 1697 423 1742 duobus
456 1696 564 1742 solis
594 1697 641 1743 in
671 1713 828 1745 mense
865 1702 1118 1758 momentis,
1148 1701 1323 1758 reliquo
1355 1706 1453 1746 toto
1485 1706 1689 1758 tempore
1722 1699 2014 1754 eccentricus,
2045 1698 2149 1756 plus
2182 1697 2399 1743 minusve.

129 1763 272 1819 Atqui
302 1763 389 1810 hoc
422 1761 499 1806 ille
528 1762 651 1808 facto
697 1764 1013 1811 difficultatem
1043 1772 1204 1824 captus
1249 1781 1340 1811 non
1379 1766 1667 1823 sublevasse,
1715 1765 1796 1810 sed
1840 1767 2022 1811 auxisse
2063 1765 2285 1810 tironibus
2327 1763 2422 1808 est'

133 1829 270 1875 visus.
333 1828 423 1874 Sed
452 1843 602 1886 neque
633 1831 740 1876 dum
769 1831 848 1876 illa
879 1845 1056 1889 semper
1087 1834 1235 1879 animo
1259 1834 1483 1879 destinata
1503 1832 1856 1891 planetariarum
1891 1832 2167 1877 theoriarum
2197 1829 2400 1875 similitu-

132 1894 236 1939 dine
276 1895 363 1940 hac
391 1897 565 1942 ratione
595 1897 682 1942 fuit
710 1899 906 1956 potitus,
951 1906 1003 1944 ut
1038 1900 1086 1945 in
1125 1914 1216 1958 qua
1247 1900 1364 1946 Solis
1402 1901 1584 1958 quidem
1624 1897 1941 1957 inaequalitati
1983 1898 2156 1954 primae
2199 1895 2401 1941 dedisset

132 1960 447 2015 eccentricum‚
479 1963 768 2019 planetarum
798 1977 903 2009 vero
936 1970 981 2009 et
999 1967 1158 2012 Lunae
1179 1967 1350 2025 primae
1371 1966 1529 2011 itidem
1550 1965 1863 2022 inaequalitati
1884 1964 2135 2021 geminatos
2158 1961 2400 2020 epicyclos.

134 2026 232 2071 Nec
263 2026 563 2074 dissimulavit
592 2030 706 2075 haec
735 2030 1031 2091 incommoda,
1065 2034 1174 2090 quin
1205 2039 1362 2091 aperte
1393 2033 1558 2090 fassus,
1590 2031 1913 2090 temporariam
1935 2030 2097 2076 saltem
2129 2042 2229 2075 esse
2259 2028 2402 2073 voluit

135 2091 253 2136 hanc
282 2093 627 2149 particularium
657 2097 977 2154 hypothesium
1008 2101 1389 2146 constitutionem.
1450 2100 1699 2157 Postquam
1731 2111 1814 2155 ego
1857 2099 1904 2142 in
1936 2111 2089 2143 curam
2121 2095 2270 2154 operis
2300 2107 2400 2152 per-

134 2161 316 2207 ficiendi
356 2163 576 2220 successi,
626 2163 819 2222 primum
860 2165 1138 2210 eccentricos
1177 2165 1375 2223 planetis
1417 2179 1474 2210 ex
1513 2165 1777 2210 Ptolemaeo
1818 2162 2124 2208 restituendos
2170 2173 2311 2218 eaque
2352 2173 2401 2205 re

134 2228 395 2286 Tychonem
426 2228 473 2274 in
504 2228 610 2274 Sole
631 2229 906 2275 imitandum
939 2231 1108 2286 censui,
1141 2231 1263 2287 quod
1295 2230 1538 2276 eccentrici
1570 2235 1707 2288 captu
1738 2228 1966 2274 faciliores
1999 2232 2164 2282 essent,
2203 2232 2248 2272 et
2279 2225 2404 2282 mihi,

136 2294 373 2351 aequantis
404 2294 560 2339 circuli
591 2295 855 2340 Ptolemaici
886 2309 1046 2341 causas
1079 2290 1349 2354 indaganti,
1369 2295 1525 2353 odoris
1551 2294 1693 2340 veluti
1725 2295 1964 2351 qu'usdam
1996 2293 2155 2340 afflatu
2196 2291 2402 2338 semitam

133 2366 455 2405 monstrarent.
516 2360 578 2406 Ut
608 2373 714 2405 vero
745 2359 868 2404 illam
900 2374 927 2405 a
958 2360 1172 2416 Tychone
1203 2358 1461 2407 affectatam
1498 2360 1784 2418 planetarum
1826 2360 2023 2406 omnium
2061 2356 2401 2405 similitudinem

136 2425 401 2485 obtinerem,
435 2426 734 2472 eccentricum
766 2426 900 2470 etiam
931 2426 989 2470 ad
1020 2427 1180 2472 Lunae
1210 2427 1402 2484 primam
1431 2426 1802 2483 inaequalitatem
1834 2425 2228 2472 demonstrandam
2263 2423 2402 2468 intro-

135 2492 259 2550 duxi,
291 2506 391 2538 cum
423 2497 733 2537 antecessores
766 2506 920 2537 omnes
951 2492 1025 2537 hic
1057 2498 1278 2550 usurpent
1299 2493 1573 2550 epicyclum:
1608 2497 1653 2537 et
1678 2506 1782 2538 ecce
1805 2506 1978 2549 saxum,
2010 2492 2067 2538 ad
2089 2491 2210 2550 quod
2239 2489 2401 2548 pedem

134 2559 357 2617 offendat,
403 2562 482 2618 qui
525 2560 635 2605 mihi
680 2573 737 2605 ex
779 2561 919 2606 veteri
964 2561 1241 2606 astronomia
1281 2560 1529 2606 calculator
1569 2559 1770 2614 advenit,
1813 2559 1901 2605 nisi
1943 2557 2030 2605 hac
2067 2556 2401 2615 introductione

133 2626 292 2672 sedulo
322 2627 632 2672 admoneatur.

281 2706 435 2751 Tertio
469 2718 630 2751 causas
662 2707 981 2764 aequationum
1013 2708 1148 2753 etiam
1178 2707 1403 2754 lunarium
1435 2720 1536 2754 esse
1565 2706 1796 2752 naturales
1827 2718 1884 2751 ex
1906 2704 2103 2761 dimidio,
2135 2718 2207 2751 res
2230 2709 2312 2761 est,
2347 2702 2402 2747 de

134 2785 223 2828 qua
252 2771 424 2817 dudum
453 2772 657 2829 Tychoni
688 2773 922 2829 superstiti
954 2773 1204 2828 suboleret,
1248 2787 1454 2831 quaeque
1485 2772 1747 2819 certissimis
1779 2769 2239 2816 demonstrationibus
2272 2782 2299 2814 a
2329 2779 2403 2813 me

136 2838 183 2883 in
212 2837 361 2883 lucem
394 2845 464 2883 est
495 2838 637 2895 edita,
683 2844 734 2883 ut
765 2840 969 2896 quamvis
987 2875 997 2895 ,
1045 2839 1273 2897 quodnam
1306 2840 1365 2884 sit
1405 2838 1519 2884 illud
1549 2837 1848 2894 individuum,
1896 2836 2018 2894 quod
2048 2837 2223 2881 Lunam
2253 2837 2404 2880 movet

133 2902 409 2958 immediate,
441 2916 532 2947 non
563 2902 676 2948 adeo
707 2903 768 2949 sit
798 2904 1058 2962 expeditum
1088 2905 1377 2962 philosophis
1410 2903 1467 2948 ad
1499 2903 1678 2949 oculum
1710 2901 2036 2958 demonstrare,
2070 2912 2201 2946 nemo
2234 2903 2398 2953 tamen,

136 2970 213 3026 qui
242 2968 531 3026 geometriam
563 2967 708 3026 affert,
742 2969 950 3016 dubitare
975 2976 1081 3029 post
1102 2983 1267 3016 causae
1292 2970 1593 3027 cognitionem
1614 2969 1774 3026 possit,
1806 2968 1914 3026 quin
1937 2966 2257 3025 aequationum
2278 2978 2401 3011 men-

136 3049 269 3081 surae
298 3034 510 3092 propriae
539 3033 677 3078 insint
714 3035 761 3080 in
790 3037 1120 3094 triangulorum
1166 3036 1305 3093 areis;
1350 3036 1408 3082 ad
1438 3037 1522 3081 has
1568 3035 1686 3080 enim
1726 3046 1854 3079 areas
1899 3033 2083 3078 tandem
2122 3031 2403 3078 reducuntur

137 3113 302 3145 causae
333 3099 565 3145 naturales
596 3106 812 3146 motuum.
875 3104 986 3148 Cum
1017 3115 1124 3160 ergo
1157 3102 1224 3160 id,
1258 3100 1380 3159 quod
1412 3106 1482 3146 est
1513 3099 1775 3145 Ptolemaeo
1808 3112 2035 3157 aequans,
2068 3098 2316 3157 Copernico
2348 3097 2395 3143 in

137 3165 354 3224 planetis,
386 3164 592 3225 Tychoni
623 3165 670 3210 in
700 3166 831 3213 Luna
862 3169 1092 3227 epicyclus
1125 3168 1380 3225 secundus,
1414 3167 1624 3225 quodque
1657 3166 1817 3212 tertius
1849 3170 2109 3211 menstruus
2141 3164 2324 3224 utrique
2354 3163 2402 3209 in

137 3232 295 3288 Luna,
336 3231 541 3289 adeoque
573 3237 618 3275 et
652 3233 773 3288 quod
812 3234 859 3278 in
893 3234 1049 3279 eadem
1081 3234 1285 3293 Tychoni
1326 3239 1516 3291 quartus
1549 3238 1595 3279 et
1625 3233 1832 3290 quintus,
1878 3230 1925 3276 id
1957 3244 2087 3277 omne
2117 3232 2179 3292 sit
2218 3231 2276 3277 in.
2295 3243 2402 3276 vera

139 3298 416 3343 astronomia
455 3296 666 3353 trianguli
709 3298 962 3356 aequaturii
999 3312 1131 3345 area:
1173 3314 1263 3345 non
1303 3299 1460 3345 censui
1501 3298 1717 3344 studiosis
1761 3298 1895 3356 artis,
1935 3295 1993 3342 ad
2023 3298 2247 3344 novitates
2287 3296 2398 3343 istas

140 3363 453 3421 stupentibus,
492 3363 537 3407 in
570 3369 638 3409 tot
682 3363 936 3409 maeandris
976 3371 1179 3410 motuum
1211 3364 1436 3411 lunarium
1475 3365 1533 3410 ad
1577 3363 1775 3411 calculos
1815 3363 2078 3411 revocandis
2124 3363 2400 3411 claudendas

139 3430 459 3490 hypothesium
489 3430 634 3487 fores,
665 3444 748 3489 per
781 3445 892 3488 quas
921 3431 1002 3477 lux
1033 3431 1184 3490 aliqua
1213 3433 1302 3478 illis
1335 3432 1586 3478 irradiaret.

282 3496 475 3553 Quarto,
516 3510 618 3541 cum
656 3512 773 3544 nova
812 3498 924 3543 haec
964 3498 1153 3543 accedat
1194 3498 1252 3543 ad
1282 3497 1457 3555 priores
1500 3497 1734 3554 inopinata
1766 3496 2003 3543 diversitas
2044 3497 2163 3543 circa
2193 3504 2395 3543 motuum

141 3562 363 3609 lunarium
400 3561 613 3619 formam,
661 3563 806 3621 quod,
856 3574 1150 3620 quaecunque
1194 3568 1369 3608 veteres
1414 3563 1757 3607 semimenstrua
1789 3567 2069 3620 statuerunt,
2112 3563 2192 3609 illa
2233 3562 2394 3620 omnia,

141 3628 289 3674 causis
330 3631 534 3673 motuum
577 3629 860 3674 naturalibus
899 3628 1113 3685 repertis,
1163 3633 1319 3686 pateat
1361 3640 1462 3673 esse
1496 3628 1796 3681 semestralia‚
1844 3628 2010 3674 effectu
2050 3628 2184 3686 plane
2217 3627 2391 3681 codem,

143 3693 260 3738 male
291 3693 549 3739 consultum
579 3695 675 3740 fore
708 3694 966 3741 calculatori
998 3694 1174 3751 censui,
1217 3694 1253 3739 si
1286 3707 1412 3751 eum,
1458 3693 1678 3739 imbutum
1708 3694 2025 3751 imaginatione
2055 3694 2219 3740 veteris
2253 3698 2395 3738 astro-

144 3760 332 3814 nomiae,
370 3758 428 3806 ad
471 3759 630 3807 harum
673 3761 931 3809 tabularum
968 3759 1156 3805 abacum
1196 3758 1506 3817 admitterem,
1545 3772 1598 3805 ac
1635 3772 1725 3805 non
1757 3761 1909 3807 statim
1947 3761 1993 3807 in
2023 3762 2123 3819 ipso
2170 3757 2395 3805 vestibulo
