2554 4140
231 141 338 222 464
1064 170 1302 228 Epitomes
1332 168 1652 214 Astronomiae

408 317 673 380 Quomodo
712 314 960 367 movetur
1022 333 1307 380 apoyaeum
1377 317 1530 376 hujus
1592 317 1783 366 orbitae
1845 318 2028 367 Lunae
2088 321 2383 367 eccentricae
2443 326 2490 368 et

232 396 432 452 quanta
471 391 577 450 ejus
614 396 683 437 est
713 390 955 452 periodus
993 391 1274 458 temporis?
1326 388 1555 437 Movetur
1592 391 1642 435 in
1679 392 1927 452 signorum
1966 387 2314 454 consequentia
2353 397 2488 440 motu

230 462 476 524 aequabili
515 463 880 525 restituiturque
907 463 973 512 ad
1004 463 1135 512 idem
1172 468 1403 525 punctum
1441 461 1763 524 longitudinis
1801 464 1988 512 zodiaci
2028 465 2076 510 in
2116 466 2255 512 annis
2286 464 2489 528 Aegyp-

229 536 310 583 tiis
352 536 381 583 8
430 534 600 583 diebus
639 536 739 582 311
793 531 923 585 horis
964 538 1009 586 6.
1102 535 1213 584 Hoc
1249 540 1383 583 motu
1424 534 1480 593 B,
1535 539 1752 583 centrum
1791 538 2048 585 eccentrici
2090 536 2283 597 Lunae,
2335 543 2491 599 'super

230 606 379 670 plano
419 608 605 655 orbitae
645 607 813 657 Lunae
851 607 911 673 (si
950 608 999 656 id
1038 600 1319 669 cogitemus
1346 607 1545 655 affixum
1591 605 1654 654 ad
1692 606 1872 656 lineam
1921 624 1980 657 ex
2019 615 2183 657 centro
2222 609 2401 658 Terrae
2439 611 2489 656 in

235 679 452 742 aliquam
489 679 693 728 fixarum
721 681 936 746 ductam)
977 679 1208 730 describit
1235 695 1384 729 causa
1408 679 1729 742 longitudinis
1769 680 2013 750 circellum
2048 681 2224 729 BERY
2266 687 2372 740 (th
2406 689 2491 736 89),

233 753 590 805 concentricum
628 755 754 802 circa
792 762 1007 803 centrum
1046 752 1256 813 Telluris
1293 753 1355 802 A.
1433 752 1650 801 Diurnus
1701 747 1910 816 apogaei
1957 754 2048 832 sub
2087 754 2289 804 zodiaco
2329 759 2403 803 est
2443 755 2492 802 6‘

238 826 362 887 41²¹,
399 824 620 874 horarius
664 827 779 874 12⁰.

384 898 646 984 Quomodo
682 913 732 947 se
767 898 953 947 habent
989 897 1283 946 latitudines
1318 903 1629 959 punctorum
1668 897 1822 958 hujus
1860 897 2052 947 orbitae
2098 899 2168 946 ad
2203 900 2494 949 inclinatio-

233 971 362 1020 nes?
416 970 539 1020 Cum
588 973 636 1018 in
675 970 816 1020 Luna
854 985 952 1018 non
990 970 1173 1019 habeat
1208 971 1373 1019 locum
1411 969 1677 1032 pai-allaxis
1717 971 1877 1030 orbis,
1932 985 2058 1033 quae
2097 971 2274 1020 accidit
2311 974 2493 1035 prima-

236 1046 334 1105 riis,
375 1043 521 1093 iidem
561 1046 708 1107 igitur
733 1050 846 1091 sunt
871 1041 1039 1106 anguli
1076 1042 1139 1091 ad
1178 1049 1394 1092 centrum
1422 1042 1601 1092 Terrae
1641 1043 1969 1092 inclinationis
2005 1051 2292 1107 punctorum
2321 1059 2494 1094 eccen-

233 1119 354 1178 trici,
396 1119 479 1180 qui
518 1123 631 1165 sunt
668 1122 717 1165 et
755 1116 919 1179 anguli
956 1115 1229 1165 latitudinis
1268 1112 1549 1179 apparentis
1570 1115 1739 1165 Lunae
1780 1118 1827 1163 in
1857 1118 1915 1164 iis
1954 1119 2146 1179 punct1s
2186 1119 2492 1167 constitutae.

234 1189 292 1238 In
332 1190 474 1238 Luna
509 1190 657 1252 igitur
694 1203 790 1238 vox
829 1189 1159 1238 inclinationis
1200 1189 1539 1238 tantummodo
1568 1189 1626 1238 de
1653 1189 1904 1250 limitibuS‚
1946 1204 2192 1253 nunquam
2221 1189 2279 1239 de
2304 1190 2495 1253 punctis

235 1262 530 1312 intermediis
570 1268 842 1326 usurpatur.
1292 1285 1296 1288 ·

385 1335 595 1399 Quanta
633 1342 701 1384 est
737 1335 857 1384 haec
893 1348 980 1383 seu
1016 1335 1281 1384 inclinatio
1318 1337 1618 1384 eccentricae
1654 1335 1861 1397 orbitae,
1900 1349 1988 1383 seu
2019 1334 2240 1384 *latitudo
2263 1337 2495 1384 maxima

236 1407 440 1470 Lunae,
493 1410 551 1456 in
588 1409 694 1468 ejus
731 1408 974 1456 limitibus
1011 1407 1345 1457 constitutae?
1401 1407 1563 1456 Tanta
1602 1414 1676 1456 est
1714 1408 1963 1457 inclinatio
2018 1410 2231 1456 maxima
2273 1407 2495 1471 limitum,
2531 1428 2539 1436 ·

238 1487 424 1544 quanta
460 1486 510 1530 et
547 1482 777 1544 aequatio
815 1483 1051 1541 maxima,
1091 1495 1150 1530 ex
1190 1483 1354 1544 optica
1392 1487 1440 1529 et
1476 1480 1682 1545 physica
1717 1481 1937 1543 partibus
1977 1483 2278 1546 composita,
2332 1482 2496 1544 perio-

241 1554 378 1603 dicae
417 1568 503 1602 εει]
542 1553 733 1603 solutae
772 1554 1140 1617 inaequalitatis
1179 1553 1323 1602 modo
1364 1555 1678 1618 praemissae,
1718 1554 1903 1602 scilicet
1931 1554 1959 1602 5
1987 1554 2255 1618 graduum3
2296 1554 2345 1602 id
2382 1567 2498 1602 vero

236 1634 356 1676 tunc.
389 1626 710 1688 solummodO,
751 1641 858 1676 cum
899 1634 948 1676 et
984 1626 1123 1675 limes
1163 1633 1210 1675 et
1247 1626 1503 1689 longitudo
1544 1626 1704 1675 media
1730 1627 1777 1674 in
1817 1626 2004 1690 copulis
2030 1628 2317 1676 consistunt.
2369 1627 2494 1676 Nam

237 1701 374 1749 extra
410 1699 610 1763 copulas
648 1706 853 1763 utraque
891 1699 944 1748 fit
981 1699 1152 1762 maj0r,
1190 1706 1292 1747 tam
1331 1699 1539 1748 latitudo
1579 1699 1745 1748 limitis
1784 1701 2021 1760 maxima,
2075 1715 2220 1764 quam
2268 1701 2497 1762 aequatio

237 1775 479 1835 maxima3
526 1772 612 1822 sed
651 1781 766 1822 tunc
805 1787 1030 1836 quaeque
1069 1787 1160 1821 sua
1198 1773 1500 1836 quantitate,
1548 1778 1603 1821 ut
1639 1775 1710 1822 sic
1749 1779 1883 1823 extra
1924 1773 2125 1842 copulas
2165 1771 2498 1823 consideratae

243 1860 339 1895 non
379 1846 588 1910 amplius
626 1848 751 1894 inter
788 1861 841 1895 se
879 1852 1109 1895 maneant
1147 1845 1394 1909 aequales.

387 1919 444 1968 Si
489 1934 596 1968 non
640 1934 833 1983 semper
880 1925 948 1967 est
998 1918 1170 1967 eadem
1218 1919 1433 1968 latitudo
1481 1932 1568 1966 seu
1605 1919 1871 1967 inclinatio
1916 1918 2136 1967 limitum
2178 1917 2248 1967 ad
2278 1918 2497 1981 planum

238 1994 505 2055 eclipticae,
545 2007 723 2042 annon
761 1998 1015 2042 tortuosus
1048 1992 1131 2055 fiet
1166 1993 1384 2041 circulus
1432 1997 1724 2054 superstans
1759 1991 1952 2040 orbitae
1989 1990 2171 2040 Lunae
2220 1991 2312 2039 sub
2345 1991 2458 2054 fiscis
2473 1989 2498 2039 P

241 2066 371 2114 Toto
412 2065 494 2114 illo
533 2080 723 2126 mense,
777 2068 823 2112 in
864 2079 961 2128 quo
999 2065 1180 2114 limites
1218 2071 1417 2114 manent
1455 2065 1502 2111 in
1544 2063 1731 2128 copulis
1772 2060 1839 2128 (in
1881 2070 2116 2126 quantum
2157 2063 2354 2127 quidem
2393 2068 2501 2111 mai-

208 2200 211 2201 ⁷
242 2138 395 2202 nent),
438 2151 605 2187 omnes
634 2137 801 2187 Lunae
828 2137 1112 2186 latitudines
1147 2137 1434 2186 ordinantur
1458 2137 1550 2185 sub
1589 2136 1795 2185 eundem
1822 2138 2041 2199 proxime
2082 2136 2313 2186 circulum
2340 2138 2500 2185 maxi-

242 2226 399 2259 mum:
447 2217 500 2260 ut
551 2212 620 2260 sic
674 2211 905 2274 angulus,
959 2225 1056 2273 quo
1107 2210 1307 2274 planum
1361 2211 1547 2259 orbitae
1585 2208 1647 2257 ad
1679 2209 1882 2273 planum
1932 2211 2185 2273 eclipticae
2224 2209 2500 2269 inclinatur,
2543 2205 2547 2220 '

244 2291 348 2333 toto
385 2283 472 2332 illo
511 2298 675 2332 mense
713 2290 908 2332 maneat
959 2298 1106 2346 quam
1159 2285 1375 2347 proxime
1428 2277 1670 2331 constans.
1747 2282 1814 2330 At
1866 2297 1973 2331 cum
2027 2282 2246 2345 digressu
2294 2282 2502 2330 limitum

245 2373 270 2406 e
310 2357 499 2420 copulis
538 2363 745 2418 augetur
782 2357 861 2405 hic
898 2356 1109 2418 angulus
1147 2357 1495 2413 inclinationis,
1535 2361 1584 2403 et
1621 2361 1736 2407 tunc
1773 2355 2054 2404 latitudines
2092 2354 2264 2404 Lunae
2301 2369 2386 2419 per
2411 2352 2504 2403 ali-

244 2445 390 2493 quem
427 2443 642 2478 mensem
682 2435 837 2478 totum
874 2431 1033 2478 minus
1070 2430 1328 2492 minusque
1369 2427 1612 2493 quadrant
1656 2429 1747 2476 sub
1798 2442 1945 2476 unum
1995 2428 2229 2476 circulum
2269 2428 2503 2492 sphaerae

243 2505 522 2564 maximum,
566 2502 720 2551 donec
757 2502 934 2551 limites
974 2503 1367 2566 appropinquent
1406 2501 1618 2565 quadris.
1694 2500 1834 2549 Tunc
1859 2503 1897 2548 si
1939 2500 2118 2550 limites
2144 2502 2192 2548 in
2234 2502 2352 2563 ipsis
2379 2515 2536 2564 qua-3

246 2576 342 2624 dris
385 2583 433 2624 et
470 2577 541 2624 sic
579 2574 693 2624 nodi
734 2577 782 2622 in
822 2575 1010 2638 copulis
1048 2576 1240 2636 suerint,
1282 2575 1440 2624 orbita
1478 2574 1648 2623 Lunae
1685 2588 1874 2622 rursum
1911 2575 2130 2638 proxime
2171 2573 2378 2637 quadrat
2416 2572 2504 2622 sub

245 2648 474 2699 circulum
517 2651 811 2714 maximum,
864 2647 949 2698 sed
988 2647 1358 2697 inclinatiorem.
1434 2648 1512 2696 Ita
1549 2646 1743 2696 libratio
1784 2646 1905 2695 haec
1943 2647 2083 2696 tarda
2122 2652 2170 2696 et
2208 2645 2531 2717 semestralis.

245 2723 472 2783 efficitur,
528 2721 588 2771 de
645 2736 743 2785 qua
800 2722 946 2784 infra3
1005 2723 1054 2769 in
1105 2736 1201 2770 uno
1258 2729 1375 2771 'vero
1427 2726 1673 2770 menstruo
1726 2721 1929 2769 circuitu
1984 2720 2152 2770 Lunae
2204 2734 2356 2784 prope
2407 2732 2525 2768 non¹

247 2797 467 2844 sentitur.

397 2867 658 2932 Quomodo
692 2867 1020 2930 peculiariter
1058 2866 1389 2929 appellantur
1427 2865 1610 2915 Lunae
1646 2864 1769 2915 nodi
1819 2865 2137 2929 limitesque?
2187 2864 2395 2914 Nomina
2446 2862 2516 2942 iiq

246 2941 560 2991 Ptolemaeus
599 2939 770 2990 eadem
810 2940 923 2989 fecit
962 2941 1008 2986 in
1047 2939 1217 3000 Luna,
1274 2953 1400 3002 quae
1441 2941 1486 2986 in
1527 2938 1736 3004 planetis
1775 2940 1948 2989 ceteris
1984 2939 2240 3002 primariis
2322 2938 2504 2988 Arabes

248 3028 362 3063 vero
403 3019 690 3075 συνδεσμους
726 3013 912 3062 Lunae.
952 3011 1293 3061 ascendentem
1333 3011 1527 3075 quidem
1566 3027 1652 3061 seu
1691 3007 2045 3076 ἀναβιβαζωτα
2101 3017 2248 3074 caput
2287 3007 2504 3061 draconis

249 3087 524 3150 appellant,
581 3086 954 3135 descendentem
1006 3099 1093 3134 seu
1141 3082 1527 3149 καταβιβαζοντα
1588 3084 1818 3146 caudam,
1873 3083 2074 3132 limitem
2133 3098 2249 3132 vero
2289 3089 2505 3133 ventrem

250 3158 502 3222 draconis;
542 3159 768 3208 videntur
806 3159 965 3208 dicere
1006 3157 1221 3207 voluisse
1260 3160 1514 3221 serpentis,
1551 3165 1750 3222 propter
1769 3159 1979 3220 speciem
2018 3171 2103 3206 seu
2132 3156 2333 3219 figuram
2359 3154 2504 3242 spati}

250 3234 297 3278 in
337 3232 589 3294 superficie
628 3232 864 3295 sphaerae
902 3231 1132 3292 fixarum,
1187 3233 1443 3296 intercepti
1490 3233 1614 3280 inter
1651 3231 1925 3294 eclipticam
1964 3234 2012 3278 et
2051 3228 2281 3279 circulum
2322 3229 2554 3316 orbitae

253 3304 433 3352 Lunari
484 3311 868 3367 superstantem3
918 3305 1047 3353 hoc
1063 3305 1189 3353 enim
1243 3307 1455 3368 spatium
1495 3305 1663 3368 incipit
1701 3305 1764 3352 ab
1803 3303 2053 3362 acumine,
2107 3301 2243 3351 velut
2281 3317 2312 3350 a
2348 3306 2499 3350 rostro
2550 3278 2554 3384 ἕ

252 3379 488 3440 serpentis
526 3393 615 3426 nec
664 3378 810 3426 latius
846 3378 899 3426 fit
936 3380 986 3426 in
1023 3377 1183 3426 medio
1223 3392 1369 3440 quam
1412 3374 1482 3438 5⁰,
1541 3392 1650 3426 cum
1674 3378 1752 3425 sit
1787 3375 1986 3438 longum
2029 3373 2176 3435 180⁰,
2233 3357 2554 3445 desinitque

253 3450 302 3496 in
340 3449 473 3497 aliud
512 3464 742 3510 acumen,
783 3452 936 3499 veluti
975 3451 1023 3497 in
1063 3449 1270 3499 caudam
1307 3452 1561 3514 serpentis.
1636 3451 1816 3511 Inspice
1855 3451 2038 3496 schema
2078 3451 2192 3496 libro
2232 3451 2309 3496 IV.
2339 3451 2396 3495 N.
2435 3450 2503 3495 71.

224 3517 228 3519 “
252 3517 332 3563 εεᾱ
361 3518 483 3574 finge
513 3517 559 3560 id
591 3531 690 3563 esse
720 3519 765 3562 in
797 3519 1036 3576 superficie
1067 3519 1318 3576 sphaerica.
2547 3483 2554 3547 ⁴

403 3593 662 3656 Quomodo
698 3598 781 3643 siti
816 3602 934 3644 sunt
969 3596 1093 3646 nodi
1128 3598 1185 3643 in
1223 3595 1416 3644 Luna?
1451 3594 1589 3645 Sicut
1614 3596 1663 3642 in
1699 3593 1912 3659 planetis
1951 3594 2122 3642 ceteris
2160 3593 2399 3654 primariis
2425 3559 2502 3637 siti
2545 3568 2554 3637 l

254 3671 365 3716 sunt
402 3665 518 3714 nodi
556 3666 700 3714 ambo
740 3681 849 3714 cum
901 3675 1063 3717 centro
1103 3668 1232 3718 Solis
1283 3670 1331 3716 in
1372 3668 1541 3717 eadem
1580 3667 1711 3716 linea
1747 3672 1902 3726 recta,
1956 3667 2026 3714 sic
2064 3664 2209 3713 iidem
2248 3667 2295 3711 in
2335 3641 2554 3711 Lunae¹
2542 3709 2551 3745 Ι

255 3740 443 3789 theoria
483 3752 590 3786 cum
629 3744 791 3786 centro
831 3739 1008 3789 Terrae
1047 3743 1094 3787 in
1136 3740 1337 3790 eandem
1364 3747 1557 3790 rectam
1599 3745 1893 3801 competunt.
2540 3765 2550 3826 ξ

401 3811 580 3873 Qualis
633 3817 678 3858 et
731 3818 952 3872 quantus
1001 3820 1068 3860 est
1115 3821 1279 3862 motus
1327 3813 1580 3862 nodorum
1619 3813 1696 3859 vel
1734 3810 1993 3859 limitum?
2048 3809 2310 3857 Moventur
2345 3777 2548 3888 lineae-¹

255 3879 491 3933 nodorum
517 3885 607 3933 sub
646 3883 883 3946 ecliptica,
924 3884 1002 3932 vel
1041 3886 1245 3933 limitum
1284 3887 1376 3934 sub
1416 3887 1670 3948 eclipticas
1708 3882 1955 3948 parallelis
1995 3884 2042 3929 in
2081 3884 2326 3945 signorum
2365 3884 2503 3929 ante·
2539 3895 2547 3974 ξ’
