<?xml version="1.0" encoding="UTF-8"?>
<!DOCTYPE html PUBLIC "-//W3C//DTD XHTML 1.0 Transitional//EN"
    "http://www.w3.org/TR/xhtml1/DTD/xhtml1-transitional.dtd">
<html xmlns="http://www.w3.org/1999/xhtml" xml:lang="en" lang="en">
 <head>
  <title>
</title>
<meta http-equiv="Content-Type" content="text/html;charset=utf-8" />
  <meta name='ocr-system' content='tesseract 3.04.00' />
  <meta name='ocr-capabilities' content='ocr_page ocr_carea ocr_par ocr_line ocrx_word'/>
</head>
<body>
  <div class='ocr_page' id='page_1' title='image "./operaomniaedidit06kepluoft_0392.png"; bbox 0 0 2554 4140; ppageno 0'>
   <div class='ocr_carea' id='block_1_1' title="bbox 218 166 1628 224">
    <p class='ocr_par' dir='ltr' id='par_1_1' title="bbox 218 166 1628 224">
     <span class='ocr_line' id='line_1_1' title="bbox 218 166 1628 224; baseline -0.004 -6"><span class='ocrx_word' id='word_1_1' title='bbox 218 170 246 218; x_wconf 86' lang='lat'><strong>3</strong></span> <span class='ocrx_word' id='word_1_2' title='bbox 258 172 284 218; x_wconf 90' lang='grc'><strong>7</strong></span> <span class='ocrx_word' id='word_1_3' title='bbox 293 170 322 218; x_wconf 91' lang='grc'>8</span> <span class='ocrx_word' id='word_1_4' title='bbox 1047 166 1280 224; x_wconf 86' lang='lat' dir='ltr'><strong>Epitomes</strong></span> <span class='ocrx_word' id='word_1_5' title='bbox 1310 167 1628 213; x_wconf 84' lang='lat' dir='ltr'><strong>Astronomiae</strong></span> 
     </span>
    </p>
   </div>
   <div class='ocr_carea' id='block_1_2' title="bbox 205 313 2554 3954">
    <p class='ocr_par' dir='ltr' id='par_1_2' title="bbox 211 313 2471 946">
     <span class='ocr_line' id='line_1_2' title="bbox 215 313 2467 381; baseline 0 -17"><span class='ocrx_word' id='word_1_6' title='bbox 215 313 392 374; x_wconf 88' lang='lat' dir='ltr'><strong>Solem,</strong></span> <span class='ocrx_word' id='word_1_7' title='bbox 432 318 485 362; x_wconf 89' lang='lat' dir='ltr'><strong>at</strong></span> <span class='ocrx_word' id='word_1_8' title='bbox 519 314 678 377; x_wconf 88' lang='lat' dir='ltr'><strong>pergit</strong></span> <span class='ocrx_word' id='word_1_9' title='bbox 716 328 928 365; x_wconf 87' lang='lat' dir='ltr'><strong>crescere</strong></span> <span class='ocrx_word' id='word_1_10' title='bbox 969 313 1202 366; x_wconf 89' lang='lat' dir='ltr'><strong>velocitas</strong></span> <span class='ocrx_word' id='word_1_11' title='bbox 1226 318 1554 381; x_wconf 84' lang='lat' dir='ltr'><strong>provectionis</strong></span> <span class='ocrx_word' id='word_1_12' title='bbox 1592 317 1639 362; x_wconf 91' lang='lat' dir='ltr'><strong>in</strong></span> <span class='ocrx_word' id='word_1_13' title='bbox 1681 314 1926 375; x_wconf 91' lang='lat' dir='ltr'><strong>circulum,</strong></span> <span class='ocrx_word' id='word_1_14' title='bbox 1968 315 2147 378; x_wconf 84' lang='lat' dir='ltr'>quippe</span> <span class='ocrx_word' id='word_1_15' title='bbox 2181 314 2341 364; x_wconf 89' lang='lat' dir='ltr'><strong>adhuc</strong></span> <span class='ocrx_word' id='word_1_16' title='bbox 2380 314 2467 365; x_wconf 85' lang='lat' dir='ltr'><strong>de-</strong></span> 
     </span>
     <span class='ocr_line' id='line_1_3' title="bbox 217 386 2467 453; baseline 0 -17"><span class='ocrx_word' id='word_1_17' title='bbox 217 391 460 436; x_wconf 80' lang='lat' dir='ltr'><strong>crescente</strong></span> <span class='ocrx_word' id='word_1_18' title='bbox 496 387 606 449; x_wconf 90' lang='lat' dir='ltr'><strong>(per</strong></span> <span class='ocrx_word' id='word_1_19' title='bbox 643 386 922 453; x_wconf 88' lang='lat' dir='ltr'><strong>attractum)</strong></span> <span class='ocrx_word' id='word_1_20' title='bbox 969 390 1227 438; x_wconf 87' lang='lat' dir='ltr'><strong>intervallo</strong></span> <span class='ocrx_word' id='word_1_21' title='bbox 1278 391 1404 438; x_wconf 89' lang='lat' dir='ltr'><strong>inter</strong></span> <span class='ocrx_word' id='word_1_22' title='bbox 1440 389 1690 452; x_wconf 82' lang='lat' dir='ltr'><strong>planetam</strong></span> <span class='ocrx_word' id='word_1_23' title='bbox 1729 398 1777 438; x_wconf 91' lang='lat' dir='ltr'><strong>et</strong></span> <span class='ocrx_word' id='word_1_24' title='bbox 1814 387 1995 436; x_wconf 90' lang='lat' dir='ltr'><strong>Solem.</strong></span> <span class='ocrx_word' id='word_1_25' title='bbox 2068 388 2208 437; x_wconf 89' lang='lat' dir='ltr'><strong>Haec</strong></span> <span class='ocrx_word' id='word_1_26' title='bbox 2244 389 2467 437; x_wconf 82' lang='lat' dir='ltr'><strong>remissio</strong></span> 
     </span>
     <span class='ocr_line' id='line_1_4' title="bbox 217 461 2468 525; baseline 0 -18"><span class='ocrx_word' id='word_1_27' title='bbox 217 465 452 507; x_wconf 89' lang='lat' dir='ltr'><strong>attractus</strong></span> <span class='ocrx_word' id='word_1_28' title='bbox 490 461 627 508; x_wconf 89' lang='lat' dir='ltr'><strong>initio</strong></span> <span class='ocrx_word' id='word_1_29' title='bbox 665 466 778 523; x_wconf 92' lang='lat' dir='ltr'><strong>post</strong></span> <span class='ocrx_word' id='word_1_30' title='bbox 805 461 842 509; x_wconf 86' lang='lat' dir='ltr'>C</span> <span class='ocrx_word' id='word_1_31' title='bbox 867 476 990 524; x_wconf 91' lang='lat' dir='ltr'><strong>pene</strong></span> <span class='ocrx_word' id='word_1_32' title='bbox 1028 463 1162 523; x_wconf 88' lang='lat' dir='ltr'><strong>nihil,</strong></span> <span class='ocrx_word' id='word_1_33' title='bbox 1200 477 1315 511; x_wconf 88' lang='lat' dir='ltr'><strong>mox</strong></span> <span class='ocrx_word' id='word_1_34' title='bbox 1352 464 1510 525; x_wconf 87' lang='lat' dir='ltr'><strong>magis</strong></span> <span class='ocrx_word' id='word_1_35' title='bbox 1550 467 1698 524; x_wconf 91' lang='lat' dir='ltr'><strong>atque</strong></span> <span class='ocrx_word' id='word_1_36' title='bbox 1736 463 1892 523; x_wconf 89' lang='lat' dir='ltr'><strong>magis</strong></span> <span class='ocrx_word' id='word_1_37' title='bbox 1929 462 2148 521; x_wconf 86' lang='lat' dir='ltr'><strong>sentitur,</strong></span> <span class='ocrx_word' id='word_1_38' title='bbox 2189 475 2286 523; x_wconf 89' lang='lat' dir='ltr'><strong>quo</strong></span> <span class='ocrx_word' id='word_1_39' title='bbox 2312 462 2468 523; x_wconf 84' lang='lat' dir='ltr'><strong>magis</strong></span> 
     </span>
     <span class='ocr_line' id='line_1_5' title="bbox 212 522 2467 598; baseline 0.001 -20"><span class='ocrx_word' id='word_1_40' title='bbox 212 533 407 581; x_wconf 89' lang='lat' dir='ltr'><strong>inimica</strong></span> <span class='ocrx_word' id='word_1_41' title='bbox 442 532 670 595; x_wconf 88' lang='lat' dir='ltr'><strong>planetae</strong></span> <span class='ocrx_word' id='word_1_42' title='bbox 706 548 819 596; x_wconf 89' lang='lat' dir='ltr'><strong>pars</strong></span> <span class='ocrx_word' id='word_1_43' title='bbox 868 549 976 583; x_wconf 89' lang='lat' dir='ltr'><strong>sese</strong></span> <span class='ocrx_word' id='word_1_44' title='bbox 1025 536 1200 584; x_wconf 82' lang='lat' dir='ltr'><strong>exserit</strong></span> <span class='ocrx_word' id='word_1_45' title='bbox 1235 535 1438 598; x_wconf 88' lang='lat' dir='ltr'><strong>Solique</strong></span> <span class='ocrx_word' id='word_1_46' title='bbox 1485 534 1877 598; x_wconf 88' lang='lat' dir='ltr'><strong>conspiciendam</strong></span> <span class='ocrx_word' id='word_1_47' title='bbox 1914 522 2144 596; x_wconf 75' lang='lat' dir='ltr'><strong>praebet,</strong></span> <span class='ocrx_word' id='word_1_48' title='bbox 2196 548 2364 582; x_wconf 82' lang='lat' dir='ltr'><strong>versus</strong></span> <span class='ocrx_word' id='word_1_49' title='bbox 2407 534 2467 594; x_wconf 93' lang='lat' dir='ltr'><strong>D,</strong></span> 
     </span>
     <span class='ocr_line' id='line_1_6' title="bbox 215 604 2470 670; baseline 0.001 -18"><span class='ocrx_word' id='word_1_50' title='bbox 215 604 367 654; x_wconf 88' lang='lat' dir='ltr'><strong>donec</strong></span> <span class='ocrx_word' id='word_1_51' title='bbox 394 607 597 654; x_wconf 84' lang='lat' dir='ltr'><strong>semisse</strong></span> <span class='ocrx_word' id='word_1_52' title='bbox 636 607 864 655; x_wconf 84' lang='lat' dir='ltr'><strong>circuitus</strong></span> <span class='ocrx_word' id='word_1_53' title='bbox 890 614 1085 670; x_wconf 88' lang='lat' dir='ltr'><strong>peracto</strong></span> <span class='ocrx_word' id='word_1_54' title='bbox 1114 609 1162 654; x_wconf 92' lang='lat' dir='ltr'><strong>in</strong></span> <span class='ocrx_word' id='word_1_55' title='bbox 1189 607 1228 655; x_wconf 88' lang='lat' dir='ltr'>E</span> <span class='ocrx_word' id='word_1_56' title='bbox 1253 622 1442 656; x_wconf 89' lang='lat' dir='ltr'><strong>rursum</strong></span> <span class='ocrx_word' id='word_1_57' title='bbox 1481 613 1739 670; x_wconf 86' lang='lat' dir='ltr'><strong>utrumque</strong></span> <span class='ocrx_word' id='word_1_58' title='bbox 1764 606 1898 670; x_wconf 87' lang='lat' dir='ltr'><strong>globi</strong></span> <span class='ocrx_word' id='word_1_59' title='bbox 1938 605 2285 655; x_wconf 85' lang='lat' dir='ltr'><strong>transvolantis</strong></span> <span class='ocrx_word' id='word_1_60' title='bbox 2314 606 2470 654; x_wconf 90' lang='lat' dir='ltr'><strong>hemi-</strong></span> 
     </span>
     <span class='ocr_line' id='line_1_7' title="bbox 212 677 2470 742; baseline 0.001 -17"><span class='ocrx_word' id='word_1_61' title='bbox 212 677 492 739; x_wconf 89' lang='lat' dir='ltr'><strong>sphaerium</strong></span> <span class='ocrx_word' id='word_1_62' title='bbox 529 679 801 741; x_wconf 89' lang='lat' dir='ltr'><strong>aequaliter</strong></span> <span class='ocrx_word' id='word_1_63' title='bbox 837 679 1001 728; x_wconf 90' lang='lat' dir='ltr'><strong>Solem</strong></span> <span class='ocrx_word' id='word_1_64' title='bbox 1038 686 1250 742; x_wconf 84' lang='lat' dir='ltr'><strong>spectet,</strong></span> <span class='ocrx_word' id='word_1_65' title='bbox 1290 688 1406 729; x_wconf 87' lang='lat' dir='ltr'><strong>tunc</strong></span> <span class='ocrx_word' id='word_1_66' title='bbox 1444 682 1572 730; x_wconf 90' lang='lat' dir='ltr'><strong>enim</strong></span> <span class='ocrx_word' id='word_1_67' title='bbox 1610 686 1769 729; x_wconf 88' lang='lat' dir='ltr'><strong>cessat</strong></span> <span class='ocrx_word' id='word_1_68' title='bbox 1808 681 1962 727; x_wconf 90' lang='lat' dir='ltr'><strong>omnis</strong></span> <span class='ocrx_word' id='word_1_69' title='bbox 2000 684 2235 728; x_wconf 87' lang='lat' dir='ltr'><strong>attractus</strong></span> <span class='ocrx_word' id='word_1_70' title='bbox 2272 686 2321 727; x_wconf 85' lang='lat' dir='ltr'><strong>et</strong></span> <span class='ocrx_word' id='word_1_71' title='bbox 2357 679 2470 742; x_wconf 87' lang='lat' dir='ltr'><strong>pla-</strong></span> 
     </span>
     <span class='ocr_line' id='line_1_8' title="bbox 211 749 2471 816; baseline 0.001 -18"><span class='ocrx_word' id='word_1_72' title='bbox 211 756 326 799; x_wconf 88' lang='lat' dir='ltr'><strong>neta</strong></span> <span class='ocrx_word' id='word_1_73' title='bbox 376 755 450 799; x_wconf 89' lang='lat' dir='ltr'><strong>est</strong></span> <span class='ocrx_word' id='word_1_74' title='bbox 495 749 598 800; x_wconf 86' lang='lat' dir='ltr'><strong>Soli</strong></span> <span class='ocrx_word' id='word_1_75' title='bbox 643 754 890 814; x_wconf 90' lang='lat' dir='ltr'><strong>proximus</strong></span> <span class='ocrx_word' id='word_1_76' title='bbox 945 767 1100 815; x_wconf 90' lang='lat' dir='ltr'><strong>eoque</strong></span> <span class='ocrx_word' id='word_1_77' title='bbox 1150 758 1198 801; x_wconf 93' lang='lat' dir='ltr'><strong>et</strong></span> <span class='ocrx_word' id='word_1_78' title='bbox 1248 753 1609 814; x_wconf 87' lang='lat' dir='ltr'><strong>velocissimus,</strong></span> <span class='ocrx_word' id='word_1_79' title='bbox 1661 755 1842 816; x_wconf 85' lang='lat' dir='ltr'><strong>quippe</strong></span> <span class='ocrx_word' id='word_1_80' title='bbox 1889 753 1972 814; x_wconf 91' lang='lat' dir='ltr'><strong>qui</strong></span> <span class='ocrx_word' id='word_1_81' title='bbox 2020 766 2129 800; x_wconf 92' lang='lat' dir='ltr'><strong>cum</strong></span> <span class='ocrx_word' id='word_1_82' title='bbox 2183 751 2471 800; x_wconf 88' lang='lat' dir='ltr'><strong>densissima</strong></span> 
     </span>
     <span class='ocr_line' id='line_1_9' title="bbox 213 824 2469 909; baseline 0 -37"><span class='ocrx_word' id='word_1_83' title='bbox 213 837 370 909; x_wconf 74' lang='lat' dir='ltr'><strong>eoque</strong></span> <span class='ocrx_word' id='word_1_84' title='bbox 417 828 466 872; x_wconf 91' lang='lat' dir='ltr'><strong>et</strong></span> <span class='ocrx_word' id='word_1_85' title='bbox 514 824 778 873; x_wconf 79' lang='lat' dir='ltr'><strong>fortissima</strong></span> <span class='ocrx_word' id='word_1_86' title='bbox 827 826 1007 874; x_wconf 83' lang='lat' dir='ltr'><strong>virtute</strong></span> <span class='ocrx_word' id='word_1_87' title='bbox 1054 831 1312 888; x_wconf 87' lang='lat' dir='ltr'><strong>prensante</strong></span> <span class='ocrx_word' id='word_1_88' title='bbox 1361 826 1662 876; x_wconf 89' lang='lat' dir='ltr'><strong>conflictatur</strong></span> <span class='ocrx_word' id='word_1_89' title='bbox 1720 838 1875 887; x_wconf 84' lang='lat' dir='ltr'><strong>exque</strong></span> <span class='ocrx_word' id='word_1_90' title='bbox 1923 839 1982 873; x_wconf 90' lang='lat' dir='ltr'><strong>ea</strong></span> <span class='ocrx_word' id='word_1_91' title='bbox 2034 827 2358 874; x_wconf 88' lang='lat' dir='ltr'><strong>circumeunte</strong></span> <span class='ocrx_word' id='word_1_92' title='bbox 2416 839 2469 872; x_wconf 90' lang='lat' dir='ltr'><strong>se</strong></span> 
     </span>
     <span class='ocr_line' id='line_1_10' title="bbox 212 898 721 946; baseline 0.004 -2"><span class='ocrx_word' id='word_1_93' title='bbox 212 898 466 945; x_wconf 91' lang='lat' dir='ltr'><strong>minimum</strong></span> <span class='ocrx_word' id='word_1_94' title='bbox 505 899 721 946; x_wconf 85' lang='lat' dir='ltr'><strong>extricat.</strong></span> 
     </span>
    </p>

    <p class='ocr_par' dir='ltr' id='par_1_3' title="bbox 207 968 2543 1764">
     <span class='ocr_line' id='line_1_11' title="bbox 360 968 2464 1033; baseline -0 -15"><span class='ocrx_word' id='word_1_95' title='bbox 360 968 535 1018; x_wconf 84' lang='lat' dir='ltr'><strong>Statim</strong></span> <span class='ocrx_word' id='word_1_96' title='bbox 574 976 736 1020; x_wconf 89' lang='lat' dir='ltr'><strong>autem</strong></span> <span class='ocrx_word' id='word_1_97' title='bbox 774 970 950 1031; x_wconf 88' lang='lat' dir='ltr'><strong>globus</strong></span> <span class='ocrx_word' id='word_1_98' title='bbox 988 976 1350 1033; x_wconf 88' lang='lat' dir='ltr'><strong>praetervectus</strong></span> <span class='ocrx_word' id='word_1_99' title='bbox 1389 971 1519 1020; x_wconf 88' lang='lat' dir='ltr'><strong>hunc</strong></span> <span class='ocrx_word' id='word_1_100' title='bbox 1555 971 1745 1019; x_wconf 86' lang='lat' dir='ltr'><strong>orbitae</strong></span> <span class='ocrx_word' id='word_1_101' title='bbox 1783 984 1903 1018; x_wconf 90' lang='lat' dir='ltr'><strong>suae</strong></span> <span class='ocrx_word' id='word_1_102' title='bbox 1941 969 2103 1018; x_wconf 91' lang='lat' dir='ltr'><strong>locum</strong></span> <span class='ocrx_word' id='word_1_103' title='bbox 2140 970 2181 1017; x_wconf 82' lang='lat' dir='ltr'><strong>E</strong></span> <span class='ocrx_word' id='word_1_104' title='bbox 2207 984 2379 1018; x_wconf 86' lang='lat' dir='ltr'><strong>versus</strong></span> <span class='ocrx_word' id='word_1_105' title='bbox 2407 970 2464 1029; x_wconf 69' lang='lat'><strong>1⁴,</strong></span> 
     </span>
     <span class='ocr_line' id='line_1_12' title="bbox 215 1042 2468 1108; baseline -0 -17"><span class='ocrx_word' id='word_1_106' title='bbox 215 1043 331 1105; x_wconf 91' lang='lat' dir='ltr'><strong>quia</strong></span> <span class='ocrx_word' id='word_1_107' title='bbox 363 1042 469 1105; x_wconf 60' lang='lat' dir='ltr'><strong>⁸iam</strong></span> <span class='ocrx_word' id='word_1_108' title='bbox 507 1043 690 1092; x_wconf 83' lang='lat' dir='ltr'><strong>discors</strong></span> <span class='ocrx_word' id='word_1_109' title='bbox 729 1043 1140 1106; x_wconf 87' lang='lat' dir='ltr'><strong>hemisphaerium</strong></span> <span class='ocrx_word' id='word_1_110' title='bbox 1179 1044 1232 1092; x_wconf 88' lang='lat' dir='ltr'><strong>fit</strong></span> <span class='ocrx_word' id='word_1_111' title='bbox 1255 1044 1361 1094; x_wconf 92' lang='lat' dir='ltr'><strong>Soli</strong></span> <span class='ocrx_word' id='word_1_112' title='bbox 1399 1045 1598 1108; x_wconf 89' lang='lat' dir='ltr'><strong>propius</strong></span> <span class='ocrx_word' id='word_1_113' title='bbox 1639 1044 1795 1091; x_wconf 87' lang='lat' dir='ltr'><strong>amico</strong></span> <span class='ocrx_word' id='word_1_114' title='bbox 1835 1043 2282 1105; x_wconf 81' lang='lat' dir='ltr'><strong>alterovergitque</strong></span> <span class='ocrx_word' id='word_1_115' title='bbox 2307 1043 2468 1105; x_wconf 87' lang='lat' dir='ltr'><strong>magis</strong></span> 
     </span>
     <span class='ocr_line' id='line_1_13' title="bbox 212 1114 2470 1180; baseline -0 -16"><span class='ocrx_word' id='word_1_116' title='bbox 212 1122 360 1179; x_wconf 88' lang='lat' dir='ltr'><strong>atque</strong></span> <span class='ocrx_word' id='word_1_117' title='bbox 408 1117 565 1178; x_wconf 86' lang='lat' dir='ltr'><strong>magis</strong></span> <span class='ocrx_word' id='word_1_118' title='bbox 615 1115 678 1164; x_wconf 92' lang='lat' dir='ltr'><strong>ad</strong></span> <span class='ocrx_word' id='word_1_119' title='bbox 716 1115 907 1165; x_wconf 89' lang='lat' dir='ltr'><strong>Solem:</strong></span> <span class='ocrx_word' id='word_1_120' title='bbox 959 1116 1161 1180; x_wconf 85' lang='lat' dir='ltr'><strong>planeta</strong></span> <span class='ocrx_word' id='word_1_121' title='bbox 1213 1119 1360 1167; x_wconf 84' lang='lat' dir='ltr'><strong>ctiam</strong></span> <span class='ocrx_word' id='word_1_122' title='bbox 1398 1118 1568 1179; x_wconf 89' lang='lat' dir='ltr'><strong>incipit</strong></span> <span class='ocrx_word' id='word_1_123' title='bbox 1606 1132 1635 1164; x_wconf 89' lang='lat' dir='ltr'><strong>a</strong></span> <span class='ocrx_word' id='word_1_124' title='bbox 1673 1115 1789 1164; x_wconf 90' lang='lat' dir='ltr'><strong>Sole</strong></span> <span class='ocrx_word' id='word_1_125' title='bbox 1830 1114 2042 1176; x_wconf 88' lang='lat' dir='ltr'><strong>extrudi,</strong></span> <span class='ocrx_word' id='word_1_126' title='bbox 2102 1115 2240 1164; x_wconf 88' lang='lat' dir='ltr'><strong>velut</strong></span> <span class='ocrx_word' id='word_1_127' title='bbox 2279 1130 2338 1163; x_wconf 87' lang='lat' dir='ltr'><strong>cx</strong></span> <span class='ocrx_word' id='word_1_128' title='bbox 2378 1130 2470 1164; x_wconf 89' lang='lat' dir='ltr'><strong>an·</strong></span> 
     </span>
     <span class='ocr_line' id='line_1_14' title="bbox 210 1187 2470 1255; baseline -0 -18"><span class='ocrx_word' id='word_1_129' title='bbox 210 1189 425 1252; x_wconf 88' lang='lat' dir='ltr'><strong>gustiore</strong></span> <span class='ocrx_word' id='word_1_130' title='bbox 464 1194 512 1237; x_wconf 90' lang='lat' dir='ltr'><strong>et</strong></span> <span class='ocrx_word' id='word_1_131' title='bbox 551 1187 776 1255; x_wconf 83' lang='lat' dir='ltr'><strong>densiore</strong></span> <span class='ocrx_word' id='word_1_132' title='bbox 811 1190 993 1252; x_wconf 90' lang='lat' dir='ltr'><strong>speciei</strong></span> <span class='ocrx_word' id='word_1_133' title='bbox 1016 1189 1202 1239; x_wconf 88' lang='lat' dir='ltr'><strong>Solaris</strong></span> <span class='ocrx_word' id='word_1_134' title='bbox 1243 1192 1358 1240; x_wconf 91' lang='lat' dir='ltr'><strong>orbe</strong></span> <span class='ocrx_word' id='word_1_135' title='bbox 1398 1192 1446 1237; x_wconf 90' lang='lat' dir='ltr'><strong>in</strong></span> <span class='ocrx_word' id='word_1_136' title='bbox 1485 1189 1786 1252; x_wconf 87' lang='lat' dir='ltr'><strong>ampliorem,</strong></span> <span class='ocrx_word' id='word_1_137' title='bbox 1826 1189 2056 1237; x_wconf 88' lang='lat' dir='ltr'><strong>rariorem</strong></span> <span class='ocrx_word' id='word_1_138' title='bbox 2090 1194 2140 1236; x_wconf 89' lang='lat' dir='ltr'><strong>et</strong></span> <span class='ocrx_word' id='word_1_139' title='bbox 2167 1188 2470 1248; x_wconf 89' lang='lat' dir='ltr'><strong>debiliorem,</strong></span> 
     </span>
     <span class='ocr_line' id='line_1_15' title="bbox 211 1260 2471 1326; baseline 0 -16"><span class='ocrx_word' id='word_1_140' title='bbox 211 1261 339 1310; x_wconf 89' lang='lat' dir='ltr'><strong>unde</strong></span> <span class='ocrx_word' id='word_1_141' title='bbox 391 1260 696 1310; x_wconf 89' lang='lat' dir='ltr'><strong>decrementa</strong></span> <span class='ocrx_word' id='word_1_142' title='bbox 748 1263 894 1310; x_wconf 90' lang='lat' dir='ltr'><strong>etiam</strong></span> <span class='ocrx_word' id='word_1_143' title='bbox 944 1269 1105 1311; x_wconf 90' lang='lat' dir='ltr'><strong>motus</strong></span> <span class='ocrx_word' id='word_1_144' title='bbox 1144 1264 1250 1326; x_wconf 89' lang='lat' dir='ltr'><strong>ejus</strong></span> <span class='ocrx_word' id='word_1_145' title='bbox 1287 1269 1557 1326; x_wconf 90' lang='lat' dir='ltr'><strong>sequuntur</strong></span> <span class='ocrx_word' id='word_1_146' title='bbox 1595 1261 1742 1324; x_wconf 90' lang='lat' dir='ltr'><strong>idque</strong></span> <span class='ocrx_word' id='word_1_147' title='bbox 1781 1263 1949 1310; x_wconf 89' lang='lat' dir='ltr'><strong>ordine</strong></span> <span class='ocrx_word' id='word_1_148' title='bbox 1987 1262 2258 1322; x_wconf 90' lang='lat' dir='ltr'><strong>contrario,</strong></span> <span class='ocrx_word' id='word_1_149' title='bbox 2313 1262 2471 1324; x_wconf 90' lang='lat' dir='ltr'><strong>primo</strong></span> 
     </span>
     <span class='ocr_line' id='line_1_16' title="bbox 207 1333 2472 1397; baseline 0 -16"><span class='ocrx_word' id='word_1_150' title='bbox 207 1335 411 1394; x_wconf 86' lang='lat' dir='ltr'><strong>lentius,</strong></span> <span class='ocrx_word' id='word_1_151' title='bbox 460 1339 573 1397; x_wconf 90' lang='lat' dir='ltr'><strong>post</strong></span> <span class='ocrx_word' id='word_1_152' title='bbox 610 1334 651 1382; x_wconf 88' lang='grc' dir='ltr'>Ε</span> <span class='ocrx_word' id='word_1_153' title='bbox 694 1349 862 1383; x_wconf 87' lang='lat' dir='ltr'><strong>versus</strong></span> <span class='ocrx_word' id='word_1_154' title='bbox 902 1335 967 1396; x_wconf 85' lang='lat' dir='ltr'><strong>F,</strong></span> <span class='ocrx_word' id='word_1_155' title='bbox 1017 1335 1128 1385; x_wconf 89' lang='lat' dir='ltr'><strong>inde</strong></span> <span class='ocrx_word' id='word_1_156' title='bbox 1179 1338 1262 1386; x_wconf 93' lang='lat' dir='ltr'><strong>ubi</strong></span> <span class='ocrx_word' id='word_1_157' title='bbox 1310 1342 1468 1385; x_wconf 91' lang='lat' dir='ltr'><strong>totum</strong></span> <span class='ocrx_word' id='word_1_158' title='bbox 1520 1335 1704 1383; x_wconf 89' lang='lat' dir='ltr'><strong>discors</strong></span> <span class='ocrx_word' id='word_1_159' title='bbox 1741 1333 2155 1397; x_wconf 86' lang='lat' dir='ltr'><strong>hemisphaerium</strong></span> <span class='ocrx_word' id='word_1_160' title='bbox 2195 1349 2283 1383; x_wconf 88' lang='lat' dir='ltr'><strong>seu</strong></span> <span class='ocrx_word' id='word_1_161' title='bbox 2321 1333 2472 1397; x_wconf 82' lang='lat' dir='ltr'><strong>plaga</strong></span> 
     </span>
     <span class='ocr_line' id='line_1_17' title="bbox 210 1407 2470 1472; baseline -0.001 -16"><span class='ocrx_word' id='word_1_162' title='bbox 210 1407 438 1456; x_wconf 90' lang='lat' dir='ltr'><strong>fibrarum</strong></span> <span class='ocrx_word' id='word_1_163' title='bbox 488 1413 622 1456; x_wconf 87' lang='lat' dir='ltr'><strong>recta</strong></span> <span class='ocrx_word' id='word_1_164' title='bbox 675 1409 720 1455; x_wconf 91' lang='lat' dir='ltr'><strong>in</strong></span> <span class='ocrx_word' id='word_1_165' title='bbox 762 1407 924 1457; x_wconf 90' lang='lat' dir='ltr'><strong>Solem</strong></span> <span class='ocrx_word' id='word_1_166' title='bbox 966 1407 1202 1472; x_wconf 86' lang='lat' dir='ltr'><strong>dirigitur,</strong></span> <span class='ocrx_word' id='word_1_167' title='bbox 1255 1410 1405 1472; x_wconf 84' lang='lat' dir='ltr'><strong>plaga</strong></span> <span class='ocrx_word' id='word_1_168' title='bbox 1444 1422 1559 1457; x_wconf 86' lang='lat' dir='ltr'><strong>vero</strong></span> <span class='ocrx_word' id='word_1_169' title='bbox 1600 1409 1758 1456; x_wconf 89' lang='lat' dir='ltr'><strong>amica</strong></span> <span class='ocrx_word' id='word_1_170' title='bbox 1794 1422 1825 1456; x_wconf 87' lang='lat' dir='ltr'><strong>a</strong></span> <span class='ocrx_word' id='word_1_171' title='bbox 1861 1407 1976 1456; x_wconf 91' lang='lat' dir='ltr'><strong>Sole</strong></span> <span class='ocrx_word' id='word_1_172' title='bbox 2015 1421 2190 1456; x_wconf 86' lang='lat' dir='ltr'><strong>aversa</strong></span> <span class='ocrx_word' id='word_1_173' title='bbox 2228 1413 2329 1468; x_wconf 88' lang='lat' dir='ltr'><strong>est,</strong></span> <span class='ocrx_word' id='word_1_174' title='bbox 2381 1422 2470 1456; x_wconf 88' lang='lat' dir='ltr'><strong>ex-</strong></span> 
     </span>
     <span class='ocr_line' id='line_1_18' title="bbox 211 1479 2467 1545; baseline -0.001 -16"><span class='ocrx_word' id='word_1_175' title='bbox 211 1480 408 1543; x_wconf 85' lang='lat' dir='ltr'><strong>pellitur</strong></span> <span class='ocrx_word' id='word_1_176' title='bbox 443 1479 643 1543; x_wconf 91' lang='lat' dir='ltr'><strong>planeta</strong></span> <span class='ocrx_word' id='word_1_177' title='bbox 684 1483 984 1542; x_wconf 82' lang='lat' dir='ltr'><strong>citatissime,</strong></span> <span class='ocrx_word' id='word_1_178' title='bbox 1024 1488 1186 1531; x_wconf 89' lang='lat' dir='ltr'><strong>motus</strong></span> <span class='ocrx_word' id='word_1_179' title='bbox 1225 1497 1340 1532; x_wconf 86' lang='lat' dir='ltr'><strong>vero</strong></span> <span class='ocrx_word' id='word_1_180' title='bbox 1374 1482 1480 1545; x_wconf 90' lang='lat' dir='ltr'><strong>jam</strong></span> <span class='ocrx_word' id='word_1_181' title='bbox 1516 1495 1706 1529; x_wconf 89' lang='lat' dir='ltr'><strong>rursum</strong></span> <span class='ocrx_word' id='word_1_182' title='bbox 1731 1480 1796 1530; x_wconf 89' lang='lat' dir='ltr'><strong>ad</strong></span> <span class='ocrx_word' id='word_1_183' title='bbox 1821 1480 2204 1530; x_wconf 84' lang='lat' dir='ltr'><strong>mediocritatem</strong></span> <span class='ocrx_word' id='word_1_184' title='bbox 2234 1480 2467 1543; x_wconf 84' lang='lat' dir='ltr'><strong>elanguit.</strong></span> 
     </span>
     <span class='ocr_line' id='line_1_19' title="bbox 208 1552 2472 1617; baseline 0 -16"><span class='ocrx_word' id='word_1_185' title='bbox 208 1552 267 1601; x_wconf 91' lang='lat' dir='ltr'><strong>Id</strong></span> <span class='ocrx_word' id='word_1_186' title='bbox 303 1567 494 1601; x_wconf 91' lang='lat' dir='ltr'><strong>rursum</strong></span> <span class='ocrx_word' id='word_1_187' title='bbox 529 1553 584 1602; x_wconf 93' lang='lat' dir='ltr'><strong>fit</strong></span> <span class='ocrx_word' id='word_1_188' title='bbox 621 1555 749 1603; x_wconf 88' lang='lat' dir='ltr'><strong>circa</strong></span> <span class='ocrx_word' id='word_1_189' title='bbox 787 1552 832 1602; x_wconf 87' lang='lat' dir='ltr'><strong>G</strong></span> <span class='ocrx_word' id='word_1_190' title='bbox 871 1553 1192 1617; x_wconf 88' lang='lat' dir='ltr'><strong>quadrantem</strong></span> <span class='ocrx_word' id='word_1_191' title='bbox 1233 1557 1463 1604; x_wconf 88' lang='lat' dir='ltr'><strong>circuitus</strong></span> <span class='ocrx_word' id='word_1_192' title='bbox 1501 1553 1723 1603; x_wconf 85' lang='lat' dir='ltr'><strong>alterum.</strong></span> <span class='ocrx_word' id='word_1_193' title='bbox 1820 1552 1959 1603; x_wconf 88' lang='lat' dir='ltr'><strong>Ultra</strong></span> <span class='ocrx_word' id='word_1_194' title='bbox 1997 1559 2232 1616; x_wconf 86' lang='lat' dir='ltr'><strong>provecto</strong></span> <span class='ocrx_word' id='word_1_195' title='bbox 2269 1553 2472 1617; x_wconf 81' lang='lat' dir='ltr'><strong>planeta</strong></span> 
     </span>
     <span class='ocr_line' id='line_1_20' title="bbox 210 1625 2543 1694; baseline -0 -20"><span class='ocrx_word' id='word_1_196' title='bbox 210 1640 380 1674; x_wconf 89' lang='lat' dir='ltr'><strong>versus</strong></span> <span class='ocrx_word' id='word_1_197' title='bbox 417 1625 482 1687; x_wconf 91' lang='lat' dir='ltr'><strong>H,</strong></span> <span class='ocrx_word' id='word_1_198' title='bbox 523 1641 714 1675; x_wconf 88' lang='lat' dir='ltr'><strong>rursum</strong></span> <span class='ocrx_word' id='word_1_199' title='bbox 752 1629 960 1676; x_wconf 87' lang='lat' dir='ltr'><strong>remittit</strong></span> <span class='ocrx_word' id='word_1_200' title='bbox 998 1628 1121 1677; x_wconf 89' lang='lat' dir='ltr'><strong>haec</strong></span> <span class='ocrx_word' id='word_1_201' title='bbox 1159 1629 1399 1692; x_wconf 89' lang='lat' dir='ltr'><strong>expulsio,</strong></span> <span class='ocrx_word' id='word_1_202' title='bbox 1439 1628 1599 1694; x_wconf 86' lang='lat' dir='ltr'><strong>donec</strong></span> <span class='ocrx_word' id='word_1_203' title='bbox 1630 1628 1825 1690; x_wconf 89' lang='lat' dir='ltr'><strong>penitus</strong></span> <span class='ocrx_word' id='word_1_204' title='bbox 1862 1634 2126 1676; x_wconf 84' lang='lat' dir='ltr'><strong>evanescat</strong></span> <span class='ocrx_word' id='word_1_205' title='bbox 2164 1627 2213 1674; x_wconf 91' lang='lat' dir='ltr'><strong>in</strong></span> <span class='ocrx_word' id='word_1_206' title='bbox 2252 1627 2322 1687; x_wconf 86' lang='grc' dir='ltr'><strong>Α,</strong></span> <span class='ocrx_word' id='word_1_207' title='bbox 2361 1625 2473 1689; x_wconf 88' lang='lat' dir='ltr'><strong>pla-</strong></span> <span class='ocrx_word' id='word_1_208' title='bbox 2541 1628 2543 1631; x_wconf 85' lang='grc'><strong>’</strong></span> 
     </span>
     <span class='ocr_line' id='line_1_21' title="bbox 210 1699 2062 1764; baseline 0.002 -19"><span class='ocrx_word' id='word_1_209' title='bbox 210 1704 324 1748; x_wconf 89' lang='lat' dir='ltr'><strong>neta</strong></span> <span class='ocrx_word' id='word_1_210' title='bbox 363 1700 411 1746; x_wconf 90' lang='lat' dir='ltr'><strong>in</strong></span> <span class='ocrx_word' id='word_1_211' title='bbox 448 1701 706 1762; x_wconf 86' lang='lat' dir='ltr'><strong>pristinum</strong></span> <span class='ocrx_word' id='word_1_212' title='bbox 745 1699 907 1749; x_wconf 91' lang='lat' dir='ltr'><strong>locum</strong></span> <span class='ocrx_word' id='word_1_213' title='bbox 947 1704 1171 1750; x_wconf 89' lang='lat' dir='ltr'><strong>restituto</strong></span> <span class='ocrx_word' id='word_1_214' title='bbox 1212 1708 1260 1751; x_wconf 91' lang='lat' dir='ltr'><strong>et</strong></span> <span class='ocrx_word' id='word_1_215' title='bbox 1297 1717 1326 1751; x_wconf 89' lang='lat' dir='ltr'><strong>a</strong></span> <span class='ocrx_word' id='word_1_216' title='bbox 1364 1701 1480 1751; x_wconf 91' lang='lat' dir='ltr'><strong>Sole</strong></span> <span class='ocrx_word' id='word_1_217' title='bbox 1519 1701 1803 1764; x_wconf 79' lang='lat' dir='ltr'><strong>longissime</strong></span> <span class='ocrx_word' id='word_1_218' title='bbox 1831 1699 2062 1763; x_wconf 77' lang='lat' dir='ltr'><strong>expulso,</strong></span> 
     </span>
    </p>

    <p class='ocr_par' dir='ltr' id='par_1_4' title="bbox 205 1772 2554 3660">
     <span class='ocr_line' id='line_1_22' title="bbox 355 1772 2474 1839; baseline 0 -19"><span class='ocrx_word' id='word_1_219' title='bbox 355 1772 655 1821; x_wconf 81' lang='lat' dir='ltr'><strong>Incredibile</strong></span> <span class='ocrx_word' id='word_1_220' title='bbox 692 1787 812 1822; x_wconf 82' lang='lat' dir='ltr'><strong>vero</strong></span> <span class='ocrx_word' id='word_1_221' title='bbox 851 1780 942 1834; x_wconf 81' lang='lat' dir='ltr'><strong>est,</strong></span> <span class='ocrx_word' id='word_1_222' title='bbox 993 1775 1287 1839; x_wconf 81' lang='lat' dir='ltr'><strong>planetam,</strong></span> <span class='ocrx_word' id='word_1_223' title='bbox 1335 1775 1430 1824; x_wconf 81' lang='lat' dir='ltr'><strong>hae</strong></span> <span class='ocrx_word' id='word_1_224' title='bbox 1465 1775 1693 1823; x_wconf 82' lang='lat' dir='ltr'><strong>libertate</strong></span> <span class='ocrx_word' id='word_1_225' title='bbox 1725 1776 2000 1835; x_wconf 80' lang='lat' dir='ltr'><strong>permissa,</strong></span> <span class='ocrx_word' id='word_1_226' title='bbox 2039 1773 2267 1822; x_wconf 78' lang='lat' dir='ltr'><strong>absoluto</strong></span> <span class='ocrx_word' id='word_1_227' title='bbox 2304 1772 2474 1821; x_wconf 80' lang='lat' dir='ltr'><strong>reditu</strong></span> 
     </span>
     <span class='ocr_line' id='line_1_23' title="bbox 206 1845 2476 1908; baseline 0.001 -16"><span class='ocrx_word' id='word_1_228' title='bbox 206 1848 404 1894; x_wconf 75' lang='lat' dir='ltr'><strong>restitui</strong></span> <span class='ocrx_word' id='word_1_229' title='bbox 441 1848 750 1895; x_wconf 79' lang='lat' dir='ltr'><strong>exactissime</strong></span> <span class='ocrx_word' id='word_1_230' title='bbox 787 1847 858 1895; x_wconf 83' lang='lat' dir='ltr'><strong>ad</strong></span> <span class='ocrx_word' id='word_1_231' title='bbox 893 1847 1025 1895; x_wconf 87' lang='lat' dir='ltr'><strong>idem</strong></span> <span class='ocrx_word' id='word_1_232' title='bbox 1065 1849 1410 1897; x_wconf 79' lang='lat' dir='ltr'><strong>intervallum.</strong></span> <span class='ocrx_word' id='word_1_233' title='bbox 1487 1847 1724 1896; x_wconf 89' lang='lat' dir='ltr'><strong>Nimirum</strong></span> <span class='ocrx_word' id='word_1_234' title='bbox 1764 1846 1841 1895; x_wconf 90' lang='lat' dir='ltr'><strong>hic</strong></span> <span class='ocrx_word' id='word_1_235' title='bbox 1879 1845 2076 1896; x_wconf 90' lang='lat' dir='ltr'><strong>tandem</strong></span> <span class='ocrx_word' id='word_1_236' title='bbox 2113 1847 2355 1908; x_wconf 88' lang='lat' dir='ltr'><strong>genuinus</strong></span> <span class='ocrx_word' id='word_1_237' title='bbox 2397 1853 2476 1894; x_wconf 85' lang='lat' dir='ltr'><strong>est</strong></span> 
     </span>
     <span class='ocr_line' id='line_1_24' title="bbox 206 1917 2462 1984; baseline -0 -18"><span class='ocrx_word' id='word_1_238' title='bbox 206 1918 343 1967; x_wconf 90' lang='lat' dir='ltr'><strong>locus</strong></span> <span class='ocrx_word' id='word_1_239' title='bbox 382 1917 454 1967; x_wconf 91' lang='lat' dir='ltr'><strong>illi</strong></span> <span class='ocrx_word' id='word_1_240' title='bbox 492 1921 795 1968; x_wconf 90' lang='lat' dir='ltr'><strong>excusationi</strong></span> <span class='ocrx_word' id='word_1_241' title='bbox 830 1919 1101 1969; x_wconf 83' lang='lat' dir='ltr'><strong>Ptolemaei</strong></span> <span class='ocrx_word' id='word_1_242' title='bbox 1140 1936 1288 1984; x_wconf 89' lang='lat' dir='ltr'><strong>supra</strong></span> <span class='ocrx_word' id='word_1_243' title='bbox 1328 1925 1390 1979; x_wconf 87' lang='lat' dir='ltr'><strong>(p.</strong></span> <span class='ocrx_word' id='word_1_244' title='bbox 1423 1928 1545 1977; x_wconf 80' lang='lat'><strong>337.)</strong></span> <span class='ocrx_word' id='word_1_245' title='bbox 1589 1920 1883 1983; x_wconf 88' lang='lat' dir='ltr'><strong>descriptae,</strong></span> <span class='ocrx_word' id='word_1_246' title='bbox 1923 1918 2228 1968; x_wconf 88' lang='lat' dir='ltr'><strong>admonentis</strong></span> <span class='ocrx_word' id='word_1_247' title='bbox 2268 1932 2372 1979; x_wconf 86' lang='lat' dir='ltr'><strong>nos,</strong></span> <span class='ocrx_word' id='word_1_248' title='bbox 2414 1920 2462 1965; x_wconf 90' lang='lat' dir='ltr'><strong>in</strong></span> 
     </span>
     <span class='ocr_line' id='line_1_25' title="bbox 208 1990 2464 2058; baseline -0 -18"><span class='ocrx_word' id='word_1_249' title='bbox 208 1991 344 2040; x_wconf 91' lang='lat' dir='ltr'><strong>coelo</strong></span> <span class='ocrx_word' id='word_1_250' title='bbox 383 1991 505 2039; x_wconf 89' lang='lat' dir='ltr'><strong>nihil</strong></span> <span class='ocrx_word' id='word_1_251' title='bbox 545 2006 811 2058; x_wconf 88' lang='lat' dir='ltr'><strong>occurrere,</strong></span> <span class='ocrx_word' id='word_1_252' title='bbox 850 1993 982 2055; x_wconf 91' lang='lat' dir='ltr'><strong>quod</strong></span> <span class='ocrx_word' id='word_1_253' title='bbox 1020 1994 1255 2057; x_wconf 90' lang='lat' dir='ltr'><strong>impediat</strong></span> <span class='ocrx_word' id='word_1_254' title='bbox 1291 1996 1533 2043; x_wconf 87' lang='lat' dir='ltr'><strong>motiones</strong></span> <span class='ocrx_word' id='word_1_255' title='bbox 1573 1994 1749 2056; x_wconf 86' lang='lat' dir='ltr'><strong>cuique</strong></span> <span class='ocrx_word' id='word_1_256' title='bbox 1788 1994 1978 2056; x_wconf 88' lang='lat' dir='ltr'><strong>corpori</strong></span> <span class='ocrx_word' id='word_1_257' title='bbox 2016 1991 2264 2042; x_wconf 86' lang='lat' dir='ltr'><strong>naturales</strong></span> <span class='ocrx_word' id='word_1_258' title='bbox 2303 1990 2464 2055; x_wconf 90' lang='lat' dir='ltr'><strong>quod-</strong></span> 
     </span>
     <span class='ocr_line' id='line_1_26' title="bbox 210 2062 2465 2128; baseline -0.001 -14"><span class='ocrx_word' id='word_1_259' title='bbox 210 2079 303 2127; x_wconf 91' lang='lat' dir='ltr'><strong>que</strong></span> <span class='ocrx_word' id='word_1_260' title='bbox 348 2062 435 2113; x_wconf 89' lang='lat' dir='ltr'><strong>illa</strong></span> <span class='ocrx_word' id='word_1_261' title='bbox 485 2067 625 2127; x_wconf 89' lang='lat' dir='ltr'><strong>quasi</strong></span> <span class='ocrx_word' id='word_1_262' title='bbox 679 2082 708 2115; x_wconf 91' lang='lat' dir='ltr'><strong>a</strong></span> <span class='ocrx_word' id='word_1_263' title='bbox 758 2067 942 2115; x_wconf 89' lang='lat' dir='ltr'><strong>semitis</strong></span> <span class='ocrx_word' id='word_1_264' title='bbox 981 2068 1082 2115; x_wconf 88' lang='lat' dir='ltr'><strong>suis</strong></span> <span class='ocrx_word' id='word_1_265' title='bbox 1120 2068 1343 2115; x_wconf 89' lang='lat' dir='ltr'><strong>aberrare</strong></span> <span class='ocrx_word' id='word_1_266' title='bbox 1381 2067 1544 2116; x_wconf 78' lang='lat' dir='ltr'><strong>faciat.</strong></span> <span class='ocrx_word' id='word_1_267' title='bbox 1621 2066 1795 2128; x_wconf 86' lang='lat' dir='ltr'><strong>Itaque</strong></span> <span class='ocrx_word' id='word_1_268' title='bbox 1832 2068 1873 2114; x_wconf 83' lang='lat' dir='ltr'><strong>si</strong></span> <span class='ocrx_word' id='word_1_269' title='bbox 1912 2065 2046 2128; x_wconf 86' lang='lat' dir='ltr'><strong>leges</strong></span> <span class='ocrx_word' id='word_1_270' title='bbox 2084 2071 2304 2115; x_wconf 91' lang='lat' dir='ltr'><strong>motuum</strong></span> <span class='ocrx_word' id='word_1_271' title='bbox 2343 2064 2465 2113; x_wconf 89' lang='lat' dir='ltr'><strong>tales</strong></span> 
     </span>
     <span class='ocr_line' id='line_1_27' title="bbox 207 2137 2550 2206; baseline -0 -20"><span class='ocrx_word' id='word_1_272' title='bbox 207 2152 238 2186; x_wconf 89' lang='lat' dir='ltr'><strong>a</strong></span> <span class='ocrx_word' id='word_1_273' title='bbox 273 2142 448 2187; x_wconf 88' lang='lat' dir='ltr'><strong>natura</strong></span> <span class='ocrx_word' id='word_1_274' title='bbox 485 2144 598 2186; x_wconf 89' lang='lat' dir='ltr'><strong>sunt</strong></span> <span class='ocrx_word' id='word_1_275' title='bbox 634 2140 901 2200; x_wconf 90' lang='lat' dir='ltr'><strong>institutae,</strong></span> <span class='ocrx_word' id='word_1_276' title='bbox 940 2145 994 2186; x_wconf 93' lang='lat' dir='ltr'><strong>ut</strong></span> <span class='ocrx_word' id='word_1_277' title='bbox 1030 2138 1230 2202; x_wconf 88' lang='lat' dir='ltr'><strong>planeta</strong></span> <span class='ocrx_word' id='word_1_278' title='bbox 1255 2141 1303 2186; x_wconf 90' lang='lat' dir='ltr'><strong>in</strong></span> <span class='ocrx_word' id='word_1_279' title='bbox 1335 2154 1387 2189; x_wconf 91' lang='lat' dir='ltr'><strong>se</strong></span> <span class='ocrx_word' id='word_1_280' title='bbox 1413 2142 1573 2202; x_wconf 88' lang='lat' dir='ltr'><strong>ipsum</strong></span> <span class='ocrx_word' id='word_1_281' title='bbox 1610 2138 1778 2188; x_wconf 90' lang='lat' dir='ltr'><strong>redeat</strong></span> <span class='ocrx_word' id='word_1_282' title='bbox 1816 2139 2150 2198; x_wconf 83' lang='lat' dir='ltr'><strong>exactissime,</strong></span> <span class='ocrx_word' id='word_1_283' title='bbox 2197 2137 2281 2186; x_wconf 88' lang='lat' dir='ltr'><strong>fiet</strong></span> <span class='ocrx_word' id='word_1_284' title='bbox 2320 2139 2468 2187; x_wconf 88' lang='lat' dir='ltr'><strong>etiam</strong></span> <span class='ocrx_word' id='word_1_285' title='bbox 2541 2195 2550 2206; x_wconf 26' lang='lat' dir='ltr'><em>r</em></span> 
     </span>
     <span class='ocr_line' id='line_1_28' title="bbox 207 2210 2531 2275; baseline -0.002 -16"><span class='ocrx_word' id='word_1_286' title='bbox 207 2211 300 2260; x_wconf 92' lang='lat' dir='ltr'><strong>hoc</strong></span> <span class='ocrx_word' id='word_1_287' title='bbox 348 2212 639 2272; x_wconf 87' lang='lat' dir='ltr'><strong>certissime,</strong></span> <span class='ocrx_word' id='word_1_288' title='bbox 690 2226 971 2274; x_wconf 87' lang='lat' dir='ltr'><strong>quanquam</strong></span> <span class='ocrx_word' id='word_1_289' title='bbox 1023 2214 1128 2261; x_wconf 91' lang='lat' dir='ltr'><strong>sine</strong></span> <span class='ocrx_word' id='word_1_290' title='bbox 1179 2210 1496 2275; x_wconf 85' lang='lat' dir='ltr'><strong>compedibus</strong></span> <span class='ocrx_word' id='word_1_291' title='bbox 1550 2212 1762 2271; x_wconf 90' lang='lat' dir='ltr'><strong>orbium,</strong></span> <span class='ocrx_word' id='word_1_292' title='bbox 1812 2213 1860 2259; x_wconf 90' lang='lat' dir='ltr'><strong>in</strong></span> <span class='ocrx_word' id='word_1_293' title='bbox 1909 2211 2064 2260; x_wconf 90' lang='lat' dir='ltr'><strong>libero</strong></span> <span class='ocrx_word' id='word_1_294' title='bbox 2112 2210 2323 2261; x_wconf 88' lang='lat' dir='ltr'><strong>aethere</strong></span> <span class='ocrx_word' id='word_1_295' title='bbox 2403 2212 2468 2258; x_wconf 80' lang='lat' dir='ltr'><strong>At</strong></span> <span class='ocrx_word' id='word_1_296' title='bbox 2528 2247 2531 2254; x_wconf 91' lang='lat'>.</span> 
     </span>
     <span class='ocr_line' id='line_1_29' title="bbox 208 2284 2468 2349; baseline 0 -17"><span class='ocrx_word' id='word_1_297' title='bbox 208 2290 321 2332; x_wconf 89' lang='lat' dir='ltr'><strong>sunt</strong></span> <span class='ocrx_word' id='word_1_298' title='bbox 364 2285 434 2332; x_wconf 90' lang='lat' dir='ltr'><strong>sic</strong></span> <span class='ocrx_word' id='word_1_299' title='bbox 486 2291 794 2347; x_wconf 89' lang='lat' dir='ltr'><strong>comparatae</strong></span> <span class='ocrx_word' id='word_1_300' title='bbox 845 2284 1003 2347; x_wconf 88' lang='lat' dir='ltr'><strong>leges,</strong></span> <span class='ocrx_word' id='word_1_301' title='bbox 1057 2300 1178 2348; x_wconf 89' lang='lat' dir='ltr'><strong>quas</strong></span> <span class='ocrx_word' id='word_1_302' title='bbox 1229 2285 1586 2349; x_wconf 89' lang='lat' dir='ltr'><strong>descripsimus.</strong></span> <span class='ocrx_word' id='word_1_303' title='bbox 1663 2285 1788 2333; x_wconf 90' lang='lat' dir='ltr'><strong>Nam</strong></span> <span class='ocrx_word' id='word_1_304' title='bbox 1833 2285 2066 2347; x_wconf 88' lang='lat' dir='ltr'><strong>aequales</strong></span> <span class='ocrx_word' id='word_1_305' title='bbox 2105 2290 2218 2335; x_wconf 89' lang='lat' dir='ltr'><strong>sunt</strong></span> <span class='ocrx_word' id='word_1_306' title='bbox 2254 2285 2379 2332; x_wconf 88' lang='lat' dir='ltr'><strong>inter</strong></span> <span class='ocrx_word' id='word_1_307' title='bbox 2415 2298 2468 2332; x_wconf 88' lang='lat' dir='ltr'><strong>se</strong></span> 
     </span>
     <span class='ocr_line' id='line_1_30' title="bbox 208 2342 2536 2422; baseline -0.001 -17"><span class='ocrx_word' id='word_1_308' title='bbox 208 2357 433 2406; x_wconf 88' lang='lat' dir='ltr'><strong>semisses</strong></span> <span class='ocrx_word' id='word_1_309' title='bbox 472 2359 723 2419; x_wconf 86' lang='lat' dir='ltr'><strong>circuitus,</strong></span> <span class='ocrx_word' id='word_1_310' title='bbox 764 2357 886 2406; x_wconf 89' lang='lat' dir='ltr'><strong>alter</strong></span> <span class='ocrx_word' id='word_1_311' title='bbox 924 2359 973 2404; x_wconf 89' lang='lat' dir='ltr'><strong>in</strong></span> <span class='ocrx_word' id='word_1_312' title='bbox 1012 2373 1108 2420; x_wconf 91' lang='lat' dir='ltr'><strong>quo</strong></span> <span class='ocrx_word' id='word_1_313' title='bbox 1142 2358 1342 2422; x_wconf 88' lang='lat' dir='ltr'><strong>planeta</strong></span> <span class='ocrx_word' id='word_1_314' title='bbox 1377 2357 1656 2417; x_wconf 89' lang='lat' dir='ltr'><strong>attrahitur,</strong></span> <span class='ocrx_word' id='word_1_315' title='bbox 1708 2357 1923 2420; x_wconf 89' lang='lat' dir='ltr'><strong>reliquus</strong></span> <span class='ocrx_word' id='word_1_316' title='bbox 1961 2359 2011 2406; x_wconf 91' lang='lat' dir='ltr'><strong>in</strong></span> <span class='ocrx_word' id='word_1_317' title='bbox 2051 2371 2148 2420; x_wconf 91' lang='lat' dir='ltr'><strong>quo</strong></span> <span class='ocrx_word' id='word_1_318' title='bbox 2188 2355 2466 2420; x_wconf 83' lang='lat' dir='ltr'><strong>expellitur3</strong></span> <span class='ocrx_word' id='word_1_319' title='bbox 2528 2342 2536 2362; x_wconf 83' lang='grc'>’</span> 
     </span>
     <span class='ocr_line' id='line_1_31' title="bbox 207 2421 2469 2494; baseline -0 -16"><span class='ocrx_word' id='word_1_320' title='bbox 207 2421 435 2492; x_wconf 82' lang='lat' dir='ltr'><strong>aequalia</strong></span> <span class='ocrx_word' id='word_1_321' title='bbox 456 2429 885 2494; x_wconf 89' lang='lat' dir='ltr'><strong>deprehenduntur</strong></span> <span class='ocrx_word' id='word_1_322' title='bbox 910 2431 1161 2494; x_wconf 89' lang='lat' dir='ltr'><strong>utriusque</strong></span> <span class='ocrx_word' id='word_1_323' title='bbox 1201 2432 1416 2480; x_wconf 89' lang='lat' dir='ltr'><strong>semissis</strong></span> <span class='ocrx_word' id='word_1_324' title='bbox 1455 2437 1697 2494; x_wconf 83' lang='lat' dir='ltr'><strong>tempora3</strong></span> <span class='ocrx_word' id='word_1_325' title='bbox 1737 2431 1892 2479; x_wconf 83' lang='lat' dir='ltr'><strong>virtus</strong></span> <span class='ocrx_word' id='word_1_326' title='bbox 1920 2445 2116 2493; x_wconf 88' lang='lat' dir='ltr'><strong>quoque</strong></span> <span class='ocrx_word' id='word_1_327' title='bbox 2142 2429 2271 2479; x_wconf 86' lang='lat' dir='ltr'><strong>Solis</strong></span> <span class='ocrx_word' id='word_1_328' title='bbox 2297 2427 2469 2478; x_wconf 89' lang='lat' dir='ltr'><strong>eadem</strong></span> 
     </span>
     <span class='ocr_line' id='line_1_32' title="bbox 209 2503 2468 2567; baseline -0 -15"><span class='ocrx_word' id='word_1_329' title='bbox 209 2510 265 2554; x_wconf 90' lang='lat' dir='ltr'><strong>et</strong></span> <span class='ocrx_word' id='word_1_330' title='bbox 292 2507 528 2566; x_wconf 90' lang='lat' dir='ltr'><strong>perpetua</strong></span> <span class='ocrx_word' id='word_1_331' title='bbox 579 2510 673 2564; x_wconf 87' lang='lat' dir='ltr'><strong>est,</strong></span> <span class='ocrx_word' id='word_1_332' title='bbox 726 2510 774 2553; x_wconf 94' lang='lat' dir='ltr'><strong>et</strong></span> <span class='ocrx_word' id='word_1_333' title='bbox 812 2518 938 2566; x_wconf 88' lang='lat' dir='ltr'><strong>quae</strong></span> <span class='ocrx_word' id='word_1_334' title='bbox 976 2504 1176 2553; x_wconf 89' lang='lat' dir='ltr'><strong>attrahit</strong></span> <span class='ocrx_word' id='word_1_335' title='bbox 1214 2510 1263 2553; x_wconf 90' lang='lat' dir='ltr'><strong>et</strong></span> <span class='ocrx_word' id='word_1_336' title='bbox 1300 2520 1428 2567; x_wconf 89' lang='lat' dir='ltr'><strong>quae</strong></span> <span class='ocrx_word' id='word_1_337' title='bbox 1467 2503 1696 2567; x_wconf 81' lang='lat' dir='ltr'><strong>expellit3</strong></span> <span class='ocrx_word' id='word_1_338' title='bbox 1747 2503 2014 2567; x_wconf 87' lang='lat' dir='ltr'><strong>eademque</strong></span> <span class='ocrx_word' id='word_1_339' title='bbox 2065 2503 2171 2566; x_wconf 87' lang='lat' dir='ltr'><strong>ejus</strong></span> <span class='ocrx_word' id='word_1_340' title='bbox 2219 2503 2468 2566; x_wconf 88' lang='lat' dir='ltr'><strong>proportio</strong></span> 
     </span>
     <span class='ocr_line' id='line_1_33' title="bbox 208 2575 2470 2640; baseline -0 -16"><span class='ocrx_word' id='word_1_341' title='bbox 208 2575 270 2624; x_wconf 84' lang='lat' dir='ltr'><strong>ad</strong></span> <span class='ocrx_word' id='word_1_342' title='bbox 317 2577 537 2624; x_wconf 89' lang='lat' dir='ltr'><strong>inertiam</strong></span> <span class='ocrx_word' id='word_1_343' title='bbox 575 2576 802 2639; x_wconf 88' lang='lat' dir='ltr'><strong>planetae</strong></span> <span class='ocrx_word' id='word_1_344' title='bbox 839 2590 1031 2639; x_wconf 89' lang='lat' dir='ltr'><strong>semper</strong></span> <span class='ocrx_word' id='word_1_345' title='bbox 1070 2577 1299 2638; x_wconf 88' lang='lat' dir='ltr'><strong>eandem,</strong></span> <span class='ocrx_word' id='word_1_346' title='bbox 1355 2579 1404 2624; x_wconf 88' lang='lat' dir='ltr'><strong>in</strong></span> <span class='ocrx_word' id='word_1_347' title='bbox 1444 2591 1644 2640; x_wconf 89' lang='lat' dir='ltr'><strong>corpore</strong></span> <span class='ocrx_word' id='word_1_348' title='bbox 1683 2579 1864 2640; x_wconf 90' lang='lat' dir='ltr'><strong>quippe</strong></span> <span class='ocrx_word' id='word_1_349' title='bbox 1903 2578 2134 2640; x_wconf 76' lang='lat' dir='ltr'><strong>perenni-2</strong></span> <span class='ocrx_word' id='word_1_350' title='bbox 2174 2578 2320 2639; x_wconf 83' lang='lat' dir='ltr'><strong>igitur</strong></span> <span class='ocrx_word' id='word_1_351' title='bbox 2356 2581 2470 2624; x_wconf 90' lang='lat' dir='ltr'><strong>tan-</strong></span> 
     </span>
     <span class='ocr_line' id='line_1_34' title="bbox 206 2647 2468 2713; baseline 0 -17"><span class='ocrx_word' id='word_1_352' title='bbox 206 2656 307 2697; x_wconf 92' lang='lat' dir='ltr'><strong>tum</strong></span> <span class='ocrx_word' id='word_1_353' title='bbox 347 2648 536 2711; x_wconf 89' lang='lat' dir='ltr'><strong>proficit</strong></span> <span class='ocrx_word' id='word_1_354' title='bbox 574 2665 659 2713; x_wconf 90' lang='lat' dir='ltr'><strong>per</strong></span> <span class='ocrx_word' id='word_1_355' title='bbox 689 2647 842 2698; x_wconf 75' lang='lat' dir='ltr'><strong>unum&#39;</strong></span> <span class='ocrx_word' id='word_1_356' title='bbox 879 2652 1129 2700; x_wconf 88' lang='lat' dir='ltr'><strong>semissem</strong></span> <span class='ocrx_word' id='word_1_357' title='bbox 1171 2650 1483 2710; x_wconf 85' lang='lat' dir='ltr'><strong>attrahendo,</strong></span> <span class='ocrx_word' id='word_1_358' title='bbox 1524 2655 1759 2712; x_wconf 90' lang='lat' dir='ltr'><strong>quantum</strong></span> <span class='ocrx_word' id='word_1_359' title='bbox 1798 2664 1886 2713; x_wconf 91' lang='lat' dir='ltr'><strong>per</strong></span> <span class='ocrx_word' id='word_1_360' title='bbox 1923 2649 2127 2699; x_wconf 89' lang='lat' dir='ltr'><strong>alterum</strong></span> <span class='ocrx_word' id='word_1_361' title='bbox 2166 2647 2468 2712; x_wconf 76' lang='lat' dir='ltr'><strong>expellenda.</strong></span> 
     </span>
     <span class='ocr_line' id='line_1_35' title="bbox 208 2721 2521 2787; baseline -0.001 -17"><span class='ocrx_word' id='word_1_362' title='bbox 208 2722 303 2770; x_wconf 85' lang='lat' dir='ltr'><strong>Cur</strong></span> <span class='ocrx_word' id='word_1_363' title='bbox 354 2722 500 2783; x_wconf 89' lang='lat' dir='ltr'><strong>igitur</strong></span> <span class='ocrx_word' id='word_1_364' title='bbox 552 2722 826 2772; x_wconf 88' lang='lat' dir='ltr'><strong>diffidamus</strong></span> <span class='ocrx_word' id='word_1_365' title='bbox 876 2722 1133 2785; x_wconf 89' lang='lat' dir='ltr'><strong>planetarii</strong></span> <span class='ocrx_word' id='word_1_366' title='bbox 1171 2726 1388 2787; x_wconf 89' lang='lat' dir='ltr'><strong>corporis</strong></span> <span class='ocrx_word' id='word_1_367' title='bbox 1426 2723 1489 2772; x_wconf 90' lang='lat' dir='ltr'><strong>ad</strong></span> <span class='ocrx_word' id='word_1_368' title='bbox 1526 2723 1781 2786; x_wconf 89' lang='lat' dir='ltr'><strong>pristinum</strong></span> <span class='ocrx_word' id='word_1_369' title='bbox 1827 2722 2138 2772; x_wconf 88' lang='lat' dir='ltr'><strong>intervallum</strong></span> <span class='ocrx_word' id='word_1_370' title='bbox 2174 2721 2470 2771; x_wconf 80' lang='lat' dir='ltr'><strong>restitutioni</strong></span> <span class='ocrx_word' id='word_1_371' title='bbox 2518 2747 2521 2750; x_wconf 59' lang='lat'>&lt;</span> 
     </span>
     <span class='ocr_line' id='line_1_36' title="bbox 206 2793 2554 2859; baseline -0 -18"><span class='ocrx_word' id='word_1_372' title='bbox 206 2796 331 2842; x_wconf 89' lang='lat' dir='ltr'><strong>intra</strong></span> <span class='ocrx_word' id='word_1_373' title='bbox 369 2809 515 2843; x_wconf 89' lang='lat' dir='ltr'><strong>uuam</strong></span> <span class='ocrx_word' id='word_1_374' title='bbox 555 2795 750 2859; x_wconf 89' lang='lat' dir='ltr'><strong>quidem</strong></span> <span class='ocrx_word' id='word_1_375' title='bbox 790 2797 1021 2858; x_wconf 89' lang='lat' dir='ltr'><strong>temporis</strong></span> <span class='ocrx_word' id='word_1_376' title='bbox 1058 2796 1353 2859; x_wconf 78' lang='lat' dir='ltr'><strong>periodum?</strong></span> <span class='ocrx_word' id='word_1_377' title='bbox 1394 2796 1564 2845; x_wconf 88' lang='lat' dir='ltr'><strong>Nonne</strong></span> <span class='ocrx_word' id='word_1_378' title='bbox 1590 2797 1737 2844; x_wconf 88' lang='lat' dir='ltr'><strong>etiam</strong></span> <span class='ocrx_word' id='word_1_379' title='bbox 1764 2798 1810 2843; x_wconf 91' lang='lat' dir='ltr'><strong>in</strong></span> <span class='ocrx_word' id='word_1_380' title='bbox 1839 2796 1914 2844; x_wconf 92' lang='lat' dir='ltr'><strong>his</strong></span> <span class='ocrx_word' id='word_1_381' title='bbox 1940 2797 2143 2846; x_wconf 88' lang='lat' dir='ltr'><strong>terrenis</strong></span> <span class='ocrx_word' id='word_1_382' title='bbox 2170 2800 2218 2843; x_wconf 92' lang='lat' dir='ltr'><strong>et</strong></span> <span class='ocrx_word' id='word_1_383' title='bbox 2243 2793 2469 2843; x_wconf 86' lang='lat' dir='ltr'><strong>violentis</strong></span> <span class='ocrx_word' id='word_1_384' title='bbox 2553 2835 2554 2840; x_wconf 75' lang='grc'>,</span> 
     </span>
     <span class='ocr_line' id='line_1_37' title="bbox 206 2867 2554 2933; baseline -0.001 -18"><span class='ocrx_word' id='word_1_385' title='bbox 206 2867 419 2916; x_wconf 90' lang='lat' dir='ltr'><strong>motibus</strong></span> <span class='ocrx_word' id='word_1_386' title='bbox 453 2869 657 2918; x_wconf 92' lang='lat' dir='ltr'><strong>mobilia</strong></span> <span class='ocrx_word' id='word_1_387' title='bbox 693 2875 980 2933; x_wconf 88' lang='lat' dir='ltr'><strong>separantur</strong></span> <span class='ocrx_word' id='word_1_388' title='bbox 1018 2869 1080 2918; x_wconf 92' lang='lat' dir='ltr'><strong>ab</strong></span> <span class='ocrx_word' id='word_1_389' title='bbox 1121 2883 1194 2930; x_wconf 92' lang='lat' dir='ltr'><strong>eo,</strong></span> <span class='ocrx_word' id='word_1_390' title='bbox 1235 2869 1366 2932; x_wconf 90' lang='lat' dir='ltr'><strong>quod</strong></span> <span class='ocrx_word' id='word_1_391' title='bbox 1404 2874 1565 2917; x_wconf 92' lang='lat' dir='ltr'><strong>motus</strong></span> <span class='ocrx_word' id='word_1_392' title='bbox 1605 2882 1754 2918; x_wconf 88' lang='lat' dir='ltr'><strong>causa</strong></span> <span class='ocrx_word' id='word_1_393' title='bbox 1790 2869 1895 2927; x_wconf 81' lang='lat' dir='ltr'><strong>suit,</strong></span> <span class='ocrx_word' id='word_1_394' title='bbox 1936 2875 1990 2917; x_wconf 90' lang='lat' dir='ltr'><strong>ut</strong></span> <span class='ocrx_word' id='word_1_395' title='bbox 2027 2870 2076 2916; x_wconf 90' lang='lat' dir='ltr'><strong>in</strong></span> <span class='ocrx_word' id='word_1_396' title='bbox 2115 2868 2468 2930; x_wconf 89' lang='lat' dir='ltr'><strong>scorpionibus,</strong></span> <span class='ocrx_word' id='word_1_397' title='bbox 2551 2883 2554 2913; x_wconf 74' lang='lat'>2</span> 
     </span>
     <span class='ocr_line' id='line_1_38' title="bbox 205 2940 2554 3006; baseline -0.001 -17"><span class='ocrx_word' id='word_1_398' title='bbox 205 2940 428 3002; x_wconf 80' lang='lat' dir='ltr'><strong>ballistis,</strong></span> <span class='ocrx_word' id='word_1_399' title='bbox 469 2941 745 3006; x_wconf 89' lang='lat' dir='ltr'><strong>catapultis,</strong></span> <span class='ocrx_word' id='word_1_400' title='bbox 785 2941 1080 3002; x_wconf 88' lang='lat' dir='ltr'><strong>bombardis,</strong></span> <span class='ocrx_word' id='word_1_401' title='bbox 1120 2941 1318 2991; x_wconf 78' lang='lat' dir='ltr'><strong>fundis?</strong></span> <span class='ocrx_word' id='word_1_402' title='bbox 1358 2947 1407 2991; x_wconf 88' lang='lat' dir='ltr'><strong>et</strong></span> <span class='ocrx_word' id='word_1_403' title='bbox 1436 2942 1536 2990; x_wconf 89' lang='lat' dir='ltr'><strong>tela</strong></span> <span class='ocrx_word' id='word_1_404' title='bbox 1557 2945 1778 3004; x_wconf 89' lang='lat' dir='ltr'><strong>projecta</strong></span> <span class='ocrx_word' id='word_1_405' title='bbox 1815 2942 2022 2991; x_wconf 89' lang='lat' dir='ltr'><strong>liberum</strong></span> <span class='ocrx_word' id='word_1_406' title='bbox 2061 2946 2255 2990; x_wconf 88' lang='lat' dir='ltr'><strong>tranant</strong></span> <span class='ocrx_word' id='word_1_407' title='bbox 2292 2944 2468 2999; x_wconf 70' lang='lat' dir='ltr'><strong>aerem,</strong></span> <span class='ocrx_word' id='word_1_408' title='bbox 2548 2952 2554 2987; x_wconf 74' lang='grc' dir='ltr'><strong>ι</strong></span> 
     </span>
     <span class='ocr_line' id='line_1_39' title="bbox 208 3012 2496 3081; baseline 0 -20"><span class='ocrx_word' id='word_1_409' title='bbox 208 3028 364 3075; x_wconf 87' lang='lat' dir='ltr'><strong>neque</strong></span> <span class='ocrx_word' id='word_1_410' title='bbox 402 3019 565 3063; x_wconf 86' lang='lat' dir='ltr'><strong>tamen</strong></span> <span class='ocrx_word' id='word_1_411' title='bbox 604 3014 690 3063; x_wconf 90' lang='lat' dir='ltr'><strong>illa</strong></span> <span class='ocrx_word' id='word_1_412' title='bbox 722 3016 880 3063; x_wconf 83' lang='lat' dir='ltr'><strong>minus</strong></span> <span class='ocrx_word' id='word_1_413' title='bbox 908 3013 1202 3063; x_wconf 85' lang='lat' dir='ltr'><strong>destinatum</strong></span> <span class='ocrx_word' id='word_1_414' title='bbox 1240 3015 1403 3064; x_wconf 90' lang='lat' dir='ltr'><strong>locum</strong></span> <span class='ocrx_word' id='word_1_415' title='bbox 1441 3015 1632 3073; x_wconf 77' lang='lat' dir='ltr'><strong>feriunt,</strong></span> <span class='ocrx_word' id='word_1_416' title='bbox 1671 3020 1880 3076; x_wconf 88' lang='lat' dir='ltr'><strong>suntque</strong></span> <span class='ocrx_word' id='word_1_417' title='bbox 1918 3014 2152 3063; x_wconf 89' lang='lat' dir='ltr'><strong>miraculo</strong></span> <span class='ocrx_word' id='word_1_418' title='bbox 2190 3012 2496 3081; x_wconf 46' lang='lat' dir='ltr'><strong>sclopetarii·</strong></span> 
     </span>
     <span class='ocr_line' id='line_1_40' title="bbox 208 3085 2484 3151; baseline -0 -17"><span class='ocrx_word' id='word_1_419' title='bbox 208 3091 255 3134; x_wconf 90' lang='lat' dir='ltr'><strong>et</strong></span> <span class='ocrx_word' id='word_1_420' title='bbox 292 3085 558 3137; x_wconf 87' lang='lat' dir='ltr'><strong>funditores</strong></span> <span class='ocrx_word' id='word_1_421' title='bbox 596 3087 774 3151; x_wconf 88' lang='lat' dir='ltr'><strong>aliqui,</strong></span> <span class='ocrx_word' id='word_1_422' title='bbox 823 3086 1167 3136; x_wconf 87' lang='lat' dir='ltr'><strong>collimationis</strong></span> <span class='ocrx_word' id='word_1_423' title='bbox 1207 3088 1483 3136; x_wconf 88' lang='lat' dir='ltr'><strong>inimitabili</strong></span> <span class='ocrx_word' id='word_1_424' title='bbox 1522 3086 1850 3136; x_wconf 79' lang='lat' dir='ltr'><strong>certitudine?</strong></span> <span class='ocrx_word' id='word_1_425' title='bbox 1905 3087 1958 3136; x_wconf 91' lang='lat' dir='ltr'><strong>Si</strong></span> <span class='ocrx_word' id='word_1_426' title='bbox 1998 3087 2077 3136; x_wconf 89' lang='lat' dir='ltr'><strong>hic</strong></span> <span class='ocrx_word' id='word_1_427' title='bbox 2113 3087 2301 3150; x_wconf 89' lang='lat' dir='ltr'><strong>species</strong></span> <span class='ocrx_word' id='word_1_428' title='bbox 2340 3085 2484 3134; x_wconf 82' lang='lat' dir='ltr'><strong>illius&#39;</strong></span> 
     </span>
     <span class='ocr_line' id='line_1_41' title="bbox 208 3159 2471 3225; baseline 0.001 -20"><span class='ocrx_word' id='word_1_429' title='bbox 208 3163 392 3219; x_wconf 90' lang='lat' dir='ltr'><strong>motus,</strong></span> <span class='ocrx_word' id='word_1_430' title='bbox 442 3162 523 3221; x_wconf 87' lang='lat' dir='ltr'><strong>qui</strong></span> <span class='ocrx_word' id='word_1_431' title='bbox 557 3160 620 3208; x_wconf 85' lang='lat' dir='ltr'><strong>a&#39;d</strong></span> <span class='ocrx_word' id='word_1_432' title='bbox 655 3166 953 3211; x_wconf 87' lang='lat' dir='ltr'><strong>momentum</strong></span> <span class='ocrx_word' id='word_1_433' title='bbox 989 3162 1080 3209; x_wconf 88' lang='lat' dir='ltr'><strong>fuit</strong></span> <span class='ocrx_word' id='word_1_434' title='bbox 1114 3163 1163 3208; x_wconf 92' lang='lat' dir='ltr'><strong>in</strong></span> <span class='ocrx_word' id='word_1_435' title='bbox 1202 3161 1479 3225; x_wconf 89' lang='lat' dir='ltr'><strong>impellente</strong></span> <span class='ocrx_word' id='word_1_436' title='bbox 1519 3159 1733 3208; x_wconf 84' lang='lat' dir='ltr'><strong>directus</strong></span> <span class='ocrx_word' id='word_1_437' title='bbox 1781 3162 1828 3206; x_wconf 90' lang='lat' dir='ltr'><strong>in</strong></span> <span class='ocrx_word' id='word_1_438' title='bbox 1882 3166 2060 3209; x_wconf 88' lang='lat' dir='ltr'><strong>certam</strong></span> <span class='ocrx_word' id='word_1_439' title='bbox 2097 3160 2324 3223; x_wconf 85' lang='lat' dir='ltr'><strong>plagam,</strong></span> <span class='ocrx_word' id='word_1_440' title='bbox 2373 3160 2471 3207; x_wconf 88' lang='lat' dir='ltr'><strong>im-</strong></span> 
     </span>
     <span class='ocr_line' id='line_1_42' title="bbox 208 3231 2481 3297; baseline 0.001 -19"><span class='ocrx_word' id='word_1_441' title='bbox 208 3245 376 3293; x_wconf 89' lang='lat' dir='ltr'><strong>pressa</strong></span> <span class='ocrx_word' id='word_1_442' title='bbox 421 3233 470 3278; x_wconf 90' lang='lat' dir='ltr'><strong>in</strong></span> <span class='ocrx_word' id='word_1_443' title='bbox 528 3234 709 3283; x_wconf 88' lang='lat' dir='ltr'><strong>mobile</strong></span> <span class='ocrx_word' id='word_1_444' title='bbox 762 3234 826 3283; x_wconf 90' lang='lat' dir='ltr'><strong>ad</strong></span> <span class='ocrx_word' id='word_1_445' title='bbox 874 3234 1022 3282; x_wconf 83' lang='lat' dir='ltr'><strong>breve</strong></span> <span class='ocrx_word' id='word_1_446' title='bbox 1070 3238 1262 3297; x_wconf 88' lang='lat' dir='ltr'><strong>tempus</strong></span> <span class='ocrx_word' id='word_1_447' title='bbox 1310 3239 1359 3284; x_wconf 89' lang='lat' dir='ltr'><strong>et</strong></span> <span class='ocrx_word' id='word_1_448' title='bbox 1406 3233 1642 3292; x_wconf 87' lang='lat' dir='ltr'><strong>evanida,</strong></span> <span class='ocrx_word' id='word_1_449' title='bbox 1697 3238 1884 3280; x_wconf 87' lang='lat' dir='ltr'><strong>tantum</strong></span> <span class='ocrx_word' id='word_1_450' title='bbox 1930 3239 2116 3295; x_wconf 91' lang='lat' dir='ltr'><strong>potest,</strong></span> <span class='ocrx_word' id='word_1_451' title='bbox 2171 3238 2227 3281; x_wconf 89' lang='lat' dir='ltr'><strong>ut</strong></span> <span class='ocrx_word' id='word_1_452' title='bbox 2274 3231 2481 3292; x_wconf 77' lang='lat' dir='ltr'><strong>mobile,-</strong></span> 
     </span>
     <span class='ocr_line' id='line_1_43' title="bbox 210 3302 2471 3370; baseline 0.001 -20"><span class='ocrx_word' id='word_1_453' title='bbox 210 3302 440 3365; x_wconf 87' lang='lat' dir='ltr'><strong>quamdiu</strong></span> <span class='ocrx_word' id='word_1_454' title='bbox 467 3305 614 3354; x_wconf 86' lang='lat' dir='ltr'><strong>fertur</strong></span> <span class='ocrx_word' id='word_1_455' title='bbox 639 3322 670 3355; x_wconf 91' lang='lat' dir='ltr'><strong>a</strong></span> <span class='ocrx_word' id='word_1_456' title='bbox 695 3309 856 3370; x_wconf 90' lang='lat' dir='ltr'><strong>specie</strong></span> <span class='ocrx_word' id='word_1_457' title='bbox 881 3306 1096 3354; x_wconf 90' lang='lat' dir='ltr'><strong>nondum</strong></span> <span class='ocrx_word' id='word_1_458' title='bbox 1121 3309 1316 3370; x_wconf 91' lang='lat' dir='ltr'><strong>penitus</strong></span> <span class='ocrx_word' id='word_1_459' title='bbox 1355 3306 1667 3370; x_wconf 87' lang='lat' dir='ltr'><strong>elanguente‚</strong></span> <span class='ocrx_word' id='word_1_460' title='bbox 1706 3306 1755 3352; x_wconf 91' lang='lat' dir='ltr'><strong>in</strong></span> <span class='ocrx_word' id='word_1_461' title='bbox 1782 3304 1989 3370; x_wconf 24' lang='lat' dir='ltr'><strong>„plagam</strong></span> <span class='ocrx_word' id='word_1_462' title='bbox 2028 3305 2324 3354; x_wconf 88' lang='lat' dir='ltr'><strong>destinatam</strong></span> <span class='ocrx_word' id='word_1_463' title='bbox 2361 3310 2471 3354; x_wconf 75' lang='lat' dir='ltr'><strong>ten-</strong></span> 
     </span>
     <span class='ocr_line' id='line_1_44' title="bbox 215 3375 2535 3443; baseline 0 -20"><span class='ocrx_word' id='word_1_464' title='bbox 215 3375 326 3425; x_wconf 92' lang='lat' dir='ltr'><strong>dere</strong></span> <span class='ocrx_word' id='word_1_465' title='bbox 365 3389 461 3424; x_wconf 91' lang='lat' dir='ltr'><strong>non</strong></span> <span class='ocrx_word' id='word_1_466' title='bbox 502 3377 718 3428; x_wconf 90' lang='lat' dir='ltr'><strong>desinat:</strong></span> <span class='ocrx_word' id='word_1_467' title='bbox 761 3385 943 3443; x_wconf 90' lang='lat' dir='ltr'><strong>quanto</strong></span> <span class='ocrx_word' id='word_1_468' title='bbox 975 3379 1268 3429; x_wconf 89' lang='lat' dir='ltr'><strong>firmioribus</strong></span> <span class='ocrx_word' id='word_1_469' title='bbox 1304 3379 1563 3443; x_wconf 90' lang='lat' dir='ltr'><strong>praesidiis</strong></span> <span class='ocrx_word' id='word_1_470' title='bbox 1602 3379 1790 3426; x_wconf 89' lang='lat' dir='ltr'><strong>munita</strong></span> <span class='ocrx_word' id='word_1_471' title='bbox 1828 3379 1918 3426; x_wconf 90' lang='lat' dir='ltr'><strong>erit</strong></span> <span class='ocrx_word' id='word_1_472' title='bbox 1957 3377 2196 3429; x_wconf 89' lang='lat' dir='ltr'><strong>certitudo</strong></span> <span class='ocrx_word' id='word_1_473' title='bbox 2234 3377 2495 3427; x_wconf 50' lang='lat' dir='ltr'><strong>redituum¹</strong></span> <span class='ocrx_word' id='word_1_474' title='bbox 2534 3402 2535 3405; x_wconf 63' lang='lat'><em>=</em></span> 
     </span>
     <span class='ocr_line' id='line_1_45' title="bbox 212 3448 2472 3515; baseline 0 -18"><span class='ocrx_word' id='word_1_475' title='bbox 212 3448 524 3510; x_wconf 89' lang='lat' dir='ltr'><strong>coelestium,</strong></span> <span class='ocrx_word' id='word_1_476' title='bbox 565 3466 689 3512; x_wconf 89' lang='lat' dir='ltr'><strong>quos</strong></span> <span class='ocrx_word' id='word_1_477' title='bbox 725 3454 1000 3513; x_wconf 88' lang='lat' dir='ltr'><strong>gubernant</strong></span> <span class='ocrx_word' id='word_1_478' title='bbox 1038 3454 1256 3502; x_wconf 89' lang='lat' dir='ltr'><strong>internae</strong></span> <span class='ocrx_word' id='word_1_479' title='bbox 1296 3459 1344 3502; x_wconf 92' lang='lat' dir='ltr'><strong>et</strong></span> <span class='ocrx_word' id='word_1_480' title='bbox 1380 3452 1526 3515; x_wconf 90' lang='lat' dir='ltr'><strong>plane</strong></span> <span class='ocrx_word' id='word_1_481' title='bbox 1564 3449 1772 3500; x_wconf 89' lang='lat' dir='ltr'><strong>coalitae</strong></span> <span class='ocrx_word' id='word_1_482' title='bbox 1812 3464 1967 3513; x_wconf 89' lang='lat' dir='ltr'><strong>eoque</strong></span> <span class='ocrx_word' id='word_1_483' title='bbox 2003 3465 2241 3514; x_wconf 89' lang='lat' dir='ltr'><strong>perennes</strong></span> <span class='ocrx_word' id='word_1_484' title='bbox 2279 3449 2472 3500; x_wconf 80' lang='lat' dir='ltr'><strong>mobilis</strong></span> 
     </span>
     <span class='ocr_line' id='line_1_46' title="bbox 209 3520 2537 3595; baseline 0.001 -27"><span class='ocrx_word' id='word_1_485' title='bbox 209 3522 277 3570; x_wconf 92' lang='lat' dir='ltr'><strong>rei</strong></span> <span class='ocrx_word' id='word_1_486' title='bbox 315 3520 493 3581; x_wconf 88' lang='lat' dir='ltr'><strong>fibrae,</strong></span> <span class='ocrx_word' id='word_1_487' title='bbox 546 3537 654 3571; x_wconf 88' lang='lat' dir='ltr'><strong>cum</strong></span> <span class='ocrx_word' id='word_1_488' title='bbox 692 3524 793 3574; x_wconf 89' lang='lat' dir='ltr'><strong>illic</strong></span> <span class='ocrx_word' id='word_1_489' title='bbox 828 3529 912 3574; x_wconf 79' lang='lat' dir='ltr'><strong>ae‘r</strong></span> <span class='ocrx_word' id='word_1_490' title='bbox 950 3525 1164 3588; x_wconf 90' lang='lat' dir='ltr'><strong>impactu</strong></span> <span class='ocrx_word' id='word_1_491' title='bbox 1219 3532 1268 3575; x_wconf 91' lang='lat' dir='ltr'><strong>et</strong></span> <span class='ocrx_word' id='word_1_492' title='bbox 1315 3539 1518 3574; x_wconf 89' lang='lat' dir='ltr'><strong>occursu</strong></span> <span class='ocrx_word' id='word_1_493' title='bbox 1557 3524 1718 3573; x_wconf 90' lang='lat' dir='ltr'><strong>turbet</strong></span> <span class='ocrx_word' id='word_1_494' title='bbox 1755 3528 1946 3583; x_wconf 91' lang='lat' dir='ltr'><strong>motus,</strong></span> <span class='ocrx_word' id='word_1_495' title='bbox 1997 3524 2078 3573; x_wconf 92' lang='lat' dir='ltr'><strong>hic</strong></span> <span class='ocrx_word' id='word_1_496' title='bbox 2115 3523 2324 3573; x_wconf 88' lang='lat' dir='ltr'><strong>aetheris</strong></span> <span class='ocrx_word' id='word_1_497' title='bbox 2361 3535 2472 3586; x_wconf 84' lang='lat' dir='ltr'><strong>per·</strong></span> <span class='ocrx_word' id='word_1_498' title='bbox 2532 3580 2537 3595; x_wconf 30' lang='lat' dir='ltr'><strong><em>s</em></strong></span> 
     </span>
     <span class='ocr_line' id='line_1_47' title="bbox 210 3593 2535 3660; baseline 0.001 -18"><span class='ocrx_word' id='word_1_499' title='bbox 210 3593 404 3644; x_wconf 87' lang='lat' dir='ltr'><strong>meandi</strong></span> <span class='ocrx_word' id='word_1_500' title='bbox 443 3593 658 3643; x_wconf 90' lang='lat' dir='ltr'><strong>densitas</strong></span> <span class='ocrx_word' id='word_1_501' title='bbox 698 3596 761 3643; x_wconf 89' lang='lat' dir='ltr'><strong>ad</strong></span> <span class='ocrx_word' id='word_1_502' title='bbox 803 3598 1027 3646; x_wconf 88' lang='lat' dir='ltr'><strong>effectum</strong></span> <span class='ocrx_word' id='word_1_503' title='bbox 1067 3599 1146 3648; x_wconf 89' lang='lat' dir='ltr'><strong>vel</strong></span> <span class='ocrx_word' id='word_1_504' title='bbox 1185 3598 1487 3648; x_wconf 85' lang='lat' dir='ltr'><strong>levissimum</strong></span> <span class='ocrx_word' id='word_1_505' title='bbox 1526 3596 1671 3660; x_wconf 89' lang='lat' dir='ltr'><strong>plane</strong></span> <span class='ocrx_word' id='word_1_506' title='bbox 1707 3595 1842 3643; x_wconf 88' lang='lat' dir='ltr'><strong>nulla</strong></span> <span class='ocrx_word' id='word_1_507' title='bbox 1879 3596 1982 3645; x_wconf 83' lang='lat' dir='ltr'><strong>sit‘?</strong></span> <span class='ocrx_word' id='word_1_508' title='bbox 2526 3598 2535 3651; x_wconf 67' lang='grc' dir='ltr'><strong>Ξ</strong></span> 
     </span>
    </p>

    <p class='ocr_par' dir='ltr' id='par_1_5' title="bbox 207 3655 2536 3954">
     <span class='ocr_line' id='line_1_48' title="bbox 358 3655 2536 3741; baseline 0.001 -27"><span class='ocrx_word' id='word_1_509' title='bbox 358 3667 531 3730; x_wconf 77' lang='lat' dir='ltr'><strong>Quare</strong></span> <span class='ocrx_word' id='word_1_510' title='bbox 579 3668 872 3727; x_wconf 78' lang='lat' dir='ltr'><strong>librationes</strong></span> <span class='ocrx_word' id='word_1_511' title='bbox 923 3670 1241 3729; x_wconf 78' lang='lat' dir='ltr'><strong>diversorum</strong></span> <span class='ocrx_word' id='word_1_512' title='bbox 1277 3672 1611 3733; x_wconf 79' lang='lat' dir='ltr'><strong>planetarum</strong></span> <span class='ocrx_word' id='word_1_513' title='bbox 1648 3683 1758 3716; x_wconf 76' lang='lat' dir='ltr'><strong>non</strong></span> <span class='ocrx_word' id='word_1_514' title='bbox 1794 3676 1914 3716; x_wconf 83' lang='lat' dir='ltr'><strong>sunt</strong></span> <span class='ocrx_word' id='word_1_515' title='bbox 1951 3671 2007 3718; x_wconf 79' lang='lat' dir='ltr'><strong>in</strong></span> <span class='ocrx_word' id='word_1_516' title='bbox 2046 3669 2219 3718; x_wconf 83' lang='lat' dir='ltr'><strong>eadem</strong></span> <span class='ocrx_word' id='word_1_517' title='bbox 2249 3681 2474 3730; x_wconf 75' lang='lat' dir='ltr'><strong>propor—</strong></span> <span class='ocrx_word' id='word_1_518' title='bbox 2523 3655 2536 3741; x_wconf 57' lang='grc' dir='ltr'>ᾗ</span> 
     </span>
     <span class='ocr_line' id='line_1_49' title="bbox 207 3738 2532 3805; baseline 0.001 -17"><span class='ocrx_word' id='word_1_519' title='bbox 207 3742 345 3789; x_wconf 82' lang='lat' dir='ltr'><strong>tione</strong></span> <span class='ocrx_word' id='word_1_520' title='bbox 380 3739 451 3786; x_wconf 84' lang='lat' dir='ltr'><strong>ad</strong></span> <span class='ocrx_word' id='word_1_521' title='bbox 486 3738 757 3787; x_wconf 79' lang='lat' dir='ltr'><strong>distantias</strong></span> <span class='ocrx_word' id='word_1_522' title='bbox 794 3755 913 3788; x_wconf 81' lang='lat' dir='ltr'><strong>suas</strong></span> <span class='ocrx_word' id='word_1_523' title='bbox 951 3744 1246 3805; x_wconf 83' lang='lat' dir='ltr'><strong>medioeres,</strong></span> <span class='ocrx_word' id='word_1_524' title='bbox 1300 3745 1390 3792; x_wconf 81' lang='lat' dir='ltr'><strong>hoc</strong></span> <span class='ocrx_word' id='word_1_525' title='bbox 1427 3750 1497 3792; x_wconf 77' lang='lat' dir='ltr'><strong>est</strong></span> <span class='ocrx_word' id='word_1_526' title='bbox 1533 3756 1694 3805; x_wconf 80' lang='lat' dir='ltr'><strong>quare</strong></span> <span class='ocrx_word' id='word_1_527' title='bbox 1729 3743 1963 3791; x_wconf 81' lang='lat' dir='ltr'><strong>maxima</strong></span> <span class='ocrx_word' id='word_1_528' title='bbox 2001 3749 2070 3790; x_wconf 81' lang='lat' dir='ltr'><strong>est</strong></span> <span class='ocrx_word' id='word_1_529' title='bbox 2108 3740 2356 3790; x_wconf 83' lang='lat' dir='ltr'><strong>Mercurii</strong></span> <span class='ocrx_word' id='word_1_530' title='bbox 2393 3753 2470 3788; x_wconf 85' lang='lat' dir='ltr'><strong>ee·</strong></span> <span class='ocrx_word' id='word_1_531' title='bbox 2522 3747 2532 3790; x_wconf 65' lang='lat' dir='ltr'><strong>l,</strong></span> 
     </span>
     <span class='ocr_line' id='line_1_50' title="bbox 208 3811 2528 3877; baseline 0 -17"><span class='ocrx_word' id='word_1_532' title='bbox 208 3813 518 3873; x_wconf 76' lang='lat' dir='ltr'><strong>centricitas,</strong></span> <span class='ocrx_word' id='word_1_533' title='bbox 566 3818 682 3873; x_wconf 80' lang='lat' dir='ltr'><strong>post</strong></span> <span class='ocrx_word' id='word_1_534' title='bbox 719 3813 867 3860; x_wconf 85' lang='lat' dir='ltr'><strong>illum</strong></span> <span class='ocrx_word' id='word_1_535' title='bbox 906 3811 1114 3871; x_wconf 71' lang='lat' dir='ltr'><strong>Martia,</strong></span> <span class='ocrx_word' id='word_1_536' title='bbox 1150 3823 1266 3877; x_wconf 79' lang='lat' dir='ltr'><strong>post</strong></span> <span class='ocrx_word' id='word_1_537' title='bbox 1301 3817 1438 3864; x_wconf 80' lang='lat' dir='ltr'><strong>hunc</strong></span> <span class='ocrx_word' id='word_1_538' title='bbox 1478 3815 1723 3872; x_wconf 80' lang='lat' dir='ltr'><strong>Saturni,</strong></span> <span class='ocrx_word' id='word_1_539' title='bbox 1762 3813 1933 3876; x_wconf 79' lang='lat' dir='ltr'><strong>Jovis,</strong></span> <span class='ocrx_word' id='word_1_540' title='bbox 1982 3815 2217 3868; x_wconf 80' lang='lat' dir='ltr'><strong>Telluris,</strong></span> <span class='ocrx_word' id='word_1_541' title='bbox 2255 3814 2471 3861; x_wconf 77' lang='lat' dir='ltr'><strong>minima</strong></span> <span class='ocrx_word' id='word_1_542' title='bbox 2519 3820 2528 3851; x_wconf 66' lang='lat'><strong>⁹-</strong></span> 
     </span>
     <span class='ocr_line' id='line_1_51' title="bbox 208 3884 2526 3954; baseline -0 -20"><span class='ocrx_word' id='word_1_543' title='bbox 208 3899 327 3934; x_wconf 81' lang='lat' dir='ltr'><strong>vero</strong></span> <span class='ocrx_word' id='word_1_544' title='bbox 360 3885 607 3934; x_wconf 77' lang='lat' dir='ltr'><strong>Veneris?</strong></span> <span class='ocrx_word' id='word_1_545' title='bbox 652 3884 1044 3935; x_wconf 73' lang='lat' dir='ltr'><strong>instrumentalis</strong></span> <span class='ocrx_word' id='word_1_546' title='bbox 1085 3901 1235 3939; x_wconf 88' lang='lat' dir='ltr'><strong>causa</strong></span> <span class='ocrx_word' id='word_1_547' title='bbox 1275 3894 1350 3938; x_wconf 90' lang='lat' dir='ltr'><strong>est</strong></span> <span class='ocrx_word' id='word_1_548' title='bbox 1389 3887 1584 3939; x_wconf 82' lang='lat' dir='ltr'><strong>diversa</strong></span> <span class='ocrx_word' id='word_1_549' title='bbox 1621 3886 1847 3937; x_wconf 86' lang='lat' dir='ltr'><strong>fibrarum</strong></span> <span class='ocrx_word' id='word_1_550' title='bbox 1885 3886 2136 3954; x_wconf 76' lang='lat' dir='ltr'><strong>fortitudo,</strong></span> <span class='ocrx_word' id='word_1_551' title='bbox 2174 3900 2260 3936; x_wconf 87' lang='lat' dir='ltr'><strong>seu</strong></span> <span class='ocrx_word' id='word_1_552' title='bbox 2297 3890 2469 3935; x_wconf 69' lang='lat' dir='ltr'><strong>natura</strong></span> <span class='ocrx_word' id='word_1_553' title='bbox 2520 3898 2526 3944; x_wconf 67' lang='grc' dir='ltr'><strong><em>ς</em></strong></span> 
     </span>
    </p>
   </div>
   <div class='ocr_carea' id='block_1_3' title="bbox 294 3993 318 4015">
    <p class='ocr_par' dir='ltr' id='par_1_6' title="bbox 294 3993 318 4015">
     <span class='ocr_line' id='line_1_52' title="bbox 294 3993 318 4015; baseline 0 0"><span class='ocrx_word' id='word_1_554' title='bbox 294 3993 318 4015; x_wconf 68' lang='lat'><strong>1·</strong></span> 
     </span>
    </p>
   </div>
   <div class='ocr_carea' id='block_1_4' title="bbox 2524 2995 2554 4140">
    <p class='ocr_par' dir='ltr' id='par_1_7' title="bbox 2524 2995 2554 4140">
     <span class='ocr_line' id='line_1_53' title="bbox 2524 2995 2554 3838; baseline 0 -66"><span class='ocrx_word' id='word_1_555' title='bbox 2524 2995 2554 3838; x_wconf 95' lang='lat' dir='ltr'><strong>   </strong></span> 
     </span>
     <span class='ocr_line' id='line_1_54' title="bbox 2524 3838 2554 4140; baseline 0 -230"><span class='ocrx_word' id='word_1_556' title='bbox 2524 3838 2554 4140; x_wconf 95' lang='lat' dir='ltr'><strong>   </strong></span> 
     </span>
    </p>
   </div>
  </div>
 </body>
</html>
