2554 4140
792 135 795 139 ’
824 128 966 175 Liber
989 127 1180 175 Primus.
1241 128 1355 174 Pars
1387 127 1567 184 Quinta.
2230 133 2330 182 183

75 281 227 348 ipsius
262 279 441 330 Terrae
477 291 567 343 per
603 281 715 327 octo
754 277 982 328 milliaria
1019 275 1254 340 additque
1291 289 1474 326 nonum
1511 276 1629 341 ipse,
1669 278 1908 329 violenter
1934 280 2117 344 quippe
2156 277 2332 343 explo-

75 369 160 404 sus
204 353 373 402 itidem
418 352 469 401 in
520 356 691 400 ortum.
767 351 846 401 Ita
894 353 999 400 sive
1050 352 1099 398 in
1155 352 1388 399 orientem
1433 351 1538 398 sive
1591 351 1982 402 inroccideutem
2019 351 2324 416 explodatur,

73 440 263 491 semper
310 427 361 474 in
408 426 642 474 orientem
690 423 865 486 fertur,
917 427 1106 473 tantum
1141 422 1291 487 paulo
1328 422 1439 487 plus
1476 421 1556 471 hic
1594 437 1741 486 quam
1778 424 1879 474 ille.
1955 426 2023 475 At
2061 426 2155 475 hoc
2192 439 2329 474 com-

72 502 287 564 positum
324 499 536 561 spatium
574 496 873 546 mundanum
911 494 1031 546 nihil
1070 499 1244 546 attinet
1280 495 1343 545 ad
1381 497 1593 559 spatium
1632 498 1681 544 in
1721 497 1896 559 Terra,
1939 498 2070 562 quod
2107 499 2330 548 homines

7 564 12 565 ⁷
71 573 229 623 metiri
262 577 492 635 possunt,
530 570 625 620 hoc
657 573 884 636 utrinque
920 571 1019 619 fere
1057 569 1186 619 idem
1225 575 1314 631 est,
1354 571 1472 633 quia
1497 570 1572 618 vis
1600 569 1786 631 eadem,
1826 571 1942 635 quia
1969 571 2166 622 vincula
2190 587 2332 637 mag-

6 3191 14 3334 t

0 3346 17 3429 l

0 3440 1 3453 ¹
11 3433 17 3476 l

11 3484 15 3530 Ι

16 3854 21 3884 l

71 646 234 695 netica
268 644 494 708 utrinque
533 642 731 707 eadem,
773 660 832 694 ex
871 644 1047 708 quibus
1085 642 1262 707 globus
1299 642 1438 692 velut
1475 643 1675 720 eripitur
1712 645 1861 707 inque
1899 644 2130 695 ulteriora
2167 651 2332 696 trans-

105 719 280 769 onitur.

71 735 103 785 p
221 790 541 840 Concurrent
575 796 748 838 tamen
787 792 844 838 in
882 802 1116 840 occasum
1144 790 1484 851 promotionis
1523 788 1658 838 duae
1683 802 1881 838 causae.
1961 788 2100 838 Nam
2137 791 2327 853 ylobus,

69 880 119 915 se
151 867 258 928 ipso
295 866 433 912 iners
470 863 541 912 ad
574 870 787 924 motum,
825 865 870 911 si
903 877 1012 912 non
1047 868 1321 925 raperetur
1355 875 1535 911 versus
1567 868 1754 922 ortum,
1787 869 2117 924 permaneret
2152 877 2201 911 se
2225 866 2332 928 ipso

69 943 125 988 in
152 936 426 999 occidente,
465 938 571 987 loco
608 939 664 985 in
701 942 870 986 ortum
910 935 1138 997 abeunte,
1174 935 1381 999 facilius
1416 937 1576 997 iyitur
1613 935 1802 985 deloco
1840 938 1897 984 in
1934 951 2168 986 occasum
2204 951 2332 1000 pro-
2422 979 2424 981 .

39 1025 41 1028 ·
71 1012 355 1062 movebitur
392 1025 426 1059 a
461 1011 679 1060 violento
716 1015 884 1072 motu3
936 1015 992 1057 at
1027 1010 1085 1056 in
1123 1014 1293 1058 ortum
1344 1009 1594 1057 vincenda
1633 1014 1702 1058 est
1739 1009 1816 1059 illi
1851 1011 2016 1058 motui
2066 1024 2173 1070 non
2212 1010 2357 1058 tan-⁴

74 1091 183 1134 tum
216 1084 475 1148 prehensio
514 1085 800 1146 maynetica
845 1082 1082 1142 Telluris,
1135 1081 1222 1130 sed
1255 1083 1410 1130 etiam
1447 1084 1636 1131 inertia
1672 1082 1954 1147 materialis
1989 1083 2136 1145 ylobi‚
2187 1083 2334 1131 resti-

67 1160 223 1207 tantis
258 1159 316 1205 in
352 1171 544 1206 occasu.
621 1156 740 1204 Esto
778 1154 872 1204 hoc
909 1160 964 1203 ut
1001 1169 1149 1219 supra
1187 1153 1248 1203 de
1288 1168 1471 1203 oceano
1524 1168 1834 1218 concessum3
1891 1161 1941 1205 at
1981 1155 2214 1219 quicquid
2251 1157 2332 1218 sit,
2353 1191 2359 1198 .

44 1233 117 1284 ,in
154 1230 306 1294 globo
346 1237 474 1279 certe
511 1228 829 1278 bombardico
869 1226 1228 1276 inaestimabile
1269 1229 1521 1313 quippiam
1549 1234 1638 1289 est,
1677 1242 1768 1278 nec
1798 1227 1903 1278 ulla
1931 1231 2181 1293 proportio
2219 1243 2334 1279 sen-

68 1303 223 1353 sibilis
260 1303 461 1353 alterius
499 1316 695 1366 pugnae
731 1300 795 1349 ad
833 1302 1051 1351 alteram.
1124 1300 1253 1350 Nam
1302 1302 1344 1349 si
1379 1293 1556 1363 globus
1595 1292 1939 1355 bombardicus
1992 1298 2354 1372 exploderetur,

69 1376 239 1427 cadem
276 1378 329 1424 vi
366 1375 598 1440 pulveris,
637 1377 828 1438 positus
866 1379 1003 1424 extra
1040 1374 1269 1423 virtutem
1295 1373 1505 1423 Telluris
1543 1377 1891 1437 attractoriam,
1933 1373 2257 1426 transvolaret
2293 1377 2334 1424 is

0 1449 1 1453 ’
67 1464 165 1500 non
200 1455 389 1499 tantum
436 1464 526 1513 per
562 1463 712 1497 unum
758 1452 844 1496 aut
878 1462 968 1512 per
1004 1453 1114 1497 octo
1151 1447 1378 1497 milliaria
1428 1449 1574 1512 spatii
1611 1448 1869 1511 mundani,
1921 1450 2007 1499 sed
2054 1450 2202 1514 plane
2242 1463 2332 1542 per

0 1548 2 1557 =
68 1522 401 1574 incredibilem
441 1537 608 1572 eorum
645 1536 913 1571 numerum.

210 1597 381 1646 Posito
418 1599 580 1658 etiam,
619 1594 752 1659 quod
789 1594 1062 1645 'differentia
1097 1595 1160 1643 sit
1197 1593 1528 1659 perceptibilis
1566 1609 1619 1645 se
1658 1596 1790 1659 ipsa,
1841 1599 2004 1650 tamen
2045 1595 2202 1646 deerit
2240 1609 2330 1646 oc·
2404 1641 2407 1644 Δ

71 1671 204 1720 casio
243 1668 672 1735 experimentandi.
749 1664 871 1731 Q'uis
910 1669 1039 1718 enim
1077 1674 1261 1718 certum
1298 1682 1382 1717 me
1412 1667 1583 1718 reddet
1621 1667 1681 1718 de
1720 1667 1893 1719 eadem
1931 1670 1979 1724 vi
2019 1669 2257 1734 pulveris
2279 1671 2327 1718 iu

68 1751 275 1807 utraque
313 1746 595 1806 explosione
633 1743 903 1805 ceterisque
943 1741 1338 1790 circumstantiis
1353 1743 1579 1805 utrinque
1617 1741 1839 1792 iisdem?
1929 1747 1935 1755 ”

213 1817 272 1866 Si
315 1817 472 1865 Terra
507 1819 567 1864 in
599 1816 814 1878 playam
850 1828 1015 1863 unam
1055 1816 1167 1874 iret,
1220 1828 1415 1877 semper
1451 1816 1610 1864 nubes
1646 1822 1694 1868 et
1729 1830 1846 1864 aves
1885 1811 2060 1864 volare
2095 1790 2333 1865 videren-
2365 1812 2371 1818 ’

67 1897 153 1939 tur
187 1893 246 1939 in
276 1891 491 1952 plaqam
529 1883 816 1973 oppositam
852 1902 1068 1948 occasus,
1109 1889 1233 1951 quia
1264 1891 1332 1935 in
1365 1889 1469 1938 alto
1503 1889 1792 1952 penderent.
1870 1888 2087 1938 Minime.
2143 1889 2333 1939 Nubes

75 1963 154 2013 vel
190 1963 414 2012 aviculae
450 1977 549 2011 non
586 1967 701 2010 sunt
737 1963 787 2010 in
825 1960 928 2009 ulla
965 1962 1338 2024 comparatione·
1365 1960 1427 2010 ad
1452 1961 1631 2012 molem
1659 1976 1895 2025 aquarum
1922 1948 2108 2011 oceani.
2174 1963 2333 2027 Finge

69 2051 210 2100 ergo,
259 2037 440 2085 nubem
476 2035 556 2085 vel
595 2049 739 2085 avem
777 2035 976 2084 haerere
1030 2049 1319 2098 suspensam
1358 2036 1407 2082 in
1448 2039 1585 2098 ae're,
1637 2050 1735 2084 non
1786 2041 2007 2086 ruentem
2043 2038 2229 2099 impetu
2285 2038 2333 2084 in
2394 2049 2397 2053 ⁴

66 2116 253 2176 partem
292 2109 470 2170 ullam3
508 2109 613 2170 illa,
649 2114 704 2157 ut
741 2123 889 2173 supra
926 2107 1054 2170 lapis
1094 2107 1337 2169 decidenS,
1376 2109 1557 2158 virtute
1596 2108 1808 2158 Telluris
1856 2123 2048 2159 annexa
2096 2109 2333 2173 subjectis

71 2189 121 2234 et
155 2183 477 2246 circumjectis
515 2184 728 2246 campis,
782 2196 882 2230 una
930 2195 1039 2230 cum
1078 2181 1275 2230 Tellure
1312 2179 1555 2248 (respectu
1606 2184 1750 2246 spatii
1794 2179 2046 2248 mundani)
2085 2173 2332 2244 volvetur,

7 2302 9 2315 ⁴
66 2270 256 2322 semper
303 2256 461 2306 eidem
509 2256 626 2304 loco‘
668 2253 1131 2319 perpendiculariter
1166 2256 1438 2304 imminens,
1514 2255 1733 2305 Accedat
1787 2257 1956 2319 igitur.
1988 2255 2064 2303 illi
2117 2257 2335 2306 versanti

8 2327 9 2330 ’
63 2330 112 2378 in
149 2329 238 2378 tali
276 2323 553 2378 conditione
591 2328 815 2378 animalis
853 2329 1086 2391 impetus,
1137 2333 1274 2391 patet
1312 2328 1445 2391 quod
1483 2330 1524 2377 is
1562 2328 1697 2378 illam
1746 2344 1807 2378 ex
1845 2329 1939 2379 hoc
1977 2343 2068 2378 suo
2118 2343 2333 2395 perpen-

66 2401 227 2463 diculo
265 2405 330 2451 sit
367 2402 617 2452 eliciturus
654 2403 703 2449 in
738 2402 954 2465 plagam,
993 2402 1044 2448 in
1081 2415 1227 2464 quam
1263 2403 1424 2465 vergit
1459 2403 1687 2476 impetuS‚
1727 2402 1891 2467 idque
1902 2404 2007 2453 sine
2035 2402 2330 2480 discrimine,
2376 2409 2378 2411 ’

66 2469 145 2526 v'el
184 2478 235 2523 in
276 2482 434 2525 ortum
473 2474 554 2525 vel
590 2477 640 2524 in
680 2483 924 2538 occasum.
1865 2507 1868 2510 -
2191 2507 2199 2514 ·

213 2549 269 2598 Si
313 2549 471 2598 Terra
509 2549 819 2610 volveretur,
871 2548 1126 2606 animalia
1162 2554 1208 2595 et
1243 2547 1476 2615 aedificia
1525 2555 1894 2612 quassarentur
1939 2556 1986 2598 et
2022 2549 2333 2599 collaberen-

73 2628 174 2684 tur,
229 2624 531 2671 crescentia
526 2622 635 2671 hoc
678 2628 823 2671 motu
868 2619 1237 2689 impedirentur
1286 2627 1332 2669 et
1376 2622 1769 2672 destruerentur.
1846 2618 2002 2671 Nihil
2033 2623 2207 2671 horum
2246 2636 2328 2682 se·
2413 2622 2416 2626 ’
2507 2623 2511 2627 ’

10 2711 13 2731 ⁴
67 2698 243 2760 quitur.
318 2695 442 2744 Nam
481 2699 641 2743 motus
679 2700 754 2744 est
791 2693 1066 2757 aequabilis
1092 2707 1192 2763 ⁸nec
1230 2695 1468 2758 impingit.
1547 2694 1726 2745 Omnia
1765 2697 1893 2746 enim
1931 2698 2027 2744 ista
2066 2698 2115 2743 in
2155 2695 2325 2745 intimo

67 2770 175 2819 sinu
221 2774 271 2819 et
314 2767 573 2855 complexu
609 2768 804 2823 virtutis
849 2767 1136 2816 attractricis
1187 2769 1410 2831 aerisque
1449 2772 1498 2817 et
1535 2771 1770 2818 montium
1822 2783 1923 2818 una
1961 2770 2179 2818 euntium
2219 2768 2332 2818 col-'
2427 2792 2437 2799 ·

66 2841 227 2892 locata
266 2848 316 2892 et
351 2844 422 2890 sic
459 2840 757 2901 circumlata,
797 2854 988 2889 summa
1023 2839 1338 2889 nihilominus
1389 2842 1551 2905 quiete
1589 2841 1822 2891 fruuntur
1875 2840 2139 2905 ·Adcoque
2176 2855 2238 2892 ne
2276 2842 2327 2890 in

65 2917 275 2978 navigiis
301 2914 525 2979 quidem,
564 2928 652 2977 per
686 2912 1019 2976 rapidissimos
1056 2913 1234 2963 fluvios
1271 2911 1594 2990 aequabiliter
1631 2913 1825 2977 delatis,
1862 2914 1965 2964 ulla
2001 2916 2208 2989 sentitur
2245 2916 2335 2966 iri-⁴
2373 2928 2384 2946 ’-

0 3035 2 3038 ,
69 2988 339 3065 quietudo,
370 3002 466 3036 non
505 2991 789 3037 evertuntur
822 2986 1001 3051 pocula
1041 2987 1157 3035 vino
1195 2986 1356 3051 plena.

214 3063 287 3111 At
320 3067 448 3110 certe
486 3060 556 3109 ad
590 3062 764 3108 minus
800 3060 947 3108 hunc
973 3065 1166 3109 motum
1207 3063 1264 3108 in
1302 3061 1597 3123 corporibus
1622 3061 1806 3118 nostris
1826 3062 2140 3123 sentiremus,
2181 3062 2334 3110 etiam

69 3134 249 3184 densis
284 3134 482 3185 oculis?
552 3121 773 3181 Minime.
849 3132 974 3181 Nam
1010 3146 1072 3181 ne
1110 3134 1159 3180 in
1198 3134 1408 3182 navibus
1449 3133 1643 3195 quidem
1686 3147 1877 3197 semper
1914 3134 2118 3183 sentitur
2154 3140 2332 3195 motus,

72 3206 268 3271 quando
305 3206 629 3270 aequabiliter
668 3205 957 3262 decurrunt„
979 3217 1088 3253 cum
1126 3210 1288 3254 tamen
1326 3206 1396 3253 ibi
1435 3219 1636 3270 corpora
1674 3206 1916 3255 naturalia
1960 3209 2204 3270 gravitate
2243 3221 2334 3257 sua
2379 3245 2383 3250 .

70 3282 342 3343 rapiantur,
395 3294 492 3329 non
540 3280 603 3328 ad
642 3292 793 3339 naves
846 3284 1080 3341 tanquam
1130 3278 1420 3338 adnaves,
1473 3277 1559 3328 sed
1609 3277 1736 3328 ultra
1773 3294 1927 3329 naves
1976 3286 2245 3330 extrorsum
2285 3286 2333 3330 et

72 3351 295 3403 deorsum
321 3345 395 3402 'ad
433 3353 681 3416 subjectas
723 3359 902 3411 terras,
942 3357 1165 3415 respectu
1205 3351 1416 3399 fluminis
1456 3353 1787 3415 quiescentes,
1831 3347 2130 3404 navis-vero
2168 3350 2329 3418 rapiat

71 3425 158 3475 illa
190 3428 241 3492 in
279 3433 608 3476 transversum
646 3426 794 3487 hujus
832 3423 1017 3484 lineae3
1057 3430 1242 3487 quanto
1279 3425 1439 3473 minus
1476 3438 1567 3474 nos
1607 3424 1786 3477 Terrae
1824 3433 2008 3476 motum
2049 3422 2361 3489 sentiemus,¹

0 3516 17 3559 ν,
74 3501 155 3562 qui
193 3501 435 3561 gravitate
472 3506 747 3549 nostrorum
786 3511 1038 3562 corporum
1075 3510 1171 3544 non
1212 3495 1457 3559 aliorsum,
1498 3512 1644 3563 quam
1683 3499 1745 3548 ad
1785 3505 1955 3550 cuntes
1995 3506 2172 3560 terras,
2215 3502 2327 3564 qui-

73 3570 165 3620 bus
198 3573 479 3634 insistimus,
519 3573 830 3632 atti-abimum
883 3585 941 3619 ac
979 3569 1179 3633 proinde
1218 3583 1313 3618 uon
1353 3577 1488 3620 extra
1524 3572 1703 3623 lineam
1749 3575 2051 3624 attractionis
2084 3574 2339 3625 naturalis·
2398 3581 2403 3588 ·

75 3645 310 3708 rapimur,
350 3658 459 3695 cum
498 3646 586 3695 illa
623 3646 753 3694 linea
792 3659 890 3693 una
927 3657 1016 3692 nos
1054 3649 1220 3706 raptos
1259 3645 1526 3694 comitetur.
1686 3654 1691 3661 '

219 3717 286 3766 At
319 3717 487 3768 videre
523 3726 590 3769 est
625 3722 683 3768 in
718 3721 841 3767 rotis
876 3719 1128 3780 incitatis,
1154 3717 1397 3788 quicqu-id
1431 3721 1810 3781 superponitur,
1839 3720 1905 3768 id
1939 3719 2134 3768 desilire
2171 3719 2326 3769 veluti

74 3790 348 3853 prozimum
369 3794 574 3855 impetu,
617 3792 752 3856 quod
771 3798 817 3839 et
839 3804 998 3852 supra
1024 3792 1126 3851 ipse
1150 3788 1391 3849 alleqasti.
1469 3790 1552 3842 Sic
1576 3794 1735 3854 iyitur
1771 3799 1818 3841 et
1852 3792 2040 3856 lapides
2080 3798 2126 3841 et
2157 3793 2328 3856 ferra-

0 3881 19 3923 ›3
78 3868 251 3912 menta
285 3862 539 3916 desilirent
573 3881 607 3915 a
652 3864 847 3917 Tellure
884 3863 1112 3929 coeloque
1149 3862 1439 3916 exciderent.
1521 3863 1704 3918 Gravia
1745 3866 1863 3918 rotis
1901 3861 2115 3918 incitatis
2166 3866 2327 3929 impo-
