2560 4100
131 83 181 132 8'
341 123 345 126 ,
720 76 774 120 In
814 74 1057 132 Epitomen
1084 74 1398 121 Astronomiae
1437 72 1768 130 Copernicanae

55 242 59 246 ’
129 234 219 292 pro
259 241 355 290 quo
395 231 525 276 stent
563 225 947 286 observationeS,
985 226 1192 274 assumit
1223 224 1567 288 corpulentias
1639 223 1872 272 Rationes
1910 236 2027 271 vero
2059 222 2385 286 „archetypa-

130 302 234 351 les‘<
276 301 364 348 has
400 298 611 362 produnt
645 299 1007 362 proportiones:
1049 304 1267 347 assumto
1306 311 1506 360 corpore
1543 296 1753 346 Telluris
1776 316 1836 338 =
1864 298 1908 356 1,
1949 298 2038 345 erit
2073 292 2107 356 i}
2129 317 2188 336 =
2223 298 2382 355 lO-——,

130 374 182 434 ‘Il
219 386 284 414 =
333 373 361 420 5
403 370 500 436 4,
570 376 612 426 ὁ
659 392 718 412 =
754 369 887 440 172,
943 370 984 436 ῼ
1027 391 1087 411 =
1131 369 1201 440 ΒΑ
1240 399 1342 431 --,
1401 366 1443 435 Q
1487 390 1547 410 =
1601 365 1666 437 ¹s3
1693 372 1765 427 -Ι-.
1812 369 1918 418 ,ΠΕ
1956 362 2236 431 corporibus
2271 368 2382 430 pla-

22 455 49 499 ’,
130 452 349 495 netarum
388 445 512 493 haec
552 445 944 508 „consentanea“
987 446 1182 492 statuit:
1223 450 1278 492 ut
1315 441 1545 506 quodque
1584 456 1760 504 corpus
1798 441 1902 491 Soli
1939 442 2147 490 vicinius
2184 443 2276 502 sit,
2316 444 2386 488 ita

130 526 179 568 et
218 519 413 567 densius
452 531 584 580 esse;
630 519 879 567 raritatem
929 532 1044 565 vero
1096 523 1145 565 et
1184 517 1473 565 densitatem
1509 529 1607 564 non
1644 514 2072 578 proportionaliter
2111 513 2385 563 admetien-

131 592 243 649 dam
272 606 388 641 esse
425 590 749 662 magnitudini
787 604 1064 653 corporum,
1104 589 1190 639 sed
1228 590 1591 653 proportionem
1629 590 1800 650 copiae
1838 587 2102 637 materialis
2140 602 2246 636 esse
2284 593 2387 634 sta-

131 663 364 714 tuendam
399 665 619 727 praccise
658 663 906 712 dimidiam
944 665 1269 727 proportionis
1294 668 1528 710 motuum.
1603 659 1695 708 His
1732 661 1926 709 innixus
1960 662 2238 724 principiis
2230 674 2388 708 com-

130 741 269 800 putat
295 736 559 796 densitates
596 737 919 801 planetarum,
959 735 1197 784 densitate
1236 735 1415 783 Terrae
1450 734 1614 797 posita
1655 754 1715 774 =
1764 735 1852 794 10,
1899 733 2015 782 has:
2064 729 2102 798 ἣ
2147 754 2206 774 --
2251 734 2298 793 3,
2305 735 2388 793 24,

65 833 71 839 ·
129 810 283 871 2.ss
327 811 474 871 4‚38,
527 810 817 871 (5:851,
858 807 900 875 ῼ
946 829 1004 848 =
1055 809 1236 869 11‚75,
1277 803 1321 874 ᾤ
1367 828 1427 848 =
1475 805 1648 867 16‚05,
1692 806 1766 868 Θ·
1801 827 1859 847 =
1909 807 1991 856 18.
2065 805 2143 854 De
2183 807 2386 866 ratione,

56 894 58 896 ’
133 898 260 946 quae
296 882 565 932 intercedat
600 885 724 932 inter
745 883 1000 930 distantias
1018 879 1162 938 Solis,
1202 880 1506 945 planetarum
1545 885 1593 929 et
1617 879 1835 940 fixarum,
1876 884 2058 943 censet,
2097 877 2387 928 diametrum

53 991 56 999 .
139 957 385 1020 „regionis
422 956 708 1004 mobilium“
750 970 857 1004 esse
894 954 1108 1003 medium
1158 953 1520 1017 proportionale
1570 954 1692 1001 inter
1747 952 2159 1001 semidiametrum
2214 966 2389 1015 corpo-

67 1060 70 1063 *
134 1031 199 1080 ris
237 1028 369 1078 Solis
419 1035 468 1078 et
516 1029 755 1092 sphaerae
791 1027 1020 1088 fixarum3
1071 1028 1237 1089 posita
1287 1026 1418 1076 Solis
1470 1025 1831 1075 semidiametro
1877 1046 1935 1066 =
1983 1028 2037 1086 l,
2090 1026 2178 1075 erit
2226 1027 2391 1088 regio-

129 1103 213 1151 nis
251 1101 504 1151 mobilium
553 1101 660 1168 (seu
701 1101 921 1161 Saturni,
984 1101 1174 1162 extimi)
1226 1101 1394 1161 2000,
1458 1099 1661 1147 fixarum
1708 1099 1946 1163 sphaerae
2003 1120 2061 1139 =
2121 1099 2386 1147 4000000

131 1177 304 1236 Finem
338 1175 459 1224 facit
493 1174 736 1238 Keplerus
792 1175 946 1236 partis
990 1173 1138 1235 hujus
1187 1176 1371 1236 primae
1420 1170 1736 1236 proponendo
1786 1173 2007 1222 tabulam
2051 1170 2388 1220 distantiarum

129 1243 432 1312 planetarum
471 1247 735 1297 secundum
772 1245 1110 1296 Ptolemaeum
1147 1261 1232 1311 per
1272 1246 1528 1309 Copernici
1566 1247 1926 1308 correctionem,
1966 1244 2389 1309 comparandoque

5 1350 10 1354 -
107 1325 352 1390 >corpora
371 1321 516 1382 Solis,
556 1321 766 1372 aetheris
805 1326 854 1369 et
888 1319 1108 1368 fixarum.

186 1429 192 1451 .,
278 1396 422 1444 Pars·
445 1395 681 1443 secunda.
759 1393 836 1442 De
873 1398 1008 1442 motu
1049 1406 1302 1456 corporum
1342 1390 1713 1441 mundanorum.
1789 1390 1967 1441 Statim
2014 1392 2154 1441 initio
2206 1398 2392 1455 propo-

114 1469 262 1531 {initur
320 1466 574 1530 „Regula“
617 1466 844 1529 Kepleri:
904 1465 1212 1529 quadrata
1269 1472 1618 1529 temporum
1655 1464 2130 1528 periodicorum
2169 1465 2392 1514 cubice

11 1559 60 1613 ss'·
134 1541 423 1591 radicata
459 1538 627 1605 (quam
662 1542 902 1590 rationem
943 1539 1060 1588 dicit
1096 1535 1495 1606 sesquialteram)
1545 1552 1683 1588 esse
1736 1544 1806 1588 ut
1860 1537 2393 1588 semidiametros

133 1629 161 1662 o
176 1628 199 1664 r
207 1615 272 1664 bi
288 1629 321 1667 u
334 1628 381 1661 m
429 1613 534 1676 pla
545 1628 576 1660 ιι
593 1628 618 1663 e
633 1619 653 1661 t
666 1627 696 1662 a
710 1627 732 1660 r
745 1628 776 1662 ιι
789 1628 852 1661 ιιι.
928 1611 1119 1661 Deinde
1168 1611 1386 1675 disputat
1434 1611 1676 1677 Keplerus
1729 1611 1788 1661 de
1842 1613 2084 1662 sententia
2121 1609 2393 1660 Ptolemaei

19 1676 38 1750 J
133 1693 190 1736 et>
230 1673 510 1751 Aristotelis
560 1686 623 1736 de
665 1687 880 1735 motibus
927 1685 1267 1748 planetarum,
1331 1684 1514 1748 illaque
1564 1686 1774 1735 refutata
1822 1686 2010 1735 stabilit
2049 1685 2304 1748 Copernici
2344 1691 2392 1734 et

100 1770 270 1816 ‚suam
307 1761 462 1823 ipsius
498 1761 788 1809 sententiam
828 1758 888 1809 de
926 1758 1023 1807 illis
1061 1758 1303 1819 motibus,
1343 1758 1436 1808 hoc
1475 1758 1723 1809 theorema
1763 1773 1823 1808 ex
1860 1758 2067 1823 physica
2104 1771 2390 1808 arcessens:

135 1834 400 1920 „naturalis
440 1835 615 1882 inertia
651 1834 867 1896 corporis
906 1832 1135 1882 coelestis
1173 1833 1300 1881 sicut
1340 1832 1496 1882 omnis
1533 1834 1781 1893 materiae,
1822 1831 1884 1882 ad
1906 1831 2391 1918 quieteminclinans‚

132 1909 183 1956 vi
222 1906 435 1970 quadam
473 1908 771 1956 extrinsecus
810 1896 964 1954 allata
1000 1907 1225 1965 vincitur,
1265 1911 1320 1955 ut
1357 1912 1628 1956 moveatur
1637 1906 1662 1934 “
1739 1903 1878 1956 Haec
1916 1907 1994 1954 vis
2032 1920 2091 1954 ex
2117 1903 2232 1955 Sole
2257 1918 2393 1954 ema-

131 1986 232 2041 nat,
274 1979 407 2043 quod
446 1980 753 2029 confirmatur
791 1993 874 2040 eo,
916 1978 1047 2041 quod
1085 1978 1392 2043 planetarum
1428 1985 1591 2028 motus
1629 1977 1693 2028 ad
1729 1993 1947 2030 normam
1987 1977 2324 2028 distantiarum
2364 1992 2394 2027 a

138 2053 253 2103 Sole
294 2059 514 2103 crescunt
552 2059 600 2102 et
640 2053 936 2103 decrescunt.
1010 2052 1278 2118 Praecipue
1318 2067 1434 2102 vero
1474 2052 1743 2102 confirmari
1781 2053 1907 2103 banc
1944 2054 2238 2117 positionem
2277 2066 2394 2102 cen-

130 2132 204 2176 set
250 2126 491 2192 Keplerus
541 2128 781 2196 rotatione
842 2124 972 2174 Solis
1025 2127 1153 2175 circa
1203 2140 1344 2175 axem
1395 2123 1761 2193 (immobilem);
1812 2126 1939 2175 hanc
1983 2128 2084 2175 vim
2123 2127 2391 2191 motricem,

133 2215 163 2249 a
201 2202 356 2264 prima
395 2203 636 2249 creatione
674 2199 776 2250 Soli
817 2198 1037 2264 inditam,
1075 2200 1336 2263 propagari
1374 2199 1437 2249 ad
1474 2199 1697 2263 planetas
1739 2198 2014 2263 „praesidio
2053 2201 2245 2250 animae
2283 2214 2393 2248 mo-

130 2274 294 2322 tricis“
336 2275 383 2321 in
424 2273 552 2334 Sole,
596 2288 722 2337 quae
762 2279 1071 2336 comparatur
1108 2274 1158 2321 vi
1196 2274 1515 2336 magneticae.
1589 2272 1732 2322 Hanc
1769 2275 1891 2335 vim,
1930 2287 2028 2323 non
2066 2272 2212 2336 plane
2249 2286 2392 2336 mag-
2423 2304 2427 2312 -

130 2348 357 2408 usticam,
397 2346 486 2396 sed
525 2349 571 2396 ei
610 2346 926 2411 simillimam,
963 2351 1160 2410 propter
1197 2348 1535 2396 attractionem
1574 2353 1623 2396 et
1657 2346 2013 2410 repulsionem,
2054 2348 2213 2396 inesse
2250 2351 2393 2410 putat

133 2421 279 2468 etiam
319 2420 602 2483 corporibus
640 2421 963 2483 planetarum,
1005 2426 1052 2468 et
1073 2419 1239 2469 Solem
1277 2419 1514 2470 trahendo
1553 2426 1602 2470 et
1637 2412 1916 2484 repellendo
1955 2422 2161 2470 retinere
2199 2419 2392 2468 illorum

132 2507 336 2556 corpora
374 2493 725 2557 retinendoque
765 2492 1149 2555 circumducere,
1202 2493 1317 2542 dum
1365 2508 1417 2544 se
1467 2496 1631 2558 ipsum
1669 2500 1936 2544 convertat.
2015 2494 2235 2557 Pugnare
2275 2507 2390 2542 vero

130 2568 254 2626 inter
292 2582 343 2616 se
380 2569 654 2630 potentiam
691 2566 821 2616 Solis
860 2568 1124 2616 vectoriam
1164 2573 1213 2616 et
1251 2567 1470 2617 inertiam
1515 2566 1816 2617 materialem
1865 2567 2196 2631 planetarum:
2256 2565 2390 2615 illam

24 2646 68 2698 J
132 2639 378 2703 planetam
428 2640 544 2690 sede
596 2655 686 2689 sua
735 2654 982 2701 emovere,
1034 2640 1164 2689 hanc
1212 2654 1389 2705 corpus
1434 2655 1579 2690 suum
1624 2640 1842 2690 nonnihil
1894 2642 2078 2704 eripere
2117 2655 2143 2690 e
2184 2639 2392 2690 vinculis

95 2753 98 2755 Α
129 2712 259 2781 illis,
317 2714 498 2776 quibus
553 2729 583 2763 a
630 2713 746 2763 Sole
798 2719 926 2763 esset
962 2713 1269 2776 prehensum.
1348 2713 1437 2763 Vis
1475 2713 1593 2775 illa,
1649 2729 1736 2764 seu
1774 2715 1938 2763 anima
1975 2729 2062 2764 seu
2100 2715 2287 2778 species
2327 2728 2386 2763 ex

70 2824 73 2827 ⁴
117 2784 244 2855 Sole
285 2783 487 2853 delapsa
537 2786 780 2854 (omnibus
818 2787 895 2836 his
933 2789 1084 2836 utitur
1122 2787 1364 2852 Keplerus
1420 2788 1653 2849 vocibus,
1704 2793 1759 2836 ut
1811 2801 1955 2838 sensa
2006 2802 2098 2836 sua
2146 2784 2389 2853 explicet),

45 2877 49 2881 ·
128 2860 334 2927 semper<
362 2859 540 2928 'eadem
595 2867 693 2921 est,
748 2874 898 2923 quare
945 2867 1165 2924 tempora
1213 2860 1461 2926 periodica
1509 2861 1811 2924 singulorum
1850 2861 2152 2925 planetarum
2189 2866 2387 2910 manent

22 2937 25 2939 ’
78 2941 81 2943 ·
112 2933 398 2998 ‚invariata3
426 2935 497 2992 {in
539 2933 744 2982 diversis
783 2933 1027 2982 distantiis
1066 2940 1272 2997 augetur
1308 2933 1390 2984 vel
1429 2936 1661 2983 minuitur
1698 2934 1869 2984 eadem
1907 2937 2116 2995 ratione,
2170 2949 2270 2997 qua
2307 2934 2391 2982 lux

114 3005 455 3077 ,αιιςειιιιψειΙ
491 3008 721 3055 minuitur
756 3009 955 3055 mutatis
994 3006 1237 3056 distantiis
1274 3022 1448 3068 rerum,
1487 3010 1536 3055 in
1576 3022 1699 3071 quas
1725 3008 1807 3057 lux
1834 3008 2031 3070 incidit;
2071 3010 2243 3057 transit
2267 3007 2392 3057 haec

110 3080 208 3127 'vis
223 3078 600 3141 amplissimum
638 3079 898 3140 aetherem,
937 3082 1055 3129 item
1093 3083 1219 3129 sicut
1255 3081 1340 3130 lux
1378 3081 1509 3131 Solis
1547 3080 1611 3131 ad
1650 3095 1739 3130 nos
1779 3081 2048 3143 delabitur,
2095 3095 2191 3130 non
2231 3084 2390 3145 impe·
2448 3137 2451 3141 ,

61 3157 76 3172 ’·
110 3129 282 3222 'ditur
296 3153 579 3216 'corporibus
616 3155 943 3218 interpositiS,
984 3153 1069 3203 sed
1108 3155 1281 3204 transit
1317 3169 1403 3218 per
1439 3153 1540 3213 illa,
1579 3156 1704 3205 sicut
1741 3156 1817 3203 vis
1855 3157 2130 3218 magnetica
2167 3161 2391 3218 penetrat

132 3240 223 3291 per
257 3237 461 3291 corpora
498 3227 786 3290 interposita
825 3226 887 3274 ad
926 3226 1048 3287 alia,
1103 3242 1230 3290 quae
1277 3234 1488 3291 prensat.
1564 3227 1656 3277 Vis
1692 3233 1870 3277 autem
1893 3228 1981 3276 illa
2017 3243 2114 3276 non
2153 3229 2246 3277 soli
2285 3227 2390 3276 Soli

66 3324 67 3327 =
131 3296 273 3354 inest,
314 3296 487 3349 eadem
525 3314 550 3348 e
588 3299 739 3348 Terra
777 3298 1057 3347 diffunditur
1095 3302 1143 3348 in
1181 3301 1387 3363 Lunam,
1426 3301 1788 3351 circumducens
1829 3299 1964 3351 illam
2003 3302 2131 3351 circa
2169 3301 2386 3395 Terram,

127 3361 309 3423 eadem'
337 3386 363 3420 e
402 3367 542 3422 Luna
579 3374 629 3420 in
666 3372 865 3420 Terram
903 3372 1104 3436 delapsa
1142 3381 1308 3423 movet
1346 3377 1512 3425 maria.

243 3444 362 3499 aHis
401 3447 663 3510 propositis
691 3444 814 3493 redit
840 3445 1081 3508 Keplerus
1119 3445 1182 3494 ad
1219 3450 1472 3510 rationem,
1512 3463 1610 3512 qua
1644 3448 1794 3510 partis
1830 3446 1976 3510 hujus
2013 3445 2255 3496 secundae
2292 3447 2390 3494 ini-

86 3539 90 3544 ·
127 3520 245 3585 ιίιιιιι
285 3511 489 3584 fecerat,
530 3521 799 3583 temporum
836 3519 1189 3581 periodicorum
1227 3521 1290 3584 ad
1330 3523 1470 3573 orbes
1507 3521 1843 3586 planetarum,
1884 3535 2082 3569 causam
2120 3519 2267 3583 hujus
2306 3535 2386 3568 ra-

124 3592 272 3640 tionis
310 3555 660 3641 demonstrans,
735 3591 864 3640 Hinc
902 3592 963 3640 ad
1001 3597 1188 3640 motum
1225 3593 1402 3645 Terrae
1440 3607 1655 3645 annuum
1695 3595 1932 3643 transiens
1949 3588 2177 3657 probat:
2218 3592 2384 3642 Solem

18 3658 23 3736 ἶ
59 3669 62 3672 “
125 3667 177 3713 in
215 3671 387 3714 centro
415 3655 582 3713 'mundi
620 3665 849 3725 haerere,
904 3665 1044 3714 orbes
1087 3665 1392 3728 planetarum
1445 3668 1611 3719 Solem
1658 3668 1938 3728 circumire,
1987 3666 2117 3716 Solis
2171 3672 2386 3715 centrum

87 3787 90 3791 ,
128 3744 433 3792 communem
469 3736 575 3788 esse
613 3735 795 3788 nodum
832 3753 920 3788 seu
958 3743 1171 3789 centrum
1210 3747 1532 3803 systematum
1574 3742 1792 3792 omnium
1844 3741 2150 3805 planetarum
2202 3742 2387 3803 prima-

42 3809 46 3813 ’
99 3813 320 3890 riorum,
359 3811 524 3883 ibique
561 3812 723 3863 locum
759 3814 960 3876 invenit,
1000 3813 1314 3883 comparandi
1354 3817 1480 3867 inter
1520 3830 1574 3867 se
1611 3815 1778 3865 varias
1819 3815 2062 3865 variorum
2102 3811 2160 3862 de
2202 3813 2385 3862 mundo
