2554 4140
291 156 393 203 126·
902 149 1134 206 Epitomes
1165 150 1475 196 Astronomiae
1540 149 1676 196 Liber
1705 150 1892 197 Primus,

430 297 529 346 Dic
567 305 872 359 aryumenta
895 302 1208 363 sequentium
1247 301 1316 348 ad
1338 301 1608 349 theoricam
1645 299 1927 349 doctrinam
1945 302 2326 362 pertinentium.
2383 299 2519 349 Doc-

283 372 434 419 trinae
471 369 714 419 theoricae
753 369 816 420 ad
851 371 1132 422 methodum
1170 373 1414 422 doctrinae
1452 371 1731 436 sphaericae
1757 377 1869 420 sunt
1902 372 2071 423 itidem
2094 378 2190 423 tres
2226 371 2336 422 libri
2373 371 2514 435 facti3

286 448 500 507 quartus,
541 443 736 505 quintus
774 449 822 493 et
858 450 1039 494 sextus.

427 514 636 577 Quartus
687 517 820 566 enim
865 516 1013 567 babet
1063 517 1319 581 principia,
1375 517 1549 579 quibus
1601 515 1893 581 Copernicus
1944 516 2207 568 doctrinam
2255 516 2518 567 theoricam

282 587 493 649 tradidit,
533 589 683 637 totius
705 589 872 638 mundi
898 590 1261 655 dispositionem
1296 594 1343 637 et
1378 594 1539 654 partes
1584 591 1795 638 internas
1830 592 2134 654 partiumque
2171 595 2329 639 motus
2352 604 2520 639 recen-

282 676 392 710 sens
433 667 479 710 et
517 662 835 726 comprobans
875 664 1269 725 objectionesque
1307 661 1511 710 diluens.
1588 661 1795 723 Quintus
1833 664 2065 725 originem
2115 677 2385 726 causasque
2424 664 2518 711 cir-

282 733 498 783 culorum
547 737 919 784 eccentricorum
966 737 1016 782 in
1061 734 1260 783 theoriis
1298 736 1544 799 proponit,
1602 733 1735 797 quod
1780 734 1853 782 his
1890 735 2055 798 figuris
2095 751 2216 800 opus
2252 735 2519 785 habeamus

281 806 345 855 ad
381 806 731 871 expediendam
768 807 1032 857 doctrinam
1069 807 1347 867 theoricam,
1387 808 1471 856 ubi
1511 808 1610 856 veri
1647 807 1949 871 planetarum
1985 815 2148 857 motus
2178 809 2331 857 forma
2367 823 2518 871 gene-

281 879 444 928 raliter
481 879 758 944 explicatur.
835 880 1009 929 Sextus
1061 882 1217 943 ipsam
1271 879 1536 928 doctrinam
1574 879 1835 928 theoricam
1874 880 1934 929 de
1970 883 2181 930 motibus
2218 880 2519 945 planetarum

281 953 623 1017 apparentibus
670 955 873 1017 primum
931 953 1229 1016 singulorum
1276 954 1505 1014 seorsim,
1558 951 1730 1002 deinde
1769 961 1816 1002 et
1866 955 1990 1003 inter
2028 969 2079 1004 se
2117 959 2516 1018 comparatorum,

281 1024 487 1090 expedit.

428 1098 569 1161 Quae
612 1105 731 1146 sunt
771 1105 943 1160 partes
993 1099 1144 1158 hujus
1190 1098 1307 1146 libri
1350 1100 1507 1159 primi
1552 1099 1768 1160 residui,
1835 1098 1894 1146 de
1940 1101 2208 1160 principiis
2262 1098 2519 1148 doctrinae

277 1171 597 1232 sphaericae?
648 1170 886 1233 Quinque.
960 1171 1123 1219 Prima
1160 1178 1234 1220 est
1282 1169 1340 1218 de
1389 1170 1543 1233 figura
1591 1179 1639 1220 et
1686 1170 2017 1234 magnitudine
2054 1178 2206 1221 terrae
2257 1178 2305 1220 et
2351 1173 2520 1220 oceani

281 1241 435 1305 deque
482 1245 668 1292 ratione
717 1244 821 1305 ejus
869 1242 1164 1293 dimetiendi.
1240 1243 1465 1292 Secunda
1515 1243 1572 1292 de
1610 1244 1812 1292 fixarum
1859 1245 2038 1292 extima
2075 1244 2281 1308 sphaera
2318 1244 2518 1307 ejusque

280 1323 327 1364 et
364 1314 609 1364 stellarum
648 1316 827 1378 figuris.
902 1317 1069 1366 Tertia
1108 1316 1166 1365 de
1202 1322 1375 1364 natura
1412 1322 1460 1364 et
1497 1316 1750 1366 altitudine
1776 1318 1915 1377 aeris,
1956 1320 2093 1365 terris
2131 1324 2178 1366 et
2204 1331 2386 1365 oceano
2425 1317 2519 1365 cir—

280 1389 508 1449 cumfusi,
562 1395 610 1438 et
653 1404 798 1438 aurae
847 1404 932 1453 per
967 1395 1123 1438 totum
1161 1389 1404 1437 aetherem
1451 1387 1676 1450 diffusae,
1729 1388 1886 1452 deque
1934 1391 2185 1452 utriusque
2237 1388 2517 1438 differentia.

281 1460 462 1522 Quarta
514 1460 572 1509 de
622 1460 730 1510 loco
770 1461 978 1511 Telluris
1027 1464 1075 1509 in
1114 1463 1336 1511 interiore
1375 1461 1628 1525 complexu
1667 1462 1902 1525 sphaerae
1942 1461 2158 1513 fixarum.
2234 1460 2418 1524 Quinta
2458 1461 2516 1511 de

280 1539 438 1597 δινησι,
478 1534 802 1584 turbinatione
841 1550 925 1584 seu
965 1534 1307 1585 convolutione
1345 1534 1478 1598 globi
1515 1534 1753 1597 Telluris,
1801 1534 2047 1598 aequabili
2085 1537 2211 1586 circa
2247 1549 2386 1584 axem
2425 1536 2518 1583 im-

278 1605 519 1656 mobilem.
