<?xml version="1.0" encoding="UTF-8"?>
<!DOCTYPE html PUBLIC "-//W3C//DTD XHTML 1.0 Transitional//EN"
    "http://www.w3.org/TR/xhtml1/DTD/xhtml1-transitional.dtd">
<html xmlns="http://www.w3.org/1999/xhtml" xml:lang="en" lang="en">
 <head>
  <title>
</title>
<meta http-equiv="Content-Type" content="text/html;charset=utf-8" />
  <meta name='ocr-system' content='tesseract 3.04.00' />
  <meta name='ocr-capabilities' content='ocr_page ocr_carea ocr_par ocr_line ocrx_word'/>
</head>
<body>
  <div class='ocr_page' id='page_1' title='image "./operaomniaedidit06kepluoft_0669.png"; bbox 0 0 2554 4140; ppageno 0'>
   <div class='ocr_carea' id='block_1_1' title="bbox 987 111 2346 184">
    <p class='ocr_par' dir='ltr' id='par_1_1' title="bbox 987 111 2346 184">
     <span class='ocr_line' id='line_1_1' title="bbox 987 111 2346 184; baseline 0.009 -26"><span class='ocrx_word' id='word_1_1' title='bbox 987 113 1220 159; x_wconf 87' lang='lat' dir='ltr'>Horroccii</span> <span class='ocrx_word' id='word_1_2' title='bbox 1249 113 1280 159; x_wconf 85' lang='lat' dir='ltr'><strong>J</strong></span> <span class='ocrx_word' id='word_1_3' title='bbox 1281 111 1491 159; x_wconf 86' lang='lat' dir='ltr'>udicium.</span> <span class='ocrx_word' id='word_1_4' title='bbox 1638 180 1640 184; x_wconf 67' lang='lat'>,</span> <span class='ocrx_word' id='word_1_5' title='bbox 2200 147 2205 152; x_wconf 95' lang='lat'>·</span> <span class='ocrx_word' id='word_1_6' title='bbox 2244 122 2346 170; x_wconf 84' lang='grc'><strong>655</strong></span> 
     </span>
    </p>
   </div>
   <div class='ocr_carea' id='block_1_2' title="bbox 96 257 2349 581">
    <p class='ocr_par' dir='ltr' id='par_1_2' title="bbox 97 257 2349 451">
     <span class='ocr_line' id='line_1_2' title="bbox 98 257 2349 319; baseline -0.001 -11"><span class='ocrx_word' id='word_1_7' title='bbox 98 263 286 308; x_wconf 90' lang='lat' dir='ltr'>monicis</span> <span class='ocrx_word' id='word_1_8' title='bbox 328 262 500 319; x_wconf 86' lang='lat' dir='ltr'>colligit</span> <span class='ocrx_word' id='word_1_9' title='bbox 539 261 656 307; x_wconf 85' lang='lat'>1730</span> <span class='ocrx_word' id='word_1_10' title='bbox 685 261 959 317; x_wconf 81' lang='lat' dir='ltr'><strong>(quanquam</strong></span> <span class='ocrx_word' id='word_1_11' title='bbox 1000 259 1149 305; x_wconf 87' lang='lat' dir='ltr'>fateor</span> <span class='ocrx_word' id='word_1_12' title='bbox 1184 259 1287 304; x_wconf 90' lang='lat' dir='ltr'>illas</span> <span class='ocrx_word' id='word_1_13' title='bbox 1317 258 1364 302; x_wconf 88' lang='lat' dir='ltr'>in</span> <span class='ocrx_word' id='word_1_14' title='bbox 1404 257 1588 314; x_wconf 90' lang='lat' dir='ltr'>reliquis</span> <span class='ocrx_word' id='word_1_15' title='bbox 1625 258 1820 315; x_wconf 89' lang='lat' dir='ltr'>planetis</span> <span class='ocrx_word' id='word_1_16' title='bbox 1861 272 1950 305; x_wconf 90' lang='lat' dir='ltr'>non</span> <span class='ocrx_word' id='word_1_17' title='bbox 1988 259 2192 318; x_wconf 85' lang='lat' dir='ltr'>praecise</span> <span class='ocrx_word' id='word_1_18' title='bbox 2235 261 2349 307; x_wconf 90' lang='lat' dir='ltr'>obti-</span> 
     </span>
     <span class='ocr_line' id='line_1_3' title="bbox 97 324 2349 384; baseline -0 -11"><span class='ocrx_word' id='word_1_19' title='bbox 97 330 237 384; x_wconf 91' lang='lat' dir='ltr'>nere).</span> <span class='ocrx_word' id='word_1_20' title='bbox 298 328 506 384; x_wconf 90' lang='lat' dir='ltr'>Denique</span> <span class='ocrx_word' id='word_1_21' title='bbox 549 327 709 371; x_wconf 90' lang='lat' dir='ltr'>Lunae</span> <span class='ocrx_word' id='word_1_22' title='bbox 750 338 777 369; x_wconf 90' lang='lat' dir='ltr'>a</span> <span class='ocrx_word' id='word_1_23' title='bbox 813 326 953 370; x_wconf 90' lang='lat' dir='ltr'>Terra</span> <span class='ocrx_word' id='word_1_24' title='bbox 991 325 1206 370; x_wconf 83' lang='lat' dir='ltr'><strong>distantia</strong></span> <span class='ocrx_word' id='word_1_25' title='bbox 1245 324 1464 380; x_wconf 86' lang='lat' dir='ltr'>maxima,</span> <span class='ocrx_word' id='word_1_26' title='bbox 1512 324 1758 368; x_wconf 89' lang='lat' dir='ltr'>secundum</span> <span class='ocrx_word' id='word_1_27' title='bbox 1793 325 1978 382; x_wconf 86' lang='lat' dir='ltr'>Kepleri</span> <span class='ocrx_word' id='word_1_28' title='bbox 2017 325 2349 383; x_wconf 81' lang='lat' dir='ltr'><strong>speculationes</strong></span> 
     </span>
     <span class='ocr_line' id='line_1_4' title="bbox 98 390 1868 451; baseline -0.002 -12"><span class='ocrx_word' id='word_1_29' title='bbox 98 395 298 450; x_wconf 84' lang='lat' dir='ltr'>(Astron.</span> <span class='ocrx_word' id='word_1_30' title='bbox 332 394 440 449; x_wconf 86' lang='lat' dir='ltr'>Cop.</span> <span class='ocrx_word' id='word_1_31' title='bbox 470 407 514 449; x_wconf 93' lang='lat' dir='ltr'>p.</span> <span class='ocrx_word' id='word_1_32' title='bbox 545 393 628 437; x_wconf 84' lang='lat'>481</span> <span class='ocrx_word' id='word_1_33' title='bbox 663 390 801 451; x_wconf 82' lang='lat'><strong>[327])</strong></span> <span class='ocrx_word' id='word_1_34' title='bbox 837 396 1002 449; x_wconf 86' lang='lat' dir='ltr'>aequat</span> <span class='ocrx_word' id='word_1_35' title='bbox 1032 392 1237 448; x_wconf 86' lang='lat' dir='ltr'>praecise</span> <span class='ocrx_word' id='word_1_36' title='bbox 1268 390 1655 436; x_wconf 87' lang='lat' dir='ltr'>excentricitatem</span> <span class='ocrx_word' id='word_1_37' title='bbox 1688 391 1868 436; x_wconf 85' lang='lat' dir='ltr'><strong>Terrae.</strong></span> 
     </span>
    </p>

    <p class='ocr_par' dir='ltr' id='par_1_3' title="bbox 96 455 2347 581">
     <span class='ocr_line' id='line_1_5' title="bbox 258 455 2346 516; baseline 0 -13"><span class='ocrx_word' id='word_1_38' title='bbox 258 460 309 503; x_wconf 61' lang='lat' dir='ltr'>‘A</span> <span class='ocrx_word' id='word_1_39' title='bbox 338 459 496 503; x_wconf 88' lang='lat' dir='ltr'>Lunae</span> <span class='ocrx_word' id='word_1_40' title='bbox 517 469 691 514; x_wconf 88' lang='lat' dir='ltr'>apogeo</span> <span class='ocrx_word' id='word_1_41' title='bbox 724 458 939 502; x_wconf 82' lang='lat' dir='ltr'>subtraho</span> <span class='ocrx_word' id='word_1_42' title='bbox 961 459 1047 508; x_wconf 79' lang='lat'>40¹,</span> <span class='ocrx_word' id='word_1_43' title='bbox 1078 469 1295 513; x_wconf 89' lang='lat' dir='ltr'>sumoque</span> <span class='ocrx_word' id='word_1_44' title='bbox 1316 456 1546 500; x_wconf 82' lang='lat' dir='ltr'>semissem</span> <span class='ocrx_word' id='word_1_45' title='bbox 1567 455 1783 512; x_wconf 85' lang='lat' dir='ltr'>physicae</span> <span class='ocrx_word' id='word_1_46' title='bbox 1813 457 2093 513; x_wconf 90' lang='lat' dir='ltr'>aequationis</span> <span class='ocrx_word' id='word_1_47' title='bbox 2115 459 2346 516; x_wconf 90' lang='lat' dir='ltr'>temporis,</span> 
     </span>
     <span class='ocr_line' id='line_1_6' title="bbox 96 521 2347 581; baseline 0 -12"><span class='ocrx_word' id='word_1_48' title='bbox 96 525 218 581; x_wconf 92' lang='lat' dir='ltr'>quod</span> <span class='ocrx_word' id='word_1_49' title='bbox 255 530 465 568; x_wconf 88' lang='lat' dir='ltr'>accurate</span> <span class='ocrx_word' id='word_1_50' title='bbox 506 523 715 568; x_wconf 88' lang='lat' dir='ltr'>convenit</span> <span class='ocrx_word' id='word_1_51' title='bbox 756 537 858 568; x_wconf 90' lang='lat' dir='ltr'>cum</span> <span class='ocrx_word' id='word_1_52' title='bbox 888 523 1128 580; x_wconf 85' lang='lat' dir='ltr'>eclipsibus</span> <span class='ocrx_word' id='word_1_53' title='bbox 1159 521 1249 566; x_wconf 89' lang='lat' dir='ltr'>illis</span> <span class='ocrx_word' id='word_1_54' title='bbox 1282 521 1508 576; x_wconf 90' lang='lat' dir='ltr'>omnibus,</span> <span class='ocrx_word' id='word_1_55' title='bbox 1550 521 1713 576; x_wconf 90' lang='lat' dir='ltr'>quibus</span> <span class='ocrx_word' id='word_1_56' title='bbox 1743 521 1884 566; x_wconf 88' lang='lat' dir='ltr'>fidere</span> <span class='ocrx_word' id='word_1_57' title='bbox 1914 523 2082 580; x_wconf 82' lang='lat' dir='ltr'>ausim3</span> <span class='ocrx_word' id='word_1_58' title='bbox 2123 536 2225 568; x_wconf 87' lang='lat' dir='ltr'>raro</span> <span class='ocrx_word' id='word_1_59' title='bbox 2258 524 2347 570; x_wconf 89' lang='lat' dir='ltr'>dis·</span> 
     </span>
    </p>
   </div>
   <div class='ocr_carea' id='block_1_3' title="bbox 67 586 2347 645">
    <p class='ocr_par' dir='ltr' id='par_1_4' title="bbox 67 586 2347 645">
     <span class='ocr_line' id='line_1_7' title="bbox 67 586 2347 645; baseline 0.001 -11"><span class='ocrx_word' id='word_1_60' title='bbox 67 591 295 635; x_wconf 84' lang='lat' dir='ltr'>sentiens</span> <span class='ocrx_word' id='word_1_61' title='bbox 332 589 452 633; x_wconf 85' lang='lat' dir='ltr'>ultra</span> <span class='ocrx_word' id='word_1_62' title='bbox 488 588 594 634; x_wconf 83' lang='lat' dir='ltr'>min.</span> <span class='ocrx_word' id='word_1_63' title='bbox 637 588 678 632; x_wconf 87' lang='lat'>2¹</span> <span class='ocrx_word' id='word_1_64' title='bbox 720 589 792 633; x_wconf 86' lang='lat' dir='ltr'>vel</span> <span class='ocrx_word' id='word_1_65' title='bbox 823 589 862 633; x_wconf 84' lang='lat'>3¹</span> <span class='ocrx_word' id='word_1_66' title='bbox 905 587 1135 644; x_wconf 88' lang='lat' dir='ltr'>temporis.</span> <span class='ocrx_word' id='word_1_67' title='bbox 1198 587 1288 631; x_wconf 85' lang='lat' dir='ltr'>Cur</span> <span class='ocrx_word' id='word_1_68' title='bbox 1326 586 1507 630; x_wconf 90' lang='lat' dir='ltr'>nonnisi</span> <span class='ocrx_word' id='word_1_69' title='bbox 1545 586 1776 630; x_wconf 87' lang='lat' dir='ltr'>semissem</span> <span class='ocrx_word' id='word_1_70' title='bbox 1815 587 2028 643; x_wconf 87' lang='lat' dir='ltr'>physicae</span> <span class='ocrx_word' id='word_1_71' title='bbox 2067 590 2347 645; x_wconf 88' lang='lat' dir='ltr'>aequationis</span> 
     </span>
    </p>
   </div>
   <div class='ocr_carea' id='block_1_4' title="bbox 94 651 2346 711">
    <p class='ocr_par' dir='ltr' id='par_1_5' title="bbox 94 651 2346 711">
     <span class='ocr_line' id='line_1_8' title="bbox 94 651 2346 711; baseline 0 -11"><span class='ocrx_word' id='word_1_72' title='bbox 94 668 386 711; x_wconf 83' lang='lat' dir='ltr'>assumerem,</span> <span class='ocrx_word' id='word_1_73' title='bbox 426 654 575 698; x_wconf 84' lang='lat' dir='ltr'>fateor</span> <span class='ocrx_word' id='word_1_74' title='bbox 602 667 675 698; x_wconf 90' lang='lat' dir='ltr'>me</span> <span class='ocrx_word' id='word_1_75' title='bbox 703 653 872 699; x_wconf 89' lang='lat' dir='ltr'>nullam</span> <span class='ocrx_word' id='word_1_76' title='bbox 901 654 1069 699; x_wconf 89' lang='lat' dir='ltr'>habere</span> <span class='ocrx_word' id='word_1_77' title='bbox 1099 666 1303 709; x_wconf 82' lang='lat' dir='ltr'>causam3</span> <span class='ocrx_word' id='word_1_78' title='bbox 1345 651 1431 695; x_wconf 89' lang='lat' dir='ltr'>nisi</span> <span class='ocrx_word' id='word_1_79' title='bbox 1463 651 1584 707; x_wconf 85' lang='lat' dir='ltr'>quod</span> <span class='ocrx_word' id='word_1_80' title='bbox 1611 656 1717 707; x_wconf 89' lang='lat' dir='ltr'>post</span> <span class='ocrx_word' id='word_1_81' title='bbox 1746 651 1981 698; x_wconf 89' lang='lat' dir='ltr'>innumera</span> <span class='ocrx_word' id='word_1_82' title='bbox 2021 656 2346 711; x_wconf 87' lang='lat' dir='ltr'>propemodum</span> 
     </span>
    </p>
   </div>
   <div class='ocr_carea' id='block_1_5' title="bbox 30 716 2347 775">
    <p class='ocr_par' dir='ltr' id='par_1_6' title="bbox 30 716 2347 775">
     <span class='ocr_line' id='line_1_9' title="bbox 30 716 2347 775; baseline 0.002 -12"><span class='ocrx_word' id='word_1_83' title='bbox 30 760 33 763; x_wconf 86' lang='lat'>.</span> <span class='ocrx_word' id='word_1_84' title='bbox 91 720 296 775; x_wconf 84' lang='lat' dir='ltr'>inventa,</span> <span class='ocrx_word' id='word_1_85' title='bbox 336 720 501 763; x_wconf 87' lang='lat' dir='ltr'>iterata</span> <span class='ocrx_word' id='word_1_86' title='bbox 537 719 786 762; x_wconf 83' lang='lat' dir='ltr'>tentamina</span> <span class='ocrx_word' id='word_1_87' title='bbox 825 724 871 762; x_wconf 88' lang='lat' dir='ltr'>et</span> <span class='ocrx_word' id='word_1_88' title='bbox 912 719 1286 775; x_wconf 73' lang='lat' dir='ltr'>supputationes,</span> <span class='ocrx_word' id='word_1_89' title='bbox 1321 717 1539 762; x_wconf 85' lang='lat' dir='ltr'>lassatam</span> <span class='ocrx_word' id='word_1_90' title='bbox 1582 716 1863 771; x_wconf 7' lang='lat' dir='ltr'>patientiam?</span> <span class='ocrx_word' id='word_1_91' title='bbox 1891 724 1936 762; x_wconf 87' lang='lat' dir='ltr'>et</span> <span class='ocrx_word' id='word_1_92' title='bbox 1973 719 2124 765; x_wconf 88' lang='lat' dir='ltr'>irritos</span> <span class='ocrx_word' id='word_1_93' title='bbox 2166 721 2347 767; x_wconf 91' lang='lat' dir='ltr'>labores</span> 
     </span>
    </p>
   </div>
   <div class='ocr_carea' id='block_1_6' title="bbox 89 780 2348 1170">
    <p class='ocr_par' dir='ltr' id='par_1_7' title="bbox 89 780 2348 1168">
     <span class='ocr_line' id='line_1_10' title="bbox 91 780 2347 843; baseline 0.001 -15"><span class='ocrx_word' id='word_1_94' title='bbox 91 784 206 828; x_wconf 90' lang='lat' dir='ltr'>nihil</span> <span class='ocrx_word' id='word_1_95' title='bbox 234 785 426 839; x_wconf 82' lang='lat' dir='ltr'>invenio,</span> <span class='ocrx_word' id='word_1_96' title='bbox 459 784 581 840; x_wconf 87' lang='lat' dir='ltr'>quod</span> <span class='ocrx_word' id='word_1_97' title='bbox 612 796 755 840; x_wconf 88' lang='lat' dir='ltr'>aeque</span> <span class='ocrx_word' id='word_1_98' title='bbox 785 797 838 827; x_wconf 87' lang='lat' dir='ltr'>ac</span> <span class='ocrx_word' id='word_1_99' title='bbox 867 784 954 827; x_wconf 89' lang='lat' dir='ltr'>hoc</span> <span class='ocrx_word' id='word_1_100' title='bbox 987 787 1206 839; x_wconf 88' lang='lat' dir='ltr'>congruet</span> <span class='ocrx_word' id='word_1_101' title='bbox 1236 781 1506 837; x_wconf 70' lang='lat' dir='ltr'>obsert&#39;atis3</span> <span class='ocrx_word' id='word_1_102' title='bbox 1541 780 1747 835; x_wconf 88' lang='lat' dir='ltr'>adeoque</span> <span class='ocrx_word' id='word_1_103' title='bbox 1779 782 1940 826; x_wconf 90' lang='lat' dir='ltr'>ceteris</span> <span class='ocrx_word' id='word_1_104' title='bbox 1961 786 2264 843; x_wconf 82' lang='lat' dir='ltr'>recensendis,</span> <span class='ocrx_word' id='word_1_105' title='bbox 2296 791 2347 831; x_wconf 89' lang='lat' dir='ltr'>ut</span> 
     </span>
     <span class='ocr_line' id='line_1_11' title="bbox 92 844 2347 906; baseline 0 -12"><span class='ocrx_word' id='word_1_106' title='bbox 92 850 305 904; x_wconf 83' lang='lat' dir='ltr'>erroneis,</span> <span class='ocrx_word' id='word_1_107' title='bbox 338 844 626 906; x_wconf 85' lang='lat' dir='ltr'>supersedeo.</span> <span class='ocrx_word' id='word_1_108' title='bbox 688 850 788 892; x_wconf 91' lang='lat' dir='ltr'>Hoc</span> <span class='ocrx_word' id='word_1_109' title='bbox 817 849 978 893; x_wconf 87' lang='lat' dir='ltr'>saltem</span> <span class='ocrx_word' id='word_1_110' title='bbox 1006 848 1183 905; x_wconf 86' lang='lat' dir='ltr'>repe&#39;rio</span> <span class='ocrx_word' id='word_1_111' title='bbox 1207 859 1474 904; x_wconf 88' lang='lat' dir='ltr'>quacunque</span> <span class='ocrx_word' id='word_1_112' title='bbox 1503 845 1710 890; x_wconf 85' lang='lat' dir='ltr'>incedam</span> <span class='ocrx_word' id='word_1_113' title='bbox 1730 846 1814 903; x_wconf 87' lang='lat' dir='ltr'>via,</span> <span class='ocrx_word' id='word_1_114' title='bbox 1848 847 1941 891; x_wconf 89' lang='lat' dir='ltr'>sive</span> <span class='ocrx_word' id='word_1_115' title='bbox 1965 847 2223 905; x_wconf 86' lang='lat' dir='ltr'>Tychonica</span> <span class='ocrx_word' id='word_1_116' title='bbox 2255 852 2347 897; x_wconf 86' lang='lat' dir='ltr'>sive</span> 
     </span>
     <span class='ocr_line' id='line_1_12' title="bbox 90 911 2347 989; baseline 0.001 -31"><span class='ocrx_word' id='word_1_117' title='bbox 90 914 406 959; x_wconf 90' lang='lat' dir='ltr'>Astronomica</span> <span class='ocrx_word' id='word_1_118' title='bbox 443 921 545 959; x_wconf 89' lang='lat' dir='ltr'>utar</span> <span class='ocrx_word' id='word_1_119' title='bbox 582 915 871 971; x_wconf 85' lang='lat' dir='ltr'>aequatione,</span> <span class='ocrx_word' id='word_1_120' title='bbox 912 915 1005 959; x_wconf 83' lang='lat' dir='ltr'>sive</span> <span class='ocrx_word' id='word_1_121' title='bbox 1035 918 1286 959; x_wconf 87' lang='lat' dir='ltr'>commento</span> <span class='ocrx_word' id='word_1_122' title='bbox 1317 911 1612 989; x_wconf 45' lang='lat' dir='ltr'>quovisfflliO,</span> <span class='ocrx_word' id='word_1_123' title='bbox 1655 924 1832 968; x_wconf 88' lang='lat' dir='ltr'>semper</span> <span class='ocrx_word' id='word_1_124' title='bbox 1870 913 2238 971; x_wconf 82' lang='lat' dir='ltr'>subtrahendum¹</span> <span class='ocrx_word' id='word_1_125' title='bbox 2261 918 2347 961; x_wconf 85' lang='lat' dir='ltr'>erit</span> 
     </span>
     <span class='ocr_line' id='line_1_13' title="bbox 91 978 2348 1037; baseline 0.001 -14"><span class='ocrx_word' id='word_1_126' title='bbox 91 979 147 1023; x_wconf 84' lang='lat' dir='ltr'>ab</span> <span class='ocrx_word' id='word_1_127' title='bbox 177 992 379 1037; x_wconf 89' lang='lat' dir='ltr'>apogaeo</span> <span class='ocrx_word' id='word_1_128' title='bbox 411 981 541 1036; x_wconf 91' lang='lat' dir='ltr'>quasi</span> <span class='ocrx_word' id='word_1_129' title='bbox 567 980 652 1026; x_wconf 81' lang='lat'>40¹.</span> <span class='ocrx_word' id='word_1_130' title='bbox 715 981 813 1025; x_wconf 91' lang='lat' dir='ltr'>Hoc</span> <span class='ocrx_word' id='word_1_131' title='bbox 842 980 962 1025; x_wconf 90' lang='lat' dir='ltr'>idem</span> <span class='ocrx_word' id='word_1_132' title='bbox 984 980 1215 1025; x_wconf 86' lang='lat' dir='ltr'>Solaribus</span> <span class='ocrx_word' id='word_1_133' title='bbox 1247 979 1506 1035; x_wconf 88' lang='lat' dir='ltr'>eclipsibus,</span> <span class='ocrx_word' id='word_1_134' title='bbox 1537 992 1649 1035; x_wconf 89' lang='lat' dir='ltr'>quas</span> <span class='ocrx_word' id='word_1_135' title='bbox 1679 978 1945 1033; x_wconf 83' lang='lat' dir='ltr'>examinavi,</span> <span class='ocrx_word' id='word_1_136' title='bbox 1979 979 2184 1024; x_wconf 88' lang='lat' dir='ltr'>omnibus</span> <span class='ocrx_word' id='word_1_137' title='bbox 2216 982 2348 1026; x_wconf 88' lang='lat' dir='ltr'>satis-</span> 
     </span>
     <span class='ocr_line' id='line_1_14' title="bbox 89 1044 2348 1120; baseline 0.001 -31"><span class='ocrx_word' id='word_1_138' title='bbox 89 1045 236 1092; x_wconf 89' lang='lat' dir='ltr'>faciet</span> <span class='ocrx_word' id='word_1_139' title='bbox 302 1048 432 1120; x_wconf 81' lang='lat' dir='ltr'>Quod</span> <span class='ocrx_word' id='word_1_140' title='bbox 474 1047 531 1090; x_wconf 91' lang='lat' dir='ltr'>ad</span> <span class='ocrx_word' id='word_1_141' title='bbox 571 1046 757 1102; x_wconf 89' lang='lat' dir='ltr'>Kepleri</span> <span class='ocrx_word' id='word_1_142' title='bbox 794 1046 1109 1101; x_wconf 84' lang='lat' dir='ltr'>aequationem</span> <span class='ocrx_word' id='word_1_143' title='bbox 1146 1050 1423 1090; x_wconf 88' lang='lat' dir='ltr'>menstruam</span> <span class='ocrx_word' id='word_1_144' title='bbox 1463 1050 1661 1102; x_wconf 86' lang='lat' dir='ltr'>spectat,</span> <span class='ocrx_word' id='word_1_145' title='bbox 1703 1055 1871 1100; x_wconf 86' lang='lat' dir='ltr'>paucas</span> <span class='ocrx_word' id='word_1_146' title='bbox 1913 1044 2155 1088; x_wconf 89' lang='lat' dir='ltr'>admodum</span> <span class='ocrx_word' id='word_1_147' title='bbox 2198 1046 2348 1092; x_wconf 91' lang='lat' dir='ltr'>obser—</span> 
     </span>
     <span class='ocr_line' id='line_1_15' title="bbox 90 1103 2348 1170; baseline 0.002 -17"><span class='ocrx_word' id='word_1_148' title='bbox 90 1111 292 1155; x_wconf 83' lang='lat' dir='ltr'>vationes</span> <span class='ocrx_word' id='word_1_149' title='bbox 334 1110 450 1164; x_wconf 83' lang='lat' dir='ltr'>scio,</span> <span class='ocrx_word' id='word_1_150' title='bbox 490 1124 607 1168; x_wconf 89' lang='lat' dir='ltr'>quae</span> <span class='ocrx_word' id='word_1_151' title='bbox 644 1111 731 1156; x_wconf 90' lang='lat' dir='ltr'>hac</span> <span class='ocrx_word' id='word_1_152' title='bbox 770 1109 1014 1165; x_wconf 89' lang='lat' dir='ltr'>indigeant.</span> <span class='ocrx_word' id='word_1_153' title='bbox 1077 1109 1208 1165; x_wconf 82' lang='lat' dir='ltr'>Quod</span> <span class='ocrx_word' id='word_1_154' title='bbox 1245 1110 1303 1155; x_wconf 90' lang='lat' dir='ltr'>ad</span> <span class='ocrx_word' id='word_1_155' title='bbox 1332 1111 1492 1155; x_wconf 87' lang='lat' dir='ltr'>Lunae</span> <span class='ocrx_word' id='word_1_156' title='bbox 1522 1108 1671 1154; x_wconf 89' lang='lat' dir='ltr'>locum</span> <span class='ocrx_word' id='word_1_157' title='bbox 1702 1103 1809 1153; x_wconf 87' lang='lat' dir='ltr'>alibi</span> <span class='ocrx_word' id='word_1_158' title='bbox 1846 1121 1980 1164; x_wconf 88' lang='lat' dir='ltr'>quam</span> <span class='ocrx_word' id='word_1_159' title='bbox 2022 1109 2070 1154; x_wconf 88' lang='lat' dir='ltr'>in</span> <span class='ocrx_word' id='word_1_160' title='bbox 2102 1111 2348 1170; x_wconf 86' lang='lat' dir='ltr'>eclipsibus</span> 
     </span>
    </p>
   </div>
   <div class='ocr_carea' id='block_1_7' title="bbox 64 1172 2346 1250">
    <p class='ocr_par' dir='ltr' id='par_1_8' title="bbox 64 1172 2346 1250">
     <span class='ocr_line' id='line_1_16' title="bbox 64 1172 2346 1250; baseline 0.002 -31"><span class='ocrx_word' id='word_1_161' title='bbox 64 1182 280 1232; x_wconf 88' lang='lat' dir='ltr'>-spectat,</span> <span class='ocrx_word' id='word_1_162' title='bbox 311 1176 424 1220; x_wconf 92' lang='lat' dir='ltr'>nihil</span> <span class='ocrx_word' id='word_1_163' title='bbox 453 1177 603 1222; x_wconf 87' lang='lat' dir='ltr'>adhuc</span> <span class='ocrx_word' id='word_1_164' title='bbox 631 1175 858 1232; x_wconf 88' lang='lat' dir='ltr'>praestiti</span> <span class='ocrx_word' id='word_1_165' title='bbox 917 1174 1170 1231; x_wconf 73' lang='lat' dir='ltr'>Supputari</span> <span class='ocrx_word' id='word_1_166' title='bbox 1208 1175 1388 1250; x_wconf 82' lang='lat' dir='ltr'>quidem</span> <span class='ocrx_word' id='word_1_167' title='bbox 1421 1174 1756 1220; x_wconf 86' lang='lat' dir='ltr'>observationes</span> <span class='ocrx_word' id='word_1_168' title='bbox 1787 1172 1982 1232; x_wconf 89' lang='lat' dir='ltr'>aliquot,</span> <span class='ocrx_word' id='word_1_169' title='bbox 2025 1175 2104 1219; x_wconf 90' lang='lat' dir='ltr'>sed</span> <span class='ocrx_word' id='word_1_170' title='bbox 2150 1190 2346 1223; x_wconf 91' lang='lat' dir='ltr'>errorem</span> 
     </span>
    </p>
   </div>
   <div class='ocr_carea' id='block_1_8' title="bbox 89 1239 2346 1428">
    <p class='ocr_par' dir='ltr' id='par_1_9' title="bbox 89 1239 2346 1428">
     <span class='ocr_line' id='line_1_17' title="bbox 90 1239 1351 1296; baseline 0.001 -13"><span class='ocrx_word' id='word_1_171' title='bbox 90 1241 222 1286; x_wconf 78' lang='lat' dir='ltr'>valde</span> <span class='ocrx_word' id='word_1_172' title='bbox 251 1242 497 1286; x_wconf 88' lang='lat' dir='ltr'>notabilem</span> <span class='ocrx_word' id='word_1_173' title='bbox 526 1243 573 1286; x_wconf 92' lang='lat' dir='ltr'>in</span> <span class='ocrx_word' id='word_1_174' title='bbox 602 1239 790 1296; x_wconf 86' lang='lat' dir='ltr'>Kepleri</span> <span class='ocrx_word' id='word_1_175' title='bbox 821 1240 1009 1286; x_wconf 88' lang='lat' dir='ltr'>Tabulis</span> <span class='ocrx_word' id='word_1_176' title='bbox 1039 1253 1129 1284; x_wconf 91' lang='lat' dir='ltr'>non</span> <span class='ocrx_word' id='word_1_177' title='bbox 1158 1241 1351 1296; x_wconf 87' lang='lat' dir='ltr'>reperio.</span> 
     </span>
     <span class='ocr_line' id='line_1_18' title="bbox 264 1302 2346 1367; baseline 0.002 -17"><span class='ocrx_word' id='word_1_178' title='bbox 264 1306 445 1351; x_wconf 86' lang='lat' dir='ltr'>Saturni</span> <span class='ocrx_word' id='word_1_179' title='bbox 474 1307 653 1364; x_wconf 90' lang='lat' dir='ltr'>aphelio</span> <span class='ocrx_word' id='word_1_180' title='bbox 685 1306 802 1350; x_wconf 89' lang='lat' dir='ltr'>addo</span> <span class='ocrx_word' id='word_1_181' title='bbox 835 1307 886 1349; x_wconf 88' lang='lat'>1⁰</span> <span class='ocrx_word' id='word_1_182' title='bbox 916 1307 972 1360; x_wconf 91' lang='lat'>0¹,</span> <span class='ocrx_word' id='word_1_183' title='bbox 1005 1303 1184 1361; x_wconf 88' lang='lat' dir='ltr'>aequali</span> <span class='ocrx_word' id='word_1_184' title='bbox 1214 1305 1356 1349; x_wconf 90' lang='lat' dir='ltr'>motui</span> <span class='ocrx_word' id='word_1_185' title='bbox 1386 1306 1440 1349; x_wconf 88' lang='grc'>2’.</span> <span class='ocrx_word' id='word_1_186' title='bbox 1504 1302 1671 1348; x_wconf 85' lang='lat' dir='ltr'>Differt</span> <span class='ocrx_word' id='word_1_187' title='bbox 1701 1303 1883 1360; x_wconf 81' lang='lat' dir='ltr'>quidem</span> <span class='ocrx_word' id='word_1_188' title='bbox 1913 1304 2000 1350; x_wconf 92' lang='lat' dir='ltr'>hoc</span> <span class='ocrx_word' id='word_1_189' title='bbox 2031 1319 2057 1350; x_wconf 92' lang='lat' dir='ltr'>a</span> <span class='ocrx_word' id='word_1_190' title='bbox 2078 1308 2346 1367; x_wconf 87' lang='lat' dir='ltr'>Lansbergii</span> 
     </span>
     <span class='ocr_line' id='line_1_19' title="bbox 89 1369 2345 1428; baseline 0.001 -12"><span class='ocrx_word' id='word_1_191' title='bbox 89 1371 327 1417; x_wconf 84' lang='lat' dir='ltr'>observato</span> <span class='ocrx_word' id='word_1_192' title='bbox 359 1373 489 1428; x_wconf 77' lang='lat'>1593,</span> <span class='ocrx_word' id='word_1_193' title='bbox 519 1373 599 1417; x_wconf 90' lang='lat' dir='ltr'>sed</span> <span class='ocrx_word' id='word_1_194' title='bbox 629 1371 809 1428; x_wconf 85' lang='lat' dir='ltr'>experti</span> <span class='ocrx_word' id='word_1_195' title='bbox 839 1371 1065 1425; x_wconf 85' lang='lat' dir='ltr'>novimus,</span> <span class='ocrx_word' id='word_1_196' title='bbox 1109 1383 1198 1425; x_wconf 86' lang='lat' dir='ltr'>qua</span> <span class='ocrx_word' id='word_1_197' title='bbox 1227 1369 1317 1414; x_wconf 91' lang='lat' dir='ltr'>fide</span> <span class='ocrx_word' id='word_1_198' title='bbox 1349 1370 1510 1426; x_wconf 86' lang='lat' dir='ltr'>dignus</span> <span class='ocrx_word' id='word_1_199' title='bbox 1541 1376 1612 1415; x_wconf 89' lang='lat' dir='ltr'>est</span> <span class='ocrx_word' id='word_1_200' title='bbox 1640 1369 1732 1414; x_wconf 83' lang='lat' dir='ltr'>ille.</span> <span class='ocrx_word' id='word_1_201' title='bbox 1793 1370 2057 1428; x_wconf 84' lang='lat' dir='ltr'>Eademque</span> <span class='ocrx_word' id='word_1_202' title='bbox 2090 1373 2345 1420; x_wconf 88' lang='lat' dir='ltr'>observatio</span> 
     </span>
    </p>
   </div>
   <div class='ocr_carea' id='block_1_9' title="bbox 86 1435 2346 1496">
    <p class='ocr_par' dir='ltr' id='par_1_10' title="bbox 86 1435 2346 1496">
     <span class='ocr_line' id='line_1_20' title="bbox 86 1435 2346 1496; baseline 0.001 -15"><span class='ocrx_word' id='word_1_203' title='bbox 86 1437 195 1482; x_wconf 87' lang='lat' dir='ltr'>facit</span> <span class='ocrx_word' id='word_1_204' title='bbox 223 1438 394 1482; x_wconf 91' lang='lat' dir='ltr'>nodum</span> <span class='ocrx_word' id='word_1_205' title='bbox 423 1439 610 1484; x_wconf 89' lang='lat' dir='ltr'>boreum</span> <span class='ocrx_word' id='word_1_206' title='bbox 639 1439 687 1483; x_wconf 91' lang='lat' dir='ltr'>in</span> <span class='ocrx_word' id='word_1_207' title='bbox 716 1438 887 1494; x_wconf 86' lang='lat' dir='ltr'>majore</span> <span class='ocrx_word' id='word_1_208' title='bbox 916 1437 1199 1493; x_wconf 82' lang='lat' dir='ltr'>longitudine</span> <span class='ocrx_word' id='word_1_209' title='bbox 1238 1436 1451 1492; x_wconf 88' lang='lat' dir='ltr'>gradibus</span> <span class='ocrx_word' id='word_1_210' title='bbox 1482 1437 1535 1494; x_wconf 85' lang='lat'>4,</span> <span class='ocrx_word' id='word_1_211' title='bbox 1577 1448 1711 1492; x_wconf 90' lang='lat' dir='ltr'>quam</span> <span class='ocrx_word' id='word_1_212' title='bbox 1750 1435 1889 1480; x_wconf 89' lang='lat' dir='ltr'>habet</span> <span class='ocrx_word' id='word_1_213' title='bbox 1919 1437 2166 1496; x_wconf 87' lang='lat' dir='ltr'>Keplerus;</span> <span class='ocrx_word' id='word_1_214' title='bbox 2209 1454 2346 1496; x_wconf 91' lang='lat' dir='ltr'>quum</span> 
     </span>
    </p>
   </div>
   <div class='ocr_carea' id='block_1_10' title="bbox 0 1495 2345 1566">
    <p class='ocr_par' dir='ltr' id='par_1_11' title="bbox 0 1495 2345 1566">
     <span class='ocr_line' id='line_1_21' title="bbox 0 1495 2345 1566; baseline 0.001 -19"><span class='ocrx_word' id='word_1_215' title='bbox 0 1495 11 1517; x_wconf 81' lang='lat'>⁸</span> <span class='ocrx_word' id='word_1_216' title='bbox 85 1503 265 1548; x_wconf 89' lang='lat' dir='ltr'>interim</span> <span class='ocrx_word' id='word_1_217' title='bbox 294 1516 351 1548; x_wconf 85' lang='lat' dir='ltr'>ex</span> <span class='ocrx_word' id='word_1_218' title='bbox 383 1504 634 1549; x_wconf 87' lang='lat' dir='ltr'>observatis</span> <span class='ocrx_word' id='word_1_219' title='bbox 666 1504 832 1548; x_wconf 88' lang='lat' dir='ltr'>nostris</span> <span class='ocrx_word' id='word_1_220' title='bbox 864 1503 1016 1559; x_wconf 91' lang='lat' dir='ltr'>potius</span> <span class='ocrx_word' id='word_1_221' title='bbox 1047 1502 1257 1546; x_wconf 89' lang='lat' dir='ltr'>existimo</span> <span class='ocrx_word' id='word_1_222' title='bbox 1287 1501 1574 1546; x_wconf 90' lang='lat' dir='ltr'>minuendam</span> <span class='ocrx_word' id='word_1_223' title='bbox 1614 1514 1719 1545; x_wconf 84' lang='lat' dir='ltr'>esse</span> <span class='ocrx_word' id='word_1_224' title='bbox 1745 1501 2066 1566; x_wconf 57' lang='lat' dir='ltr'>Keple-rianam</span> <span class='ocrx_word' id='word_1_225' title='bbox 2105 1504 2345 1562; x_wconf 89' lang='lat' dir='ltr'>longitudi-</span> 
     </span>
    </p>
   </div>
   <div class='ocr_carea' id='block_1_11' title="bbox 82 1566 2373 1985">
    <p class='ocr_par' dir='ltr' id='par_1_12' title="bbox 89 1566 2052 1625">
     <span class='ocr_line' id='line_1_22' title="bbox 89 1566 2052 1625; baseline -0.004 -11"><span class='ocrx_word' id='word_1_226' title='bbox 89 1582 217 1614; x_wconf 86' lang='lat' dir='ltr'>nem:</span> <span class='ocrx_word' id='word_1_227' title='bbox 251 1568 307 1613; x_wconf 89' lang='lat' dir='ltr'>de</span> <span class='ocrx_word' id='word_1_228' title='bbox 337 1569 424 1614; x_wconf 91' lang='lat' dir='ltr'>hoc</span> <span class='ocrx_word' id='word_1_229' title='bbox 455 1574 606 1614; x_wconf 90' lang='lat' dir='ltr'>autem</span> <span class='ocrx_word' id='word_1_230' title='bbox 636 1570 750 1614; x_wconf 88' lang='lat' dir='ltr'>nihil</span> <span class='ocrx_word' id='word_1_231' title='bbox 781 1570 960 1625; x_wconf 90' lang='lat' dir='ltr'>definio,</span> <span class='ocrx_word' id='word_1_232' title='bbox 992 1574 1039 1613; x_wconf 89' lang='lat' dir='ltr'>at</span> <span class='ocrx_word' id='word_1_233' title='bbox 1068 1568 1230 1614; x_wconf 88' lang='lat' dir='ltr'>saltem</span> <span class='ocrx_word' id='word_1_234' title='bbox 1261 1566 1470 1624; x_wconf 88' lang='lat' dir='ltr'>augenda</span> <span class='ocrx_word' id='word_1_235' title='bbox 1499 1581 1591 1611; x_wconf 92' lang='lat' dir='ltr'>non</span> <span class='ocrx_word' id='word_1_236' title='bbox 1623 1566 1719 1612; x_wconf 90' lang='lat' dir='ltr'>erit.</span> <span class='ocrx_word' id='word_1_237' title='bbox 2048 1602 2052 1607; x_wconf 29' lang='lat' dir='ltr'><strong>s</strong></span> 
     </span>
    </p>

    <p class='ocr_par' dir='ltr' id='par_1_13' title="bbox 82 1626 2373 1957">
     <span class='ocr_line' id='line_1_23' title="bbox 258 1626 2373 1698; baseline 0.001 -21"><span class='ocrx_word' id='word_1_238' title='bbox 258 1634 452 1689; x_wconf 91' lang='lat' dir='ltr'>Aphelio</span> <span class='ocrx_word' id='word_1_239' title='bbox 484 1635 609 1680; x_wconf 85' lang='lat' dir='ltr'>Jovis</span> <span class='ocrx_word' id='word_1_240' title='bbox 641 1636 758 1681; x_wconf 86' lang='lat' dir='ltr'>addo</span> <span class='ocrx_word' id='word_1_241' title='bbox 790 1637 841 1681; x_wconf 88' lang='lat'>2⁰</span> <span class='ocrx_word' id='word_1_242' title='bbox 876 1638 957 1691; x_wconf 91' lang='lat'>15¹,</span> <span class='ocrx_word' id='word_1_243' title='bbox 999 1636 1054 1680; x_wconf 89' lang='lat' dir='ltr'>ab</span> <span class='ocrx_word' id='word_1_244' title='bbox 1085 1635 1265 1691; x_wconf 87' lang='lat' dir='ltr'>aequali</span> <span class='ocrx_word' id='word_1_245' title='bbox 1304 1639 1431 1680; x_wconf 91' lang='lat' dir='ltr'>motu</span> <span class='ocrx_word' id='word_1_246' title='bbox 1473 1634 1627 1679; x_wconf 86' lang='lat' dir='ltr'>aufero</span> <span class='ocrx_word' id='word_1_247' title='bbox 1659 1634 1714 1678; x_wconf 82' lang='lat'>3.</span> <span class='ocrx_word' id='word_1_248' title='bbox 1775 1626 1976 1680; x_wconf 81' lang='lat' dir='ltr'>Maxima</span> <span class='ocrx_word' id='word_1_249' title='bbox 2016 1636 2345 1698; x_wconf 85' lang='lat' dir='ltr'>prosthaphae-</span> <span class='ocrx_word' id='word_1_250' title='bbox 2369 1687 2373 1695; x_wconf 32' lang='lat'>⁸</span> 
     </span>
     <span class='ocr_line' id='line_1_24' title="bbox 82 1698 2341 1759; baseline 0.003 -17"><span class='ocrx_word' id='word_1_251' title='bbox 82 1698 197 1743; x_wconf 89' lang='lat' dir='ltr'>resis</span> <span class='ocrx_word' id='word_1_252' title='bbox 229 1701 431 1744; x_wconf 88' lang='lat' dir='ltr'>excentri</span> <span class='ocrx_word' id='word_1_253' title='bbox 468 1702 612 1756; x_wconf 85' lang='lat' dir='ltr'>major</span> <span class='ocrx_word' id='word_1_254' title='bbox 649 1708 719 1746; x_wconf 89' lang='lat' dir='ltr'>est</span> <span class='ocrx_word' id='word_1_255' title='bbox 754 1703 858 1746; x_wconf 90' lang='lat' dir='ltr'>min.</span> <span class='ocrx_word' id='word_1_256' title='bbox 900 1704 983 1758; x_wconf 48' lang='lat'>5¹&amp;</span> <span class='ocrx_word' id='word_1_257' title='bbox 1025 1715 1159 1757; x_wconf 85' lang='lat' dir='ltr'>quam</span> <span class='ocrx_word' id='word_1_258' title='bbox 1191 1701 1485 1759; x_wconf 87' lang='lat' dir='ltr'>Kepleriana,</span> <span class='ocrx_word' id='word_1_259' title='bbox 1527 1702 1614 1747; x_wconf 90' lang='lat' dir='ltr'>hoc</span> <span class='ocrx_word' id='word_1_260' title='bbox 1655 1706 1724 1746; x_wconf 88' lang='lat' dir='ltr'>est</span> <span class='ocrx_word' id='word_1_261' title='bbox 1762 1714 1853 1758; x_wconf 88' lang='lat' dir='ltr'>uua</span> <span class='ocrx_word' id='word_1_262' title='bbox 1884 1703 2167 1759; x_wconf 88' lang='lat' dir='ltr'>sexagesima</span> <span class='ocrx_word' id='word_1_263' title='bbox 2197 1709 2341 1759; x_wconf 89' lang='lat' dir='ltr'>parte.</span> 
     </span>
     <span class='ocr_line' id='line_1_25' title="bbox 86 1752 2346 1825; baseline 0.003 -17"><span class='ocrx_word' id='word_1_264' title='bbox 86 1752 305 1820; x_wconf 88' lang='lat' dir='ltr'>Adeoque</span> <span class='ocrx_word' id='word_1_265' title='bbox 335 1766 654 1822; x_wconf 82' lang='lat' dir='ltr'>excentricitas</span> <span class='ocrx_word' id='word_1_266' title='bbox 695 1769 764 1811; x_wconf 89' lang='lat' dir='ltr'>est</span> <span class='ocrx_word' id='word_1_267' title='bbox 792 1766 925 1812; x_wconf 83' lang='lat'>4895</span> <span class='ocrx_word' id='word_1_268' title='bbox 982 1766 1082 1810; x_wconf 91' lang='lat' dir='ltr'>Hoc</span> <span class='ocrx_word' id='word_1_269' title='bbox 1111 1765 1221 1810; x_wconf 86' lang='lat' dir='ltr'>facit</span> <span class='ocrx_word' id='word_1_270' title='bbox 1251 1766 1376 1811; x_wconf 82' lang='lat' dir='ltr'>Jovis</span> <span class='ocrx_word' id='word_1_271' title='bbox 1414 1765 1564 1810; x_wconf 90' lang='lat' dir='ltr'>locum</span> <span class='ocrx_word' id='word_1_272' title='bbox 1595 1760 1869 1825; x_wconf 83' lang='lat' dir='ltr'>Kepleriano</span> <span class='ocrx_word' id='word_1_273' title='bbox 1908 1770 2228 1824; x_wconf 83' lang='lat' dir='ltr'>promotiorem</span> <span class='ocrx_word' id='word_1_274' title='bbox 2266 1770 2346 1814; x_wconf 89' lang='lat' dir='ltr'>mi·</span> 
     </span>
     <span class='ocr_line' id='line_1_26' title="bbox 85 1830 2345 1888; baseline 0.001 -12"><span class='ocrx_word' id='word_1_275' title='bbox 85 1830 208 1876; x_wconf 86' lang='lat' dir='ltr'>nutis</span> <span class='ocrx_word' id='word_1_276' title='bbox 238 1833 281 1876; x_wconf 78' lang='lat'>7¹</span> <span class='ocrx_word' id='word_1_277' title='bbox 319 1831 367 1875; x_wconf 90' lang='lat' dir='ltr'>in</span> <span class='ocrx_word' id='word_1_278' title='bbox 404 1832 650 1888; x_wconf 87' lang='lat' dir='ltr'>praeterito</span> <span class='ocrx_word' id='word_1_279' title='bbox 679 1832 920 1878; x_wconf 90' lang='lat' dir='ltr'>Decembri</span> <span class='ocrx_word' id='word_1_280' title='bbox 961 1837 1006 1875; x_wconf 89' lang='lat' dir='ltr'>et</span> <span class='ocrx_word' id='word_1_281' title='bbox 1046 1831 1151 1875; x_wconf 91' lang='lat' dir='ltr'>min</span> <span class='ocrx_word' id='word_1_282' title='bbox 1183 1831 1254 1875; x_wconf 82' lang='lat'>12¹</span> <span class='ocrx_word' id='word_1_283' title='bbox 1298 1835 1389 1876; x_wconf 87' lang='lat' dir='ltr'>aut</span> <span class='ocrx_word' id='word_1_284' title='bbox 1413 1833 1478 1878; x_wconf 88' lang='lat'>13</span> <span class='ocrx_word' id='word_1_285' title='bbox 1519 1832 1566 1877; x_wconf 92' lang='lat' dir='ltr'>in</span> <span class='ocrx_word' id='word_1_286' title='bbox 1596 1831 1775 1876; x_wconf 80' lang='lat' dir='ltr'>Martio.</span> <span class='ocrx_word' id='word_1_287' title='bbox 1840 1832 1966 1888; x_wconf 76' lang='lat' dir='ltr'>Quae</span> <span class='ocrx_word' id='word_1_288' title='bbox 2005 1833 2072 1882; x_wconf 90' lang='lat' dir='ltr'>ab</span> <span class='ocrx_word' id='word_1_289' title='bbox 2101 1834 2345 1879; x_wconf 86' lang='lat' dir='ltr'>observatis</span> 
     </span>
     <span class='ocr_line' id='line_1_27' title="bbox 85 1895 2345 1985; baseline 0.001 -44"><span class='ocrx_word' id='word_1_290' title='bbox 85 1910 178 1942; x_wconf 89' lang='lat' dir='ltr'>non</span> <span class='ocrx_word' id='word_1_291' title='bbox 206 1897 399 1942; x_wconf 91' lang='lat' dir='ltr'>multum</span> <span class='ocrx_word' id='word_1_292' title='bbox 424 1897 651 1942; x_wconf 87' lang='lat' dir='ltr'>differunt</span> <span class='ocrx_word' id='word_1_293' title='bbox 709 1897 924 1954; x_wconf 90' lang='lat' dir='ltr'>Aequalis</span> <span class='ocrx_word' id='word_1_294' title='bbox 947 1901 1096 1940; x_wconf 89' lang='lat' dir='ltr'>motus</span> <span class='ocrx_word' id='word_1_295' title='bbox 1119 1896 1149 1939; x_wconf 86' lang='lat' dir='ltr'><strong>J</strong></span> <span class='ocrx_word' id='word_1_296' title='bbox 1151 1909 1246 1940; x_wconf 79' lang='lat' dir='ltr'>ovis</span> <span class='ocrx_word' id='word_1_297' title='bbox 1279 1900 1349 1940; x_wconf 91' lang='lat' dir='ltr'>est</span> <span class='ocrx_word' id='word_1_298' title='bbox 1371 1897 1633 1943; x_wconf 90' lang='lat' dir='ltr'>notabiliter</span> <span class='ocrx_word' id='word_1_299' title='bbox 1662 1895 1861 1985; x_wconf 83' lang='lat' dir='ltr'>velocior</span> <span class='ocrx_word' id='word_1_300' title='bbox 1881 1913 2014 1956; x_wconf 89' lang='lat' dir='ltr'>quam</span> <span class='ocrx_word' id='word_1_301' title='bbox 2037 1901 2158 1957; x_wconf 85' lang='lat' dir='ltr'>apud</span> <span class='ocrx_word' id='word_1_302' title='bbox 2179 1898 2345 1957; x_wconf 85' lang='lat' dir='ltr'>Keple-</span> 
     </span>
    </p>
   </div>
   <div class='ocr_carea' id='block_1_12' title="bbox 0 1961 1340 2020">
    <p class='ocr_par' dir='ltr' id='par_1_14' title="bbox 0 1961 1340 2020">
     <span class='ocr_line' id='line_1_28' title="bbox 0 1961 1340 2020; baseline -0.002 -12"><span class='ocrx_word' id='word_1_303' title='bbox 0 1988 2 2015; x_wconf 61' lang='lat'>;</span> <span class='ocrx_word' id='word_1_304' title='bbox 86 1976 187 2007; x_wconf 88' lang='lat' dir='ltr'>rum</span> <span class='ocrx_word' id='word_1_305' title='bbox 234 1964 439 2020; x_wconf 88' lang='lat' dir='ltr'>adeoque</span> <span class='ocrx_word' id='word_1_306' title='bbox 469 1964 517 2007; x_wconf 92' lang='lat' dir='ltr'>in</span> <span class='ocrx_word' id='word_1_307' title='bbox 547 1963 774 2007; x_wconf 89' lang='lat' dir='ltr'>creatione</span> <span class='ocrx_word' id='word_1_308' title='bbox 806 1961 893 2006; x_wconf 90' lang='lat' dir='ltr'>fuit</span> <span class='ocrx_word' id='word_1_309' title='bbox 924 1974 1136 2018; x_wconf 84' lang='lat' dir='ltr'>sexagen</span> <span class='ocrx_word' id='word_1_310' title='bbox 1171 1961 1214 2006; x_wconf 83' lang='lat'>4.</span> <span class='ocrx_word' id='word_1_311' title='bbox 1249 1961 1340 2006; x_wconf 84' lang='lat'>30⁰.</span> 
     </span>
    </p>
   </div>
   <div class='ocr_carea' id='block_1_13' title="bbox 0 2274 23 2603">
    <p class='ocr_par' dir='ltr' id='par_1_15' title="bbox 0 2274 23 2603">
     <span class='ocr_line' id='line_1_29' title="bbox 0 2274 23 2603; textangle 90"><span class='ocrx_word' id='word_1_312' title='bbox 4 2564 17 2603; x_wconf 63' lang='lat'>⁴,.</span> <span class='ocrx_word' id='word_1_313' title='bbox 0 2336 23 2551; x_wconf 45' lang='lat' dir='ltr'>§nou-&#39;vrer&#39;u-¹</span> <span class='ocrx_word' id='word_1_314' title='bbox 0 2304 9 2324; x_wconf 83' lang='lat'>.·</span> <span class='ocrx_word' id='word_1_315' title='bbox 0 2274 7 2279; x_wconf 88' lang='grc' dir='ltr'>ι</span> 
     </span>
    </p>
   </div>
   <div class='ocr_carea' id='block_1_14' title="bbox 86 2026 2345 2154">
    <p class='ocr_par' dir='ltr' id='par_1_16' title="bbox 86 2026 2345 2151">
     <span class='ocr_line' id='line_1_30' title="bbox 259 2026 2345 2086; baseline 0.001 -14"><span class='ocrx_word' id='word_1_316' title='bbox 259 2028 344 2072; x_wconf 93' lang='lat' dir='ltr'>Ab</span> <span class='ocrx_word' id='word_1_317' title='bbox 360 2029 538 2085; x_wconf 89' lang='lat' dir='ltr'>aphelio</span> <span class='ocrx_word' id='word_1_318' title='bbox 569 2028 731 2072; x_wconf 84' lang='lat' dir='ltr'>Martis</span> <span class='ocrx_word' id='word_1_319' title='bbox 762 2027 917 2072; x_wconf 86' lang='lat' dir='ltr'>aufero</span> <span class='ocrx_word' id='word_1_320' title='bbox 953 2029 1042 2082; x_wconf 89' lang='lat'>10‘;</span> <span class='ocrx_word' id='word_1_321' title='bbox 1075 2026 1318 2070; x_wconf 88' lang='lat' dir='ltr'>maximam</span> <span class='ocrx_word' id='word_1_322' title='bbox 1346 2027 1795 2085; x_wconf 87' lang='lat' dir='ltr'>prosthaphaeresin</span> <span class='ocrx_word' id='word_1_323' title='bbox 1811 2030 2054 2075; x_wconf 89' lang='lat' dir='ltr'>excentrici</span> <span class='ocrx_word' id='word_1_324' title='bbox 2086 2044 2227 2086; x_wconf 90' lang='lat' dir='ltr'>augeo</span> <span class='ocrx_word' id='word_1_325' title='bbox 2265 2031 2345 2075; x_wconf 93' lang='lat' dir='ltr'>mi-</span> 
     </span>
     <span class='ocr_line' id='line_1_31' title="bbox 86 2092 2345 2154; baseline 0.001 -16"><span class='ocrx_word' id='word_1_326' title='bbox 86 2093 209 2139; x_wconf 89' lang='lat' dir='ltr'>nutis</span> <span class='ocrx_word' id='word_1_327' title='bbox 239 2094 280 2150; x_wconf 83' lang='lat'>2,</span> <span class='ocrx_word' id='word_1_328' title='bbox 324 2094 438 2138; x_wconf 90' lang='lat' dir='ltr'>adeo</span> <span class='ocrx_word' id='word_1_329' title='bbox 478 2100 529 2138; x_wconf 92' lang='lat' dir='ltr'>ut</span> <span class='ocrx_word' id='word_1_330' title='bbox 572 2093 889 2138; x_wconf 88' lang='lat' dir='ltr'>excentricitas</span> <span class='ocrx_word' id='word_1_331' title='bbox 929 2093 988 2137; x_wconf 90' lang='lat' dir='ltr'>sit</span> <span class='ocrx_word' id='word_1_332' title='bbox 1025 2092 1153 2137; x_wconf 84' lang='lat'>9292.</span> <span class='ocrx_word' id='word_1_333' title='bbox 1214 2093 1314 2137; x_wconf 90' lang='lat' dir='ltr'>Hoc</span> <span class='ocrx_word' id='word_1_334' title='bbox 1352 2093 1528 2147; x_wconf 82' lang='lat' dir='ltr'>scilicet</span> <span class='ocrx_word' id='word_1_335' title='bbox 1556 2106 1640 2151; x_wconf 90' lang='lat' dir='ltr'>pro</span> <span class='ocrx_word' id='word_1_336' title='bbox 1669 2096 1901 2151; x_wconf 87' lang='lat' dir='ltr'>praesenti</span> <span class='ocrx_word' id='word_1_337' title='bbox 1933 2108 2050 2154; x_wconf 86' lang='lat' dir='ltr'>anno</span> <span class='ocrx_word' id='word_1_338' title='bbox 2086 2095 2220 2150; x_wconf 84' lang='lat'><strong>1637;</strong></span> <span class='ocrx_word' id='word_1_339' title='bbox 2264 2096 2345 2141; x_wconf 87' lang='lat' dir='ltr'>sed</span> 
     </span>
    </p>
   </div>
   <div class='ocr_carea' id='block_1_15' title="bbox 84 2159 2373 2350">
    <p class='ocr_par' dir='ltr' id='par_1_17' title="bbox 84 2159 2373 2350">
     <span class='ocr_line' id='line_1_32' title="bbox 87 2159 1272 2216; baseline -0.003 -11"><span class='ocrx_word' id='word_1_340' title='bbox 87 2173 204 2205; x_wconf 91' lang='lat' dir='ltr'>anno</span> <span class='ocrx_word' id='word_1_341' title='bbox 239 2160 353 2206; x_wconf 86' lang='lat'>1588</span> <span class='ocrx_word' id='word_1_342' title='bbox 383 2160 585 2216; x_wconf 89' lang='lat' dir='ltr'>aequalis</span> <span class='ocrx_word' id='word_1_343' title='bbox 615 2165 765 2205; x_wconf 90' lang='lat' dir='ltr'>motus</span> <span class='ocrx_word' id='word_1_344' title='bbox 795 2159 1037 2205; x_wconf 90' lang='lat' dir='ltr'>mutandus</span> <span class='ocrx_word' id='word_1_345' title='bbox 1066 2161 1158 2203; x_wconf 90' lang='lat' dir='ltr'>non</span> <span class='ocrx_word' id='word_1_346' title='bbox 1189 2163 1272 2203; x_wconf 89' lang='lat' dir='ltr'>est.</span> 
     </span>
     <span class='ocr_line' id='line_1_33' title="bbox 258 2205 2373 2301; baseline 0.001 -32"><span class='ocrx_word' id='word_1_347' title='bbox 258 2225 329 2269; x_wconf 89' lang='lat' dir='ltr'>Ab</span> <span class='ocrx_word' id='word_1_348' title='bbox 359 2227 536 2289; x_wconf 88' lang='lat' dir='ltr'>aequali</span> <span class='ocrx_word' id='word_1_349' title='bbox 564 2232 690 2272; x_wconf 92' lang='lat' dir='ltr'>motu</span> <span class='ocrx_word' id='word_1_350' title='bbox 719 2226 906 2301; x_wconf 88' lang='lat' dir='ltr'>Veneris</span> <span class='ocrx_word' id='word_1_351' title='bbox 950 2225 1168 2271; x_wconf 88' lang='lat' dir='ltr'>subtraho</span> <span class='ocrx_word' id='word_1_352' title='bbox 1198 2225 1303 2279; x_wconf 84' lang='lat' dir='ltr'>min</span> <span class='ocrx_word' id='word_1_353' title='bbox 1336 2226 1421 2271; x_wconf 76' lang='lat'>15⁴.</span> <span class='ocrx_word' id='word_1_354' title='bbox 1441 2225 1582 2269; x_wconf 84' lang='grc' dir='ltr'>Ηοο</span> <span class='ocrx_word' id='word_1_355' title='bbox 1625 2238 1778 2271; x_wconf 88' lang='lat' dir='ltr'>omnes</span> <span class='ocrx_word' id='word_1_356' title='bbox 1813 2205 2149 2271; x_wconf 83' lang='lat' dir='ltr'>observationes</span> <span class='ocrx_word' id='word_1_357' title='bbox 2190 2231 2344 2283; x_wconf 86' lang='lat' dir='ltr'>postu·</span> <span class='ocrx_word' id='word_1_358' title='bbox 2366 2270 2373 2281; x_wconf 71' lang='grc'><strong>,</strong></span> 
     </span>
     <span class='ocr_line' id='line_1_34' title="bbox 84 2262 2344 2350; baseline 0 -12"><span class='ocrx_word' id='word_1_359' title='bbox 84 2293 196 2338; x_wconf 86' lang='lat' dir='ltr'>lant</span> <span class='ocrx_word' id='word_1_360' title='bbox 254 2290 374 2337; x_wconf 90' lang='lat' dir='ltr'>Hinc</span> <span class='ocrx_word' id='word_1_361' title='bbox 402 2292 590 2338; x_wconf 89' lang='lat' dir='ltr'>Veneris</span> <span class='ocrx_word' id='word_1_362' title='bbox 620 2292 748 2338; x_wconf 90' lang='lat' dir='ltr'>locus</span> <span class='ocrx_word' id='word_1_363' title='bbox 788 2285 835 2335; x_wconf 86' lang='lat' dir='ltr'>in</span> <span class='ocrx_word' id='word_1_364' title='bbox 865 2291 1013 2336; x_wconf 89' lang='lat' dir='ltr'>medio</span> <span class='ocrx_word' id='word_1_365' title='bbox 1044 2290 1308 2336; x_wconf 73' lang='lat' dir='ltr'>Decembris</span> <span class='ocrx_word' id='word_1_366' title='bbox 1338 2262 1574 2350; x_wconf 85' lang='lat' dir='ltr'>praeteriti</span> <span class='ocrx_word' id='word_1_367' title='bbox 1592 2290 1655 2336; x_wconf 91' lang='lat' dir='ltr'>fit</span> <span class='ocrx_word' id='word_1_368' title='bbox 1683 2291 1958 2349; x_wconf 86' lang='lat' dir='ltr'>Kepleriauo</span> <span class='ocrx_word' id='word_1_369' title='bbox 1987 2291 2132 2336; x_wconf 91' lang='lat' dir='ltr'>minor</span> <span class='ocrx_word' id='word_1_370' title='bbox 2160 2291 2344 2338; x_wconf 84' lang='lat' dir='ltr'>minutis</span> 
     </span>
    </p>
   </div>
   <div class='ocr_carea' id='block_1_16' title="bbox 88 2356 1216 2415">
    <p class='ocr_par' dir='ltr' id='par_1_18' title="bbox 88 2356 1216 2415">
     <span class='ocr_line' id='line_1_35' title="bbox 88 2356 1216 2415; baseline -0.003 -11"><span class='ocrx_word' id='word_1_371' title='bbox 88 2358 218 2415; x_wconf 88' lang='lat' dir='ltr'>quasi</span> <span class='ocrx_word' id='word_1_372' title='bbox 248 2363 289 2415; x_wconf 88' lang='grc'><strong>6,</strong></span> <span class='ocrx_word' id='word_1_373' title='bbox 323 2362 370 2403; x_wconf 88' lang='lat' dir='ltr'>et</span> <span class='ocrx_word' id='word_1_374' title='bbox 397 2357 583 2403; x_wconf 88' lang='lat' dir='ltr'>minutis</span> <span class='ocrx_word' id='word_1_375' title='bbox 615 2358 641 2404; x_wconf 91' lang='lat'>5</span> <span class='ocrx_word' id='word_1_376' title='bbox 670 2357 717 2402; x_wconf 87' lang='lat' dir='ltr'>in</span> <span class='ocrx_word' id='word_1_377' title='bbox 746 2356 967 2415; x_wconf 89' lang='lat' dir='ltr'>principio</span> <span class='ocrx_word' id='word_1_378' title='bbox 997 2357 1216 2402; x_wconf 84' lang='lat' dir='ltr'>Januarii.</span> 
     </span>
    </p>
   </div>
   <div class='ocr_carea' id='block_1_17' title="bbox 85 2639 2338 2772">
    <p class='ocr_par' dir='ltr' id='par_1_19' title="bbox 85 2639 2338 2772">
     <span class='ocr_line' id='line_1_36' title="bbox 256 2639 2338 2713; baseline 0 -12"><span class='ocrx_word' id='word_1_379' title='bbox 256 2659 352 2703; x_wconf 82' lang='lat' dir='ltr'>vol.</span> <span class='ocrx_word' id='word_1_380' title='bbox 392 2660 490 2705; x_wconf 79' lang='lat' dir='ltr'>XX.</span> <span class='ocrx_word' id='word_1_381' title='bbox 521 2672 619 2702; x_wconf 77' lang='lat' dir='ltr'>mss,</span> <span class='ocrx_word' id='word_1_382' title='bbox 641 2639 1000 2701; x_wconf 42' lang='lat' dir='ltr'>&#39;Pulkoviensium</span> <span class='ocrx_word' id='word_1_383' title='bbox 1050 2664 1271 2712; x_wconf 83' lang='lat' dir='ltr'>praecepta</span> <span class='ocrx_word' id='word_1_384' title='bbox 1311 2663 1353 2699; x_wconf 83' lang='lat' dir='ltr'>et</span> <span class='ocrx_word' id='word_1_385' title='bbox 1388 2661 1559 2700; x_wconf 86' lang='lat' dir='ltr'>tabulas</span> <span class='ocrx_word' id='word_1_386' title='bbox 1601 2659 1891 2711; x_wconf 88' lang='lat' dir='ltr'>Rudolphinas</span> <span class='ocrx_word' id='word_1_387' title='bbox 1939 2670 2092 2709; x_wconf 82' lang='lat' dir='ltr'>magna</span> <span class='ocrx_word' id='word_1_388' title='bbox 2131 2673 2181 2701; x_wconf 86' lang='lat' dir='ltr'>ex</span> <span class='ocrx_word' id='word_1_389' title='bbox 2218 2665 2338 2713; x_wconf 87' lang='lat' dir='ltr'>parte</span> 
     </span>
     <span class='ocr_line' id='line_1_37' title="bbox 85 2719 2123 2772; baseline 0 -13"><span class='ocrx_word' id='word_1_390' title='bbox 85 2730 212 2760; x_wconf 82' lang='lat' dir='ltr'>manu</span> <span class='ocrx_word' id='word_1_391' title='bbox 241 2719 412 2772; x_wconf 83' lang='lat' dir='ltr'>Kepleri</span> <span class='ocrx_word' id='word_1_392' title='bbox 443 2722 620 2772; x_wconf 85' lang='lat' dir='ltr'>scriptas</span> <span class='ocrx_word' id='word_1_393' title='bbox 651 2721 846 2759; x_wconf 84' lang='lat' dir='ltr'>continet.</span> <span class='ocrx_word' id='word_1_394' title='bbox 908 2720 972 2758; x_wconf 82' lang='lat' dir='ltr'>Ex</span> <span class='ocrx_word' id='word_1_395' title='bbox 1003 2719 1081 2759; x_wconf 89' lang='lat' dir='ltr'>hoc</span> <span class='ocrx_word' id='word_1_396' title='bbox 1110 2719 1321 2759; x_wconf 83' lang='lat' dir='ltr'>volumino</span> <span class='ocrx_word' id='word_1_397' title='bbox 1352 2730 1398 2758; x_wconf 87' lang='lat' dir='ltr'>ea</span> <span class='ocrx_word' id='word_1_398' title='bbox 1429 2730 1537 2769; x_wconf 87' lang='lat' dir='ltr'>quae</span> <span class='ocrx_word' id='word_1_399' title='bbox 1569 2723 1798 2771; x_wconf 81' lang='lat' dir='ltr'>sequuntur</span> <span class='ocrx_word' id='word_1_400' title='bbox 1830 2719 2123 2761; x_wconf 77' lang='lat' dir='ltr'>desumsimuS.</span> 
     </span>
    </p>
   </div>
   <div class='ocr_carea' id='block_1_18' title="bbox 142 2795 2275 2864">
    <p class='ocr_par' dir='ltr' id='par_1_20' title="bbox 142 2795 2275 2864">
     <span class='ocr_line' id='line_1_38' title="bbox 142 2795 2275 2864; baseline 0 -14"><span class='ocrx_word' id='word_1_401' title='bbox 142 2803 534 2851; x_wconf 86' lang='lat' dir='ltr'>Aestimatio</span> <span class='ocrx_word' id='word_1_402' title='bbox 572 2796 960 2862; x_wconf 81' lang='lat' dir='ltr'>tabularum,</span> <span class='ocrx_word' id='word_1_403' title='bbox 1001 2802 1052 2849; x_wconf 86' lang='lat' dir='ltr'>si</span> <span class='ocrx_word' id='word_1_404' title='bbox 1091 2802 1153 2848; x_wconf 91' lang='lat' dir='ltr'>in</span> <span class='ocrx_word' id='word_1_405' title='bbox 1190 2795 1638 2864; x_wconf 72' lang='lat' dir='ltr'>folio&#39;maj0re</span> <span class='ocrx_word' id='word_1_406' title='bbox 1678 2816 1783 2850; x_wconf 87' lang='lat' dir='ltr'>eae</span> <span class='ocrx_word' id='word_1_407' title='bbox 1823 2799 2275 2864; x_wconf 79' lang='lat' dir='ltr'>imprimantur.</span> 
     </span>
    </p>
   </div>
   <div class='ocr_carea' id='block_1_19' title="bbox 0 2891 2335 3745">
    <p class='ocr_par' dir='ltr' id='par_1_21' title="bbox 0 2891 2335 3745">
     <span class='ocr_line' id='line_1_39' title="bbox 9 2891 2334 2958; baseline 0 -13"><span class='ocrx_word' id='word_1_408' title='bbox 9 2891 15 2927; x_wconf 42' lang='grc' dir='ltr'>Ὗ</span> <span class='ocrx_word' id='word_1_409' title='bbox 85 2899 314 2958; x_wconf 83' lang='lat' dir='ltr'>Olympias</span> <span class='ocrx_word' id='word_1_410' title='bbox 346 2899 671 2956; x_wconf 88' lang='lat' dir='ltr'>complectetur</span> <span class='ocrx_word' id='word_1_411' title='bbox 699 2898 838 2945; x_wconf 87' lang='lat' dir='ltr'>facies</span> <span class='ocrx_word' id='word_1_412' title='bbox 920 2932 932 2945; x_wconf 83' lang='grc'><strong>.</strong></span> <span class='ocrx_word' id='word_1_413' title='bbox 994 2936 1003 2946; x_wconf 92' lang='grc'><strong>.</strong></span> <span class='ocrx_word' id='word_1_414' title='bbox 1067 2934 1078 2946; x_wconf 85' lang='grc'><strong>.</strong></span> <span class='ocrx_word' id='word_1_415' title='bbox 1137 2899 1164 2944; x_wconf 89' lang='grc'>3</span> <span class='ocrx_word' id='word_1_416' title='bbox 1256 2898 1409 2944; x_wconf 88' lang='lat' dir='ltr'>Canon</span> <span class='ocrx_word' id='word_1_417' title='bbox 1441 2897 1758 2953; x_wconf 86' lang='lat' dir='ltr'>aequationum</span> <span class='ocrx_word' id='word_1_418' title='bbox 1789 2897 1846 2955; x_wconf 72' lang='grc' dir='ltr'>Θ</span> <span class='ocrx_word' id='word_1_419' title='bbox 1937 2929 2245 2944; x_wconf 87' lang='grc'><strong>.....</strong></span> <span class='ocrx_word' id='word_1_420' title='bbox 2309 2899 2334 2945; x_wconf 84' lang='grc'>3</span> 
     </span>
     <span class='ocr_line' id='line_1_40' title="bbox 82 2963 2265 3028; baseline -0.002 -16.145"><span class='ocrx_word' id='word_1_421' title='bbox 82 2966 385 3012; x_wconf 86' lang='lat' dir='ltr'>Ascensiones</span> <span class='ocrx_word' id='word_1_422' title='bbox 415 2970 569 3028; x_wconf 81' lang='lat' dir='ltr'>rectae</span> <span class='ocrx_word' id='word_1_423' title='bbox 626 3000 636 3010; x_wconf 95' lang='lat'><strong>.</strong></span> <span class='ocrx_word' id='word_1_424' title='bbox 699 2999 709 3010; x_wconf 88' lang='lat'><strong>.</strong></span> <span class='ocrx_word' id='word_1_425' title='bbox 773 2998 784 3009; x_wconf 87' lang='lat'><strong>.</strong></span> <span class='ocrx_word' id='word_1_426' title='bbox 812 2990 818 2993; x_wconf 83' lang='lat'><em>-</em></span> <span class='ocrx_word' id='word_1_427' title='bbox 849 2999 858 3009; x_wconf 94' lang='lat'>.</span> <span class='ocrx_word' id='word_1_428' title='bbox 923 2999 933 3009; x_wconf 90' lang='grc'><strong>.</strong></span> <span class='ocrx_word' id='word_1_429' title='bbox 997 2998 1006 3009; x_wconf 91' lang='grc'><strong>.</strong></span> <span class='ocrx_word' id='word_1_430' title='bbox 1068 2998 1077 3008; x_wconf 91' lang='grc'><strong>.</strong></span> <span class='ocrx_word' id='word_1_431' title='bbox 1138 2967 1163 3010; x_wconf 89' lang='lat'>5</span> <span class='ocrx_word' id='word_1_432' title='bbox 1253 2967 1469 3024; x_wconf 86' lang='lat' dir='ltr'>Epochae</span> <span class='ocrx_word' id='word_1_433' title='bbox 1487 2964 1681 3020; x_wconf 85' lang='lat' dir='ltr'>Saturni,</span> <span class='ocrx_word' id='word_1_434' title='bbox 1703 2963 1867 3020; x_wconf 86' lang='lat' dir='ltr'>aphelii</span> <span class='ocrx_word' id='word_1_435' title='bbox 1890 2968 1935 3008; x_wconf 92' lang='lat' dir='ltr'>et</span> <span class='ocrx_word' id='word_1_436' title='bbox 1953 2967 2003 3018; x_wconf 65' lang='grc' dir='ltr'>Ω,</span> <span class='ocrx_word' id='word_1_437' title='bbox 2025 2977 2125 3008; x_wconf 83' lang='grc' dir='ltr'>οιιιιι</span> <span class='ocrx_word' id='word_1_438' title='bbox 2140 2969 2265 3008; x_wconf 92' lang='lat' dir='ltr'>motu</span> 
     </span>
     <span class='ocr_line' id='line_1_41' title="bbox 15 3027 2334 3094; baseline 0 -19"><span class='ocrx_word' id='word_1_439' title='bbox 15 3027 18 3094; x_wconf 26' lang='grc' dir='ltr'><em>ᾗ</em></span> <span class='ocrx_word' id='word_1_440' title='bbox 82 3031 306 3088; x_wconf 85' lang='lat' dir='ltr'>Aequatio</span> <span class='ocrx_word' id='word_1_441' title='bbox 339 3032 512 3091; x_wconf 79' lang='lat' dir='ltr'>dierum</span> <span class='ocrx_word' id='word_1_442' title='bbox 549 3061 1081 3076; x_wconf 84' lang='grc'><strong>........</strong></span> <span class='ocrx_word' id='word_1_443' title='bbox 1139 3031 1164 3075; x_wconf 83' lang='lat'><strong>3</strong></span> <span class='ocrx_word' id='word_1_444' title='bbox 1310 3037 1568 3088; x_wconf 86' lang='lat' dir='ltr'>menstruo,</span> <span class='ocrx_word' id='word_1_445' title='bbox 1602 3029 1761 3074; x_wconf 80' lang='lat' dir='ltr'>diurno</span> <span class='ocrx_word' id='word_1_446' title='bbox 1794 3033 1839 3072; x_wconf 91' lang='lat' dir='ltr'>et</span> <span class='ocrx_word' id='word_1_447' title='bbox 1869 3028 2046 3072; x_wconf 89' lang='lat' dir='ltr'>horario</span> <span class='ocrx_word' id='word_1_448' title='bbox 2094 3063 2103 3072; x_wconf 93' lang='lat'><strong><em>.</em></strong></span> <span class='ocrx_word' id='word_1_449' title='bbox 2166 3063 2178 3076; x_wconf 86' lang='lat'><strong>.</strong></span> <span class='ocrx_word' id='word_1_450' title='bbox 2239 3065 2248 3076; x_wconf 91' lang='lat'>.</span> <span class='ocrx_word' id='word_1_451' title='bbox 2314 3031 2334 3075; x_wconf 93' lang='lat'>1</span> 
     </span>
     <span class='ocr_line' id='line_1_42' title="bbox 0 3091 2333 3155; baseline -0.001 -11"><span class='ocrx_word' id='word_1_452' title='bbox 0 3091 1 3095; x_wconf 32' lang='lat'>¹</span> <span class='ocrx_word' id='word_1_453' title='bbox 139 3099 262 3155; x_wconf 84' lang='lat' dir='ltr'>Ergo</span> <span class='ocrx_word' id='word_1_454' title='bbox 288 3099 509 3154; x_wconf 73' lang='lat' dir='ltr'>jungatur</span> <span class='ocrx_word' id='word_1_455' title='bbox 530 3107 582 3139; x_wconf 87' lang='lat' dir='ltr'>ea</span> <span class='ocrx_word' id='word_1_456' title='bbox 606 3094 859 3151; x_wconf 85' lang='lat' dir='ltr'>Olympiadi</span> <span class='ocrx_word' id='word_1_457' title='bbox 889 3101 935 3140; x_wconf 91' lang='lat' dir='ltr'>et</span> <span class='ocrx_word' id='word_1_458' title='bbox 977 3109 1078 3153; x_wconf 88' lang='lat' dir='ltr'>per·</span> <span class='ocrx_word' id='word_1_459' title='bbox 1254 3098 1325 3142; x_wconf 95' lang='lat' dir='ltr'>Ad</span> <span class='ocrx_word' id='word_1_460' title='bbox 1357 3096 1559 3154; x_wconf 90' lang='lat' dir='ltr'>singulos</span> <span class='ocrx_word' id='word_1_461' title='bbox 1591 3092 1745 3152; x_wconf 88' lang='lat' dir='ltr'>seculi,</span> <span class='ocrx_word' id='word_1_462' title='bbox 1778 3095 1930 3140; x_wconf 85' lang='lat' dir='ltr'>secula</span> <span class='ocrx_word' id='word_1_463' title='bbox 1962 3100 2006 3139; x_wconf 91' lang='lat' dir='ltr'>et</span> <span class='ocrx_word' id='word_1_464' title='bbox 2037 3095 2150 3142; x_wconf 89' lang='grc'><strong>6000</strong></span> <span class='ocrx_word' id='word_1_465' title='bbox 2237 3129 2249 3142; x_wconf 88' lang='grc'><strong>.</strong></span> <span class='ocrx_word' id='word_1_466' title='bbox 2309 3096 2333 3140; x_wconf 88' lang='grc'>1</span> 
     </span>
     <span class='ocr_line' id='line_1_43' title="bbox 50 3160 2335 3218; baseline 0 -10"><span class='ocrx_word' id='word_1_467' title='bbox 50 3194 55 3199; x_wconf 89' lang='grc'>-</span> <span class='ocrx_word' id='word_1_468' title='bbox 138 3163 380 3209; x_wconf 86' lang='lat' dir='ltr'>misceatur</span> <span class='ocrx_word' id='word_1_469' title='bbox 431 3176 532 3207; x_wconf 92' lang='lat' dir='ltr'>cum</span> <span class='ocrx_word' id='word_1_470' title='bbox 587 3160 689 3217; x_wconf 86' lang='lat' dir='ltr'>illa,</span> <span class='ocrx_word' id='word_1_471' title='bbox 749 3161 788 3206; x_wconf 88' lang='lat' dir='ltr'>si</span> <span class='ocrx_word' id='word_1_472' title='bbox 846 3162 1076 3207; x_wconf 88' lang='lat' dir='ltr'>commode</span> <span class='ocrx_word' id='word_1_473' title='bbox 1254 3163 1586 3218; x_wconf 88' lang='lat' dir='ltr'>Aequationum</span> <span class='ocrx_word' id='word_1_474' title='bbox 1657 3191 2248 3210; x_wconf 87' lang='grc'><strong>.........</strong></span> <span class='ocrx_word' id='word_1_475' title='bbox 2309 3163 2335 3208; x_wconf 85' lang='lat'><strong>3</strong></span> 
     </span>
     <span class='ocr_line' id='line_1_44' title="bbox 137 3224 2330 3286; baseline 0 -12"><span class='ocrx_word' id='word_1_476' title='bbox 137 3229 319 3286; x_wconf 90' lang='lat' dir='ltr'>poterit.</span> <span class='ocrx_word' id='word_1_477' title='bbox 1252 3227 1564 3273; x_wconf 86' lang='lat' dir='ltr'>Latitudinum</span> <span class='ocrx_word' id='word_1_478' title='bbox 1596 3231 1642 3270; x_wconf 92' lang='lat' dir='ltr'>et</span> <span class='ocrx_word' id='word_1_479' title='bbox 1673 3224 1916 3270; x_wconf 75' lang='lat' dir='ltr'>stationum</span> <span class='ocrx_word' id='word_1_480' title='bbox 2014 3260 2025 3273; x_wconf 87' lang='lat'><strong>.</strong></span> <span class='ocrx_word' id='word_1_481' title='bbox 2088 3262 2097 3273; x_wconf 88' lang='lat'>.</span> <span class='ocrx_word' id='word_1_482' title='bbox 2159 3261 2171 3273; x_wconf 87' lang='lat'><strong>.</strong></span> <span class='ocrx_word' id='word_1_483' title='bbox 2235 3260 2247 3273; x_wconf 83' lang='lat'>.</span> <span class='ocrx_word' id='word_1_484' title='bbox 2311 3231 2330 3274; x_wconf 90' lang='lat'>1</span> 
     </span>
     <span class='ocr_line' id='line_1_45' title="bbox 16 3291 2334 3350; baseline 0.001 -14"><span class='ocrx_word' id='word_1_485' title='bbox 16 3320 29 3335; x_wconf 34' lang='lat' dir='ltr'>‚v</span> <span class='ocrx_word' id='word_1_486' title='bbox 82 3292 346 3350; x_wconf 86' lang='lat' dir='ltr'>Argumenti</span> <span class='ocrx_word' id='word_1_487' title='bbox 376 3292 656 3349; x_wconf 88' lang='lat' dir='ltr'>obliquitatis</span> <span class='ocrx_word' id='word_1_488' title='bbox 687 3291 922 3348; x_wconf 84' lang='lat' dir='ltr'>ecliptieae</span> <span class='ocrx_word' id='word_1_489' title='bbox 992 3325 1003 3336; x_wconf 87' lang='lat'><strong>.</strong></span> <span class='ocrx_word' id='word_1_490' title='bbox 1066 3324 1078 3337; x_wconf 83' lang='lat'><strong>.</strong></span> <span class='ocrx_word' id='word_1_491' title='bbox 1141 3292 1159 3336; x_wconf 92' lang='lat'>1</span> <span class='ocrx_word' id='word_1_492' title='bbox 1251 3293 1379 3338; x_wconf 83' lang='lat' dir='ltr'>Jovis</span> <span class='ocrx_word' id='word_1_493' title='bbox 1433 3324 2247 3339; x_wconf 85' lang='grc'><strong>............</strong></span> <span class='ocrx_word' id='word_1_494' title='bbox 2308 3294 2334 3338; x_wconf 88' lang='grc'>6</span> 
     </span>
     <span class='ocr_line' id='line_1_46' title="bbox 24 3357 2333 3414; baseline 0 -11"><span class='ocrx_word' id='word_1_495' title='bbox 24 3389 25 3394; x_wconf 62' lang='lat'>,</span> <span class='ocrx_word' id='word_1_496' title='bbox 82 3357 235 3404; x_wconf 85' lang='lat' dir='ltr'>Motus</span> <span class='ocrx_word' id='word_1_497' title='bbox 266 3359 520 3414; x_wconf 86' lang='lat' dir='ltr'>argumenti</span> <span class='ocrx_word' id='word_1_498' title='bbox 542 3363 587 3403; x_wconf 89' lang='lat' dir='ltr'>et</span> <span class='ocrx_word' id='word_1_499' title='bbox 615 3357 892 3403; x_wconf 86' lang='lat' dir='ltr'>reductionis</span> <span class='ocrx_word' id='word_1_500' title='bbox 915 3363 960 3403; x_wconf 89' lang='lat' dir='ltr'>et</span> <span class='ocrx_word' id='word_1_501' title='bbox 981 3371 1077 3403; x_wconf 89' lang='lat' dir='ltr'>cor·</span> <span class='ocrx_word' id='word_1_502' title='bbox 1252 3358 1412 3403; x_wconf 87' lang='lat' dir='ltr'>Martis</span> <span class='ocrx_word' id='word_1_503' title='bbox 1503 3384 2245 3404; x_wconf 56' lang='lat'>...........</span> <span class='ocrx_word' id='word_1_504' title='bbox 2307 3359 2333 3404; x_wconf 87' lang='grc'><strong>6</strong></span> 
     </span>
     <span class='ocr_line' id='line_1_47' title="bbox 139 3423 2333 3470; baseline 0 -3"><span class='ocrx_word' id='word_1_505' title='bbox 139 3424 280 3468; x_wconf 85' lang='lat' dir='ltr'>rectio</span> <span class='ocrx_word' id='word_1_506' title='bbox 312 3424 402 3470; x_wconf 92' lang='lat' dir='ltr'>Orb</span> <span class='ocrx_word' id='word_1_507' title='bbox 407 3456 1079 3470; x_wconf 83' lang='lat'><strong>..........</strong></span> <span class='ocrx_word' id='word_1_508' title='bbox 1143 3424 1160 3467; x_wconf 89' lang='lat'><em>1</em></span> <span class='ocrx_word' id='word_1_509' title='bbox 1250 3423 1439 3468; x_wconf 87' lang='lat' dir='ltr'>Veneris</span> <span class='ocrx_word' id='word_1_510' title='bbox 1503 3455 2243 3470; x_wconf 86' lang='grc'><strong>...........</strong></span> <span class='ocrx_word' id='word_1_511' title='bbox 2307 3424 2333 3468; x_wconf 86' lang='grc'><strong>6</strong></span> 
     </span>
     <span class='ocr_line' id='line_1_48' title="bbox 82 3486 2331 3548; baseline 0 -17"><span class='ocrx_word' id='word_1_512' title='bbox 82 3486 298 3545; x_wconf 87' lang='lat' dir='ltr'>Epochae</span> <span class='ocrx_word' id='word_1_513' title='bbox 318 3491 395 3548; x_wconf 74' lang='grc' dir='ltr'>Θ,</span> <span class='ocrx_word' id='word_1_514' title='bbox 428 3489 599 3534; x_wconf 88' lang='lat' dir='ltr'>dierum</span> <span class='ocrx_word' id='word_1_515' title='bbox 632 3490 765 3534; x_wconf 85' lang='lat' dir='ltr'>etiam</span> <span class='ocrx_word' id='word_1_516' title='bbox 797 3490 846 3535; x_wconf 90' lang='lat'>31</span> <span class='ocrx_word' id='word_1_517' title='bbox 884 3495 929 3533; x_wconf 88' lang='lat' dir='ltr'>et</span> <span class='ocrx_word' id='word_1_518' title='bbox 949 3487 1079 3533; x_wconf 87' lang='lat' dir='ltr'>hora·</span> <span class='ocrx_word' id='word_1_519' title='bbox 1252 3488 1466 3533; x_wconf 87' lang='lat' dir='ltr'>Mercurii</span> <span class='ocrx_word' id='word_1_520' title='bbox 1498 3519 2244 3534; x_wconf 76' lang='lat'><strong>...........</strong></span> <span class='ocrx_word' id='word_1_521' title='bbox 2306 3488 2331 3532; x_wconf 88' lang='lat'><strong>6</strong></span> 
     </span>
     <span class='ocr_line' id='line_1_49' title="bbox 138 3551 2331 3609; baseline -0 -11"><span class='ocrx_word' id='word_1_522' title='bbox 138 3566 238 3599; x_wconf 88' lang='lat' dir='ltr'>rum</span> <span class='ocrx_word' id='word_1_523' title='bbox 267 3561 463 3600; x_wconf 89' lang='lat' dir='ltr'>totarum</span> <span class='ocrx_word' id='word_1_524' title='bbox 497 3561 542 3599; x_wconf 89' lang='lat' dir='ltr'>et</span> <span class='ocrx_word' id='word_1_525' title='bbox 575 3556 627 3600; x_wconf 88' lang='grc'>12</span> <span class='ocrx_word' id='word_1_526' title='bbox 657 3556 877 3599; x_wconf 87' lang='lat' dir='ltr'>mensium</span> <span class='ocrx_word' id='word_1_527' title='bbox 922 3587 931 3598; x_wconf 90' lang='lat'><strong>.</strong></span> <span class='ocrx_word' id='word_1_528' title='bbox 994 3585 1004 3595; x_wconf 91' lang='lat'><strong>.</strong></span> <span class='ocrx_word' id='word_1_529' title='bbox 1067 3587 1074 3596; x_wconf 96' lang='lat'><em>.</em></span> <span class='ocrx_word' id='word_1_530' title='bbox 1141 3553 1160 3596; x_wconf 91' lang='lat'>1</span> <span class='ocrx_word' id='word_1_531' title='bbox 1252 3554 1550 3609; x_wconf 87' lang='lat' dir='ltr'>Heptacosias</span> <span class='ocrx_word' id='word_1_532' title='bbox 1580 3551 1952 3609; x_wconf 82' lang='lat' dir='ltr'>logarithmorum</span> <span class='ocrx_word' id='word_1_533' title='bbox 2013 3588 2022 3599; x_wconf 87' lang='lat'><strong>.</strong></span> <span class='ocrx_word' id='word_1_534' title='bbox 2085 3588 2096 3600; x_wconf 85' lang='lat'><strong>.</strong></span> <span class='ocrx_word' id='word_1_535' title='bbox 2159 3588 2170 3599; x_wconf 83' lang='lat'><strong>.</strong></span> <span class='ocrx_word' id='word_1_536' title='bbox 2233 3588 2241 3598; x_wconf 87' lang='lat'><strong>.</strong></span> <span class='ocrx_word' id='word_1_537' title='bbox 2302 3553 2331 3597; x_wconf 93' lang='grc'>8</span> 
     </span>
     <span class='ocr_line' id='line_1_50' title="bbox 85 3617 2328 3680; baseline -0 -17"><span class='ocrx_word' id='word_1_538' title='bbox 85 3618 236 3664; x_wconf 86' lang='lat' dir='ltr'>Canon</span> <span class='ocrx_word' id='word_1_539' title='bbox 253 3622 279 3666; x_wconf 92' lang='grc'><strong>6</strong></span> <span class='ocrx_word' id='word_1_540' title='bbox 293 3627 494 3666; x_wconf 88' lang='lat' dir='ltr'>motuum</span> <span class='ocrx_word' id='word_1_541' title='bbox 511 3623 568 3680; x_wconf 75' lang='grc' dir='ltr'>Θ</span> <span class='ocrx_word' id='word_1_542' title='bbox 585 3622 641 3667; x_wconf 85' lang='lat' dir='ltr'>ab</span> <span class='ocrx_word' id='word_1_543' title='bbox 659 3620 956 3677; x_wconf 85' lang='lat' dir='ltr'>aequinoctio,</span> <span class='ocrx_word' id='word_1_544' title='bbox 970 3631 1077 3674; x_wconf 83' lang='lat' dir='ltr'>apo·</span> <span class='ocrx_word' id='word_1_545' title='bbox 1255 3620 1408 3664; x_wconf 81' lang='lat' dir='ltr'>Canon</span> <span class='ocrx_word' id='word_1_546' title='bbox 1439 3617 1808 3674; x_wconf 84' lang='lat' dir='ltr'>logarithmorum</span> <span class='ocrx_word' id='word_1_547' title='bbox 1868 3650 2241 3665; x_wconf 83' lang='lat'><strong>......</strong></span> <span class='ocrx_word' id='word_1_548' title='bbox 2303 3618 2328 3662; x_wconf 88' lang='lat'>9</span> 
     </span>
     <span class='ocr_line' id='line_1_51' title="bbox 142 3682 2328 3745; baseline -0.001 -16"><span class='ocrx_word' id='word_1_549' title='bbox 142 3686 240 3743; x_wconf 83' lang='lat' dir='ltr'>gaei</span> <span class='ocrx_word' id='word_1_550' title='bbox 282 3688 339 3732; x_wconf 87' lang='lat' dir='ltr'>ab</span> <span class='ocrx_word' id='word_1_551' title='bbox 383 3688 667 3745; x_wconf 84' lang='lat' dir='ltr'>aequinoctio</span> <span class='ocrx_word' id='word_1_552' title='bbox 706 3694 752 3732; x_wconf 90' lang='lat' dir='ltr'>et</span> <span class='ocrx_word' id='word_1_553' title='bbox 793 3686 984 3731; x_wconf 86' lang='lat' dir='ltr'>fixarum</span> <span class='ocrx_word' id='word_1_554' title='bbox 1021 3683 1076 3727; x_wconf 85' lang='lat' dir='ltr'>ab</span> <span class='ocrx_word' id='word_1_555' title='bbox 1251 3684 1428 3730; x_wconf 88' lang='lat' dir='ltr'>Tabula</span> <span class='ocrx_word' id='word_1_556' title='bbox 1458 3683 1609 3740; x_wconf 85' lang='lat' dir='ltr'>anguli</span> <span class='ocrx_word' id='word_1_557' title='bbox 1653 3716 2240 3731; x_wconf 83' lang='grc'><strong>.........</strong></span> <span class='ocrx_word' id='word_1_558' title='bbox 2303 3682 2328 3726; x_wconf 85' lang='grc'><strong>3</strong></span> 
     </span>
    </p>
   </div>
   <div class='ocr_carea' id='block_1_20' title="bbox 140 3748 2324 3812">
    <p class='ocr_par' dir='ltr' id='par_1_22' title="bbox 140 3748 2324 3812">
     <span class='ocr_line' id='line_1_52' title="bbox 140 3748 2324 3812; baseline -0.003 -15"><span class='ocrx_word' id='word_1_559' title='bbox 140 3752 423 3809; x_wconf 80' lang='lat' dir='ltr'>aequinoctio</span> <span class='ocrx_word' id='word_1_560' title='bbox 483 3787 495 3800; x_wconf 84' lang='lat'><strong>.</strong></span> <span class='ocrx_word' id='word_1_561' title='bbox 557 3787 568 3799; x_wconf 90' lang='lat'><strong>.</strong></span> <span class='ocrx_word' id='word_1_562' title='bbox 629 3789 639 3800; x_wconf 94' lang='lat'><em>.</em></span> <span class='ocrx_word' id='word_1_563' title='bbox 702 3788 714 3799; x_wconf 91' lang='lat'><strong><em>.</em></strong></span> <span class='ocrx_word' id='word_1_564' title='bbox 774 3786 783 3796; x_wconf 94' lang='lat'>.</span> <span class='ocrx_word' id='word_1_565' title='bbox 845 3787 856 3799; x_wconf 82' lang='lat'><strong>.</strong></span> <span class='ocrx_word' id='word_1_566' title='bbox 919 3786 929 3796; x_wconf 86' lang='lat'><strong>.</strong></span> <span class='ocrx_word' id='word_1_567' title='bbox 992 3784 1002 3794; x_wconf 92' lang='lat'><strong>.</strong></span> <span class='ocrx_word' id='word_1_568' title='bbox 1066 3784 1075 3812; x_wconf 65' lang='lat'>,-</span> <span class='ocrx_word' id='word_1_569' title='bbox 1136 3750 1160 3794; x_wconf 85' lang='lat'><strong>1</strong></span> <span class='ocrx_word' id='word_1_570' title='bbox 1250 3749 1751 3807; x_wconf 83' lang='lat' dir='ltr'>Mesologarithmorum</span> <span class='ocrx_word' id='word_1_571' title='bbox 1780 3749 2030 3796; x_wconf 86' lang='lat' dir='ltr'>latitudinis</span> <span class='ocrx_word' id='word_1_572' title='bbox 2083 3782 2092 3793; x_wconf 93' lang='lat'><strong><em>.</em></strong></span> <span class='ocrx_word' id='word_1_573' title='bbox 2159 3781 2168 3792; x_wconf 94' lang='lat'><strong>.</strong></span> <span class='ocrx_word' id='word_1_574' title='bbox 2231 3782 2240 3791; x_wconf 94' lang='lat'>.</span> <span class='ocrx_word' id='word_1_575' title='bbox 2300 3748 2324 3791; x_wconf 85' lang='lat'>1</span> 
     </span>
    </p>
   </div>
  </div>
 </body>
</html>
