2554 4140
201 128 306 177 496
458 88 460 90 *
1035 121 1273 178 Epitomes
1302 81 1621 167 Astronomiae

203 286 309 320 rum
345 269 652 333 planetarum
705 270 947 331 contiguis
986 267 1133 317 sulcis
1172 270 1449 317 successive
1487 274 1618 316 totus
1657 274 1845 330 aratur,
1899 284 1985 319 seu
2023 270 2181 330 magis
2218 269 2454 331 apposite,

200 360 231 392 a
283 341 497 391 conciliis
544 337 849 403 planetarum
887 348 947 390 'ex
987 343 1117 389 omni
1154 349 1292 404 parte
1327 341 1675 402 frequentatur.
1752 342 1880 391 Vide
1917 343 2013 391 huc
2053 347 2220 405 aptum
2259 340 2456 389 schema

202 415 311 464 Vol.
351 414 416 462 ΙΙ.
454 429 503 476 p.
547 415 665 462 637.
705 408 715 412 ’
1928 431 1934 439 ·
2351 475 2353 478 Ι

173 512 176 514 -
347 487 608 548 Distinyue
625 492 809 534 aetates
823 500 918 548 per
934 486 1118 534 mundi
1136 487 1511 540 coniunctiones
1527 487 1796 544 mas-imas,
1825 485 2222 536 accommodat-is
2239 485 2456 532 historiis

199 561 344 608 notis.
421 559 525 607 Etsi
563 558 771 607 mundus
824 558 914 607 sub
955 560 1248 621 ipsissimam
1288 557 1679 619 conjunctio-nem
1717 572 1943 619 magnam
1983 558 2179 606 Saturni
2227 564 2274 605 et
2311 556 2456 605 Jovis

202 632 407 680 fortasse
460 645 557 679 non
610 638 684 680 est
723 624 979 690 conditus,
1021 632 1119 678 alia
1159 633 1287 679 enim
1326 638 1397 678 est
1444 629 1645 678 libertas
1682 629 1854 678 harum
1890 645 2047 678 reru-m
2084 633 2134 676 in
2173 630 2454 693 archetypO,

203 703 337 753 aliud
373 705 490 751 item
528 718 682 766 genus
716 719 888 763 rerum,
930 704 1060 765 quod
1086 703 1166 751 hic
1200 705 1249 750 in
1277 702 1439 751 Terris
1474 704 1622 764 inque
1659 717 1756 750 uno
1793 702 1960 749 mundi
1998 702 2196 767 angulo,
2233 709 2346 765 post
2380 703 2458 747 in-

200 777 397 825 stitutos
446 776 550 839 jam
603 792 664 826 ex
705 777 969 839 archetypo
1020 781 1206 835 motus,
1260 776 1550 823 necessitate
1588 777 1883 837 geometrica
1921 778 2256 837 consequitur,
2308 773 2455 837 quod,

203 851 383 914 quippe
404 850 628 898 sensibus
656 850 869 908 obvium,
910 862 1000 896 nos
1023 848 1260 909 homineS,
1301 849 1442 910 quasi
1478 847 1786 909 singulariter
1824 850 1870 894 in
1899 849 2244 896 constitutione
2285 847 2457 895 arche-

207 925 312 985 typi
354 925 628 985 quaesitum
680 923 970 984 suspicimus
1024 927 1071 970 et
1109 921 1435 970 celebramus:
1487 926 1649 969 tamen
1689 922 1872 984 primae
1912 920 2275 981 conjunctiones
2314 935 2456 981 mag—

202 1009 320 1055 nae,
377 1010 502 1056 quae
552 1002 664 1058 post
701 994 868 1042 mundi
907 1001 1063 1042 ortum
1104 1008 1210 1042 esse
1260 999 1543 1057 potuerunt,
1594 992 1750 1041 indice
1789 993 2104 1054 chronologia
2154 995 2455 1056 contigerunt

199 1068 326 1116 circa
374 1053 662 1130 principium
712 1067 1006 1130 triplicitatis
1060 1069 1232 1127 igneae
1281 1073 1329 1114 et
1378 1065 1522 1113 finem
1560 1081 1762 1129 aqueae.
1840 1065 1915 1114 Sit
1951 1066 2097 1127 igitur
2145 1067 2297 1127 prima
2337 1079 2455 1113 con-

194 1141 384 1203 junctio
423 1143 636 1189 maxima
673 1142 720 1187 in
762 1146 869 1188 ortu
895 1138 1064 1195 mundi
1100 1139 1181 1188 vel
1208 1141 1334 1187 circa
1371 1138 1562 1202 lapsum
1585 1139 1778 1189 Adami.
1831 1138 2070 1196 Secunda,
2111 1137 2224 1185 dum
2250 1137 2454 1186 Henoch

202 1215 353 1262 vitam
406 1214 454 1260 in
494 1213 655 1262 Terris
705 1211 921 1260 divinam
971 1206 1162 1274 ageret,
1216 1212 1354 1274 cujus
1403 1212 1594 1260 abavus
1635 1211 1792 1271 Enos,
1850 1211 2192 1273 superstitibus
2231 1211 2455 1258 omnibus

198 1285 509 1349 patriarchiS,
564 1285 745 1333 cultum
795 1285 1013 1333 divinum
1052 1286 1300 1333 solennem
1339 1298 1427 1332 seu
1465 1286 1827 1333 invocationem
1867 1283 2020 1332 divini
2068 1284 2276 1331 nominis
2314 1284 2454 1330 insti-

199 1360 307 1419 tuit,
347 1372 455 1406 cum
497 1358 718 1406 Cainitae
760 1359 901 1406 urbes
939 1359 1193 1418 munirent,
1232 1363 1361 1405 artes
1399 1359 1689 1406 invenirent.
1768 1355 1933 1412 Tertia
1971 1356 2210 1404 diluvium
2247 1370 2454 1404 novam-

201 1446 294 1493 que
342 1433 746 1495 propagationem
794 1432 984 1494 generis
1033 1431 1232 1478 humani
1286 1432 1579 1492 assequitur.
1656 1428 1843 1491 Quarta
1891 1428 2122 1478 coincidit
2171 1431 2219 1476 in
2274 1431 2453 1477 exitum

202 1503 533 1552 Israelitarum
582 1519 640 1552 ex
679 1503 908 1567 Aegypto
963 1502 1223 1565 datamque
1272 1502 1449 1566 legem.
1526 1502 1710 1565 Quinta
1747 1505 1984 1565 principia
2021 1501 2171 1550 habet
2208 1503 2454 1550 servitutis

199 1575 530 1625 Israelitarum
570 1578 618 1623 in
655 1576 845 1635 Media,
894 1578 1132 1625 exstincto
1171 1590 1321 1639 reguo
1361 1576 1526 1624 decem
1567 1577 1776 1623 tribuum
1815 1576 1906 1623 sub
1947 1575 2117 1635 Esaia,
2160 1575 2243 1637 qui
2283 1574 2455 1622 claris-

193 1650 318 1698 sima
357 1648 648 1711 de‚Christo
688 1650 922 1698 vaticinia
958 1649 1184 1711 prodidit,
1226 1648 1423 1711 quando
1463 1656 1512 1698 et
1551 1647 1871 1712 Olympiades
1909 1648 2158 1696 institutae
2198 1653 2246 1696 et
2282 1647 2454 1695 Nabo-

197 1724 412 1771 nassaris
451 1724 564 1770 anni
602 1723 891 1786 principium
938 1722 1122 1771 habent
1160 1729 1209 1770 et
1246 1722 1403 1770 Roma
1456 1722 1651 1770 condita
1687 1723 1792 1769 fuit.
1869 1720 2020 1770 Sexta
2058 1721 2205 1770 habet
2242 1719 2454 1769 Messiae

202 1796 426 1860 promissi
474 1802 630 1844 ortum
676 1809 736 1844 ex
783 1797 998 1857 virgine,
1050 1809 1178 1844 anno
1228 1795 1395 1843 mundi
1436 1797 1577 1843 3970
1616 1793 1881 1842 secundum
1936 1793 2196 1858 quosdam;
2260 1795 2343 1855 qui
2381 1797 2455 1842 est

200 1869 448 1931 praecisus
486 1868 660 1917 modus
699 1870 914 1930 quinque
969 1870 1288 1916 maximarum
1342 1868 1757 1931 conjunctionum.
1832 1867 1961 1916 Nam
2015 1868 2117 1915 794
2155 1867 2268 1914 anni
2308 1867 2448 1928 qnin-

202 1942 340 2003 quies
379 1943 524 1989 sumti
551 1941 672 1989 fiunt
698 1942 855 1989 3970.
932 1940 1150 2003 Septima
1191 1941 1418 1989 Carolum
1458 1940 1693 2003 Magnum
1732 1941 2023 2001 assequitur.
2081 1937 2285 1997 Octava,
2327 1952 2452 2002 quae

193 2014 286 2062 fuit
323 2015 556 2077 insignita
593 2012 737 2063 stella
773 2028 926 2075 nova,
978 2021 1144 2063 nostra
1180 2013 1302 2063 haec
1342 2020 1575 2078 tempora.
1633 2018 1730 2067 (Ost.
1763 2017 1857 2061 Vol.
1892 2019 1943 2059 11.
1973 2030 2017 2069 p.
2049 2018 2165 2071 636.)

236 2127 351 2177 VII.
406 2128 492 2177 De
533 2127 898 2191 eclipsibus
944 2144 1054 2194 seu
1093 2129 1407 2192 deliquiis
1445 2130 1881 2190 luminarium,
1936 2130 2136 2192 primo
2177 2108 2414 2192 Lunae.

358 2229 625 2290 Quodnam
663 2232 860 2293 insiyne
890 2237 965 2281 ,est
1001 2231 1228 2280 accidens
1265 2246 1531 2280 commune
1582 2237 1687 2278 tam
1737 2232 2177 2288 coniunctionibus
2214 2237 2259 2279 et
2296 2245 2452 2293 oppo-

182 2303 463 2351 sitionibus
503 2301 633 2350 Solis
684 2309 729 2351 et
765 2302 976 2366 Lunae,
1030 2319 1187 2366 quam
1225 2305 1596 2354 illuminationi
1632 2319 1903 2366 corporum
1948 2303 2126 2352 Lunae
2163 2311 2209 2351 et
2253 2303 2451 2363 Terrae,

200 2390 331 2438 quae
367 2381 437 2423 est
472 2390 506 2422 a
534 2374 687 2424 Sole?
751 2375 972 2425 Privatio
1011 2377 1222 2438 luminis,
1262 2391 1435 2439 graece
1473 2375 1702 2441 ἔκλειψις,
1741 2376 1890 2424 latine
1917 2364 2194 2438 ‘deliquium
2245 2376 2326 2425 vel
2365 2375 2452 2424 de-

197 2449 354 2507 fectus
377 2447 521 2509 dicta,
559 2448 875 2512 praecipuum
914 2463 1095 2510 eorum,
1136 2464 1261 2512 quae
1302 2447 1478 2498 Graeci
1518 2453 1672 2512 παθη,
1715 2448 1874 2514 Latini
1914 2451 2167 2512 passiones
2206 2448 2453 2510 dixeruut3

200 2522 271 2569 sie
311 2522 439 2570 enim
479 2520 616 2582 loqui
655 2523 1012 2583 consuevimus,
1054 2522 1216 2571 Solem
1257 2529 1305 2571 et
1330 2522 1521 2570 Lunam
1558 2523 1664 2584 pati
1703 2521 1985 2584 deliquium,
2027 2528 2075 2570 et
2112 2525 2286 2586 poetae
2326 2520 2454 2570 Solis

198 2593 466 2655 Lunaeque
504 2593 696 2642 labores
735 2601 928 2655 canunt,
969 2595 1290 2657 videnturque
1317 2601 1507 2644 ceterae
1547 2609 1713 2644 omnes
1741 2602 1959 2643 motuum
2000 2595 2279 2644 affectiones
2304 2608 2454 2658 prop-

202 2672 275 2715 ter
307 2666 678 2715 <similitudinem
719 2681 827 2715 cum
865 2667 942 2715 his
979 2671 1233 2733 passiones
1274 2668 1385 2716 dici.
1458 2667 1688 2716 Privatur
1723 2674 1886 2717 autem
1922 2667 2007 2716 Sol
2043 2667 2224 2716 lumine
2262 2670 2453 2716 nonnisi

198 2740 248 2786 in
276 2739 629 2801 ‘conjunctione
669 2754 777 2788 cum
817 2739 971 2801 Luna,
1011 2743 1224 2789 vicissim
1261 2741 1403 2789 Luna
1439 2743 1631 2790 nonnisi
1670 2741 1719 2788 in
1757 2743 2063 2805 oppositione
2102 2755 2209 2789 cum
2249 2741 2378 2790 Sole.

348 2812 551 2874 Eryone
605 2828 718 2861 vere
763 2816 1045 2874 patiuntur
1095 2814 1227 2862 hanc
1264 2815 1474 2862 luminis
1509 2815 1902 2863 diminutionem
1939 2813 2261 2862 luminaria?
2313 2814 2453 2861 Luna

203 2884 397 2948 quidem
441 2899 551 2933 vere
588 2885 825 2948 spoliatur
863 2886 1059 2947 lumine,
1101 2887 1232 2949 quod
1267 2887 1414 2935 habet
1451 2902 1482 2934 a
1519 2886 1661 2949 Sole3
1701 2886 1785 2935 Sol
1827 2900 1941 2935 vero
1967 2888 2057 2935 etsi
2096 2889 2273 2948 tegitur
2301 2886 2454 2944 oculis

203 2959 409 3018 nostris,
462 2971 558 3005 non
599 2961 703 3022 ipse
741 2964 902 3007 tamen
943 2961 1122 3008 amittit
1157 2958 1346 3018 lumen,
1395 2958 1481 3007 sed
1520 2960 1625 3021 ejus
1663 2959 1773 3008 loco
1812 2959 2021 3008 Telluris
2057 2965 2221 3021 partes
2259 2959 2453 3022 aliquae

206 3036 363 3078 certae
402 3031 672 3094 spoliantur
708 3032 888 3080 lumine
929 3032 1075 3093 Solis,
1115 3046 1212 3080 non
1252 3032 1392 3080 aliter
1430 3047 1575 3094 quam
1614 3035 1746 3095 prius
1783 3033 1891 3094 ipsa
1928 3032 2080 3079 Luna.

352 3101 490 3151 Unde
525 3104 614 3153 hoc
646 3107 809 3152 evenit
830 3105 1026 3165 Lunae,
1065 3110 1123 3153 ut
1161 3121 1261 3167 quo
1287 3111 1507 3165 tempore
1541 3106 1694 3169 plena
1719 3105 1890 3153 debuit
1924 3118 2035 3164 esse,
2073 3104 2236 3152 subito
2263 3105 2454 3153 lumine

211 3174 290 3221 vel
327 3180 433 3223 tota
470 3179 705 3237 privetur
745 3178 821 3225 vel
858 3180 914 3225 in
951 3184 1100 3238 parte
1136 3178 1400 3240 corporis?
1460 3179 1530 3225 Ex
1552 3179 1856 3240 interpositu
1894 3177 2029 3239 globi
2066 3175 2240 3225 terreni
2287 3177 2452 3226 Solem

204 3247 330 3293 inter
384 3253 432 3294 et
469 3248 682 3308 Lunam,
737 3250 870 3311 quod
909 3250 1021 3298 hinc
1055 3251 1258 3310 scimus,
1311 3252 1426 3313 quia
1465 3257 1654 3299 constat
1692 3251 1852 3310 nobis,
1902 3249 2079 3297 Terrae
2135 3238 2307 3312 c'orpus
2347 3265 2452 3299 esse

201 3332 411 3380 opacum
459 3334 547 3368 nec
594 3324 917 3371 transmittere
968 3323 1132 3371 radios
1179 3322 1336 3383 Solis,
1397 3323 1484 3372 sed
1532 3323 1765 3386 projicere
1813 3322 2033 3369 umbram
2079 3323 2127 3367 in
2177 3325 2451 3384 oppositum

197 3389 341 3439 Solis.
421 3390 474 3454 2)
528 3392 655 3454 Quia
694 3394 875 3443 dictum
912 3397 962 3443 in
999 3396 1343 3458 superioribu8‚
1384 3395 1552 3444 Lunae
1589 3395 1752 3444 lumen
1791 3410 1822 3443 a
1858 3393 1972 3442 Sole
2012 3408 2132 3455 esse,
2175 3401 2222 3443 et
2260 3396 2450 3458 legibus

200 3463 372 3525 opticis
422 3477 508 3525 per
552 3471 708 3513 rectas
755 3467 909 3516 lineas
965 3467 1132 3516 Lunae
1177 3468 1380 3517 infundi.
1458 3467 1507 3533 3)
1559 3467 1686 3529 Quia
1734 3480 1982 3528 nunquam
2022 3466 2162 3515 Luna
2220 3467 2449 3516 damnum

197 3535 292 3593 hoc
329 3534 523 3583 luminis
576 3540 1009 3589 extraordinarium
1047 3543 1268 3601 incurrit,
1318 3543 1411 3590 nisi
1462 3542 1511 3588 in
1551 3541 1856 3605 oppositione
1892 3540 1967 3586 sui
2007 3553 2115 3587 cum
2159 3539 2306 3600 Sole,
2360 3541 2453 3590 hoc

200 3616 274 3658 est
310 3620 418 3662 cum
458 3607 566 3665 Sol,
619 3609 769 3658 Terra
819 3618 867 3660 et
904 3612 1045 3661 Luna
1098 3614 1288 3671 fuerint
1326 3617 1374 3661 in
1428 3613 1597 3662 eadem
1647 3614 1777 3660 linea
1824 3616 1958 3660 recta
2009 3618 2055 3659 et
2093 3612 2244 3660 Terra
2299 3615 2451 3662 inter-

198 3681 361 3744 posita
398 3681 522 3730 inter
558 3680 837 3744 luminaria,
890 3687 960 3732 sic
1011 3691 1062 3734 ut
1100 3686 1243 3735 Luna
1281 3693 1376 3736 stet
1413 3702 1444 3734 a
1481 3687 1648 3748 plaga,
1702 3687 1750 3731 in
1798 3698 1945 3746 quam
1983 3686 2240 3747 porrigitur
2279 3688 2451 3734 umbra

203 3753 396 3802 Terrae.

345 3827 503 3888 Atqui
537 3828 580 3873 si
615 3826 737 3874 haec
774 3830 1017 3888 oppositio
1044 3829 1228 3878 Lunae
1265 3844 1423 3889 eausa?
1458 3836 1527 3878 est
1559 3828 1774 3892 defectus
1782 3863 1798 3888 ,
1838 3830 1927 3890 qui
1961 3828 2041 3891 fit,
2081 3829 2217 3891 quod
2251 3844 2359 3880 non
2395 3832 2450 3877 in
2501 3860 2507 3871 ·
