2554 4140
858 153 997 200 Liber
1027 153 1237 211 Quartus.
1296 154 1410 200 Pars
1428 153 1610 199 Tertia.
2254 158 2357 208 375

236 302 534 354 Incredibile
567 317 688 353 vero
725 312 819 367 est,
870 319 1089 367 corpora
1127 306 1357 355 eoelestia
1395 318 1492 352 esse
1531 303 1778 365 quosdam
1815 304 2039 366 inqentes
2076 301 2352 367 maynetes‘.

91 377 305 439 Legatur
369 391 486 440 ergo
542 376 774 426 Gulielmi
832 377 1039 428 Gilberti
1094 378 1243 441 Angli
1307 375 1622 440 philosophia
1686 378 1989 439 magnetica,
2056 391 2155 441 quo
2210 377 2355 438 libro,

89 451 314 512 quamvis
354 464 451 498 non
490 449 706 499 crederet
745 458 927 512 auctor,
968 451 1167 501 Terram
1206 453 1328 500 inter
1366 448 1528 498 sidera
1566 449 1693 509 ferri,
1738 450 1908 497 tribuit
1946 449 2016 497 illi
2056 456 2219 500 tamen
2258 465 2352 498 na-

90 530 248 571 turam
311 525 637 586 magneticam
701 526 1000 586 argumentis
1062 525 1187 574 bene
1253 521 1442 583 multis,
1507 521 1711 583 ejusque
1762 520 1909 570 fibras
1958 538 2046 572 seu
2100 523 2353 572 filamenta

88 596 361 658 magnetica
399 594 543 644 docet
579 596 774 645 extendi
813 598 953 646 lineis
991 598 1136 646 rectis
1174 597 1238 646 ab
1277 601 1442 645 austro
1482 595 1531 641 in
1563 594 1961 656 septentrionem.
2028 594 2173 658 Quod
2202 597 2350 660 igitur

83 670 163 717 'est
200 682 324 715 unus
363 682 423 717 ex
459 669 728 736 primariis,
783 670 953 720 Tellus
1005 672 1257 728 nimirum,
1311 667 1364 716 id
1401 681 1508 717 esse
1546 666 1970 728 unumquemlibet
2009 684 2068 718 ex
2107 671 2350 731 primariis

90 739 356 790 absurdum
394 755 706 804 nequaquam
745 750 820 792 est
856 758 946 792 nec
983 741 1279 792 incredibile.

232 813 370 874 Esto,
408 821 468 863 ut
500 815 712 877 planeta
747 816 931 864 habeat
967 819 1228 864 internam
1250 814 1610 878 fiyurationem
1635 812 1977 872 mayneticam
2004 814 2315 863 rectilineam
2337 832 2356 877 ;

87 886 212 949 quid
246 888 407 949 igitur
444 893 527 948 est,
570 888 708 950 quod
744 890 892 937 illum
926 890 1055 952 facit
1093 889 1254 938 aliam
1291 888 1516 947 corporis
1551 886 1633 933 sui
1667 884 1882 946 playam
1919 891 2032 945 post
2071 886 2232 934 aliam
2260 888 2350 937 ob-

93 965 281 1008 vertere
321 959 463 1009 Soli?
510 976 638 1009 num
677 963 782 1022 ipse
815 962 968 1024 fibras
1003 977 1124 1010 suas
1159 958 1439 1011 convertit?
1494 958 1843 1021 Nequaquam:
1897 959 2013 1019 quin
2051 960 2218 1020 potius
2257 959 2352 1008 hoc

30 1053 61 1094 j
89 1032 447 1095 quaerendum,
502 1032 621 1095 quid
661 1036 725 1082 sit
764 1033 912 1096 illud,
966 1034 1098 1097 quod
1138 1048 1315 1097 corpus
1353 1032 1581 1095 planetae
1620 1032 1851 1091 retineat,
1895 1044 1991 1093 quo
2033 1033 2192 1080 minus
2233 1031 2356 1081 illud

86 1118 227 1154 axem
274 1121 418 1155 suum
467 1107 794 1168 magneticum
843 1108 943 1156 situ
988 1121 1100 1168 su0,
1153 1122 1298 1170 quem
1346 1107 1389 1154 is
1427 1103 1579 1154 semel
1619 1105 1830 1165 accepit,
1879 1113 2104 1165 respectu
2142 1107 2356 1167 partium

85 1177 251 1226 mundi
292 1177 497 1239 deserat,
538 1193 646 1227 cum
686 1185 849 1228 tamen
890 1194 1066 1243 corpus
1105 1181 1234 1229 circa
1267 1193 1412 1228 axem
1451 1178 1526 1242 (ut
1553 1184 1730 1239 corpus
1754 1175 1988 1239 Telluris)
2029 1179 2355 1227 convolvatur

85 1250 327 1313 simulque
368 1258 653 1321 emoveatur
690 1252 799 1301 loco
839 1268 928 1302 suo
970 1260 1018 1303 et
1056 1255 1104 1300 in
1144 1253 1376 1302 circulum
1417 1253 1544 1300 circa
1583 1249 1748 1298 Solem
1787 1254 2156 1312 transportetur.
2229 1251 2355 1300 Nam

85 1339 146 1374 ex
191 1323 285 1373 hac
338 1323 603 1374 directione
661 1328 900 1388 magnetis
954 1329 1004 1373 in
1059 1325 1263 1375 eandem
1315 1324 1483 1372 mundi
1532 1322 1732 1385 plagam
1782 1328 1884 1371 toto
1939 1324 2145 1372 circuitu
2198 1332 2245 1373 et
2297 1340 2357 1374 ex

59 1399 495 1460 ‘transportatione
543 1401 758 1460 corporis
813 1398 872 1448 de
924 1399 1035 1448 loco
1086 1402 1133 1447 in
1183 1399 1345 1448 locum
1386 1398 1516 1446 circa
1553 1395 1740 1455 Solem,
1793 1402 2030 1459 tanquam
2069 1412 2128 1445 ex
2167 1396 2359 1448 duobus

32 1517 37 1521 .
84 1470 336 1520 elementis
389 1473 695 1534 componitur
741 1471 822 1520 hic
878 1473 1103 1534 effectus,
1156 1478 1212 1521 ut
1258 1471 1433 1534 globus
1482 1468 1710 1532 planetae
1759 1471 1908 1518 situm
1951 1468 2208 1532 plagarum
2248 1486 2357 1522 cum

91 1543 207 1592 Sole
244 1549 502 1606 permutet.
578 1544 787 1607 Respice
827 1545 891 1593 ad
930 1545 1128 1594 schema
1168 1547 1250 1593 62.

230 1617 374 1681 Quae
409 1623 531 1665 sunt
565 1617 719 1674 huius
748 1621 1153 1679 permutationis
1190 1616 1463 1680 exempla?
1516 1613 1778 1663 Familiare
1826 1622 2015 1663 rursum
2075 1616 2354 1680 exemplum

0 1738 1 1742 ,
84 1678 158 1738 est
207 1691 255 1736 in
306 1691 582 1752 magnetica
629 1690 840 1754 pyxide,
912 1692 1017 1741 scil.
1080 1691 1219 1754 cujus
1279 1689 1467 1752 lingula
1517 1688 1671 1736 ferrea
1734 1688 1923 1737 imbuta
1985 1695 2058 1737 est
2112 1696 2356 1758 magnete.

83 1761 436 1826 Quamcunque
475 1765 604 1811 enim
643 1766 694 1811 in
731 1766 982 1826 regionem
1021 1769 1372 1827 transportetur
1411 1763 1512 1823 illa,
1553 1775 1744 1822 semper
1781 1761 1978 1825 pyxidis
2015 1762 2204 1824 lingula
2240 1774 2355 1826 sep—

1 1838 4 1860 *
84 1838 349 1885 tentriones
386 1842 594 1899 spectat.
657 1836 846 1899 Itaque,
889 1838 930 1886 si
970 1839 1236 1886 circumeas
1276 1835 1528 1885 castellum
1554 1833 1834 1897 quodpiam,
1876 1840 2075 1897 gestans
2103 1837 2354 1900 pyxidem,

0 3068 18 3270 ’ἓ

13 3297 22 3453 ι

83 1908 166 1957 fiet
202 1914 258 1957 ut
290 1909 396 1971 jam
434 1915 584 1972 caput
614 1910 722 1972 jam
764 1909 923 1959 cauda
959 1910 1173 1974 lingulae
1212 1915 1400 1972 spectet
1438 1906 1716 1968 castellum,
1759 1922 1816 1956 eo
1857 1909 1992 1970 ipsc,
2036 1909 2168 1971 quod
2209 1904 2366 1973 caput

24 2034 34 2039 ,
70 1996 277 2056 ¹semper
314 1983 365 2029 in
404 1985 538 2031 omni
575 1989 714 2045 parte
759 1984 986 2032 circuitus
1025 1985 1380 2048 septentriones
1418 1986 1622 2045 spectat.

226 2054 376 2104 Aliud
413 2055 688 2118 exemplum
733 2059 1111 2121 astronomicum
1149 2071 1297 2120 supra
1332 2054 1638 2104 librotertio
1678 2053 1782 2113 suit,
1826 2053 2021 2117 quando
2061 2070 2204 2104 axem
2233 2069 2355 2105 con-

40 2112 41 2115 *
83 2127 348 2178 volutionis
386 2128 611 2189 Telluris,
659 2130 852 2178 interim
891 2129 1006 2178 dum
1045 2131 1374 2180 circumfertur
1400 2127 1568 2177 Tellus
1608 2128 1735 2176 circa
1770 2126 1951 2189 Solem,
1993 2126 2206 2178 diximus
2246 2146 2357 2180 ma-

7 2217 9 2226 *
84 2215 198 2251 nere
237 2203 285 2249 in
325 2200 497 2252 eodem
534 2207 778 2265 perpetuo
818 2205 915 2251 situ
955 2203 1207 2266 parallelo,
1248 2203 1334 2251 fol.
1375 2203 1498 2250 231.

231 2275 373 2339 Quas
426 2277 590 2338 iyitur
644 2290 824 2325 causas
873 2277 1036 2326 tradis
1072 2277 1357 2326 directionis
1390 2275 1639 2338 fibrarum
1679 2276 2088 2341 mayneticarum
2128 2279 2357 2338 corporis

8 2337 11 2398 Ϊ
78 2348 364 2410 planetarii
399 2350 457 2396 in
495 2349 707 2397 eandem
744 2349 929 2398 mundi
963 2351 1174 2413 playam
1214 2356 1314 2399 toto
1348 2349 1587 2411 planetae
1625 2347 1879 2395 circuitu?
1930 2347 2169 2410 Easdem,
2227 2364 2355 2413 quae

82 2435 229 2484 supra
268 2421 351 2469 lib.
392 2421 432 2470 Ι.
474 2420 557 2471 fol.
604 2423 723 2485 174.
773 2422 1017 2473 indicatae
1066 2429 1204 2484 sunt,
1255 2424 1434 2486 quibus
1474 2422 1578 2471 axis
1619 2419 1979 2469 convolutionis
2019 2420 2231 2471 Telluris
2270 2423 2356 2471 fir-

83 2500 254 2544 metur.
316 2494 445 2543 Nam
480 2487 638 2557 primo
681 2493 947 2558 parallelus
984 2495 1214 2545 fibrarum
1253 2500 1376 2545 situs
1402 2493 1704 2544 identitatem
1733 2493 1979 2556 quandam
2004 2503 2356 2558 repraesentat,

85 2581 212 2631 quae
260 2568 400 2630 quies
452 2569 615 2630 potius
672 2573 771 2627 est,
825 2583 970 2631 quam
1009 2575 1187 2618 motus.
1266 2569 1429 2617 Causa
1466 2569 1612 2630 igitur
1650 2565 1781 2614 illius
1819 2581 1916 2615 non
1958 2567 2149 2616 videtur
2189 2568 2356 2632 aliqua

84 2641 307 2704 potentia
351 2640 588 2690 naturalis
643 2642 860 2704 positiva
911 2656 998 2690 seu
1057 2643 1242 2702 activa,
1299 2641 1385 2690 sed
1438 2642 1685 2703 privativa
1738 2641 1902 2702 potius
1961 2646 2122 2688 motus
2182 2644 2352 2692 omnis.

14 2723 15 2726 ’
85 2713 262 2775 Itaque
303 2712 496 2764 videtur
547 2713 634 2761 illa
682 2714 921 2763 naturalis
972 2717 1145 2764 inertia
1191 2716 1423 2765 materiae
1471 2713 1532 2763 ad
1571 2718 1756 2762 motum
1795 2712 2135 2776 figurationem
2173 2705 2353 2765 habere

0 2825 2 2836 s
84 2787 381 2836 rectilineam
419 2788 676 2844 internam,
720 2792 769 2835 et
805 2787 1072 2836 secundum
1112 2788 1202 2837 has
1241 2788 1388 2837 fibras
1428 2793 1653 2846 extensa,
1694 2790 1780 2834 aut
1819 2785 2198 2835 condensatione
2237 2802 2353 2851 par-

0 2857 2 2864 ’
90 2860 212 2909 tium
250 2862 297 2907 in
337 2865 521 2910 rectum
562 2860 731 2908 fortior
771 2865 818 2908 et
856 2860 1231 2923 insuperabilior
1268 2860 1457 2910 reddita
1496 2874 1618 2909 esse.

235 2932 321 2982 Sin
360 2935 520 2981 minus
559 2932 654 2982 hoc
694 2932 985 2982 verisimile:
1038 2936 1137 2982 sint
1175 2949 1289 2996 ergo
1329 2932 1584 2982 distinctae
1624 2930 1906 2992 ἀδυναμιαι,
1950 2933 2081 2995 prior
2118 2935 2352 2983 materiae

0 3006 7 3052 ζ
91 3006 268 3066 omnis,
323 3007 429 3055 sine
469 3006 757 3069 figuratione
796 3006 986 3055 interna
1024 3006 1385 3067 consideratae,
1437 3020 1563 3068 quae
1601 3006 1695 3053 hoc
1733 3010 1950 3068 praestat
1987 3006 2245 3068 planetae,
2301 3014 2355 3057 ut

90 3076 173 3128 ille
210 3092 310 3129 non
349 3085 493 3128 exeat
530 3094 556 3127 e
593 3078 703 3127 loco
744 3092 849 3140 suo,
890 3080 982 3127 nisi
1008 3081 1292 3142 prolicietur
1317 3080 1380 3128 ab
1408 3081 1694 3138 extrinsecO,
1734 3077 1975 3127 sciliceta
2001 3078 2142 3128 Sole:
2180 3086 2352 3143 poste-

94 3151 191 3200 rior
227 3153 440 3215 corporis
478 3151 752 3214 planetarii,
793 3157 847 3200 ut
883 3151 1006 3200 illud
1044 3158 1119 3203 est
1156 3154 1286 3202 intus
1309 3153 1568 3216 figuratum
1609 3151 1740 3199 fibris
1767 3153 1907 3199 rectis
1949 3165 2047 3214 qua
2071 3156 2207 3202 tutae
2235 3161 2348 3203 sunt

96 3221 209 3274 illae
246 3224 411 3283 fibrae,
451 3239 512 3273 nc
551 3240 581 3274 a
621 3225 1076 3284 circumgestatione
1105 3228 1318 3289 corporis
1344 3223 1635 3273 inclinentur
1661 3228 1746 3272 aut
1774 3225 1870 3272 situ
1897 3238 1987 3273 suo
2016 3233 2348 3276 emoveantur.

95 3294 320 3360 Denique
371 3297 578 3348 liberum
614 3299 678 3346 sit
715 3296 1178 3361 philosophantibus
1217 3298 1311 3347 hoc
1349 3300 1533 3361 ipsum,
1587 3296 1718 3359 quod
1757 3296 1863 3358 jam
1903 3296 2026 3359 dixi,
2077 3296 2349 3362 ἀδυναμιαν

96 3367 401 3419 solummodo
441 3370 653 3431 definire,
695 3385 758 3418 an
798 3375 1011 3431 δυναμιν.

242 3443 319 3492 Tu
354 3444 488 3493 hanc
523 3459 613 3493 seu
652 3440 921 3503 ἀδυναμιαν
955 3458 1043 3492 seu
1083 3447 1284 3505 δυναμιν
1320 3442 1493 3505 definis
1528 3443 1635 3492 sola
1673 3444 1887 3492 tuitione
1924 3447 2004 3494 sui
2045 3447 2184 3507 situs,
2228 3447 2354 3508 quid

19 3542 21 3552 ν
95 3516 139 3563 si
172 3529 291 3566 vero
337 3517 550 3566 subesset
597 3516 798 3578 aliquid
842 3515 1013 3576 aliud,
1068 3521 1115 3566 et
1152 3520 1346 3576 δυναμις
1382 3517 1478 3564 ista
1515 3522 1756 3580 spectaret
1794 3523 1953 3567 certas
1990 3519 2191 3581 aliquas
2229 3521 2352 3568 coeli

18 3569 24 3640 ἶ
98 3587 278 3637 stellati
324 3590 531 3652 partes?
586 3589 744 3652 Supra
782 3588 864 3637 lib.
904 3588 942 3636 Ι.
981 3588 1063 3637 sol.
1111 3589 1234 3649 174,
1289 3603 1397 3637 cum
1447 3591 1670 3650 quaestio
1710 3594 1839 3639 esset
1879 3590 1937 3640 de
1977 3605 2067 3640 axe
2108 3591 2349 3640 convolu-

0 3691 23 3710 η
98 3660 242 3709 tionis
279 3660 488 3711 Telluris
535 3662 756 3711 similiter
796 3661 1052 3720 immobili,
1102 3675 1386 3724 responsum
1425 3668 1522 3724 est,
1572 3677 1655 3712 cur
1693 3663 1789 3712 tale
1829 3663 1945 3726 quid
1985 3678 2080 3712 non
2123 3666 2346 3726 cogitan-

0 3727 26 3787 >i

101 3729 211 3781 dum
249 3734 335 3782 sit:
376 3737 492 3797 quia
528 3735 712 3785 scilicet
752 3749 900 3783 causa
937 3733 1073 3783 nulla
1110 3740 1253 3790 esset,
1295 3749 1378 3783 cur
1415 3736 1462 3782 in
1500 3742 1732 3799 punctum
1773 3736 1896 3785 coeli
1928 3751 2136 3787 vacuum
2163 3739 2341 3799 potiUS,

101 3817 245 3866 quam
280 3807 330 3854 iu
367 3806 559 3857 stellam
596 3808 813 3872 aliquam
852 3807 1161 3869 dirigeretur,
1201 3813 1249 3855 ct
1287 3822 1371 3857 cur
1408 3810 1570 3871 potius
1608 3810 1656 3856 in
1695 3809 1821 3859 hanc
1859 3816 2066 3872 partem,
2110 3824 2257 3872 quam
2296 3811 2347 3857 in

4 3880 28 3954 ’ξ
101 3874 255 3941 illam,
309 3884 358 3934 et
406 3882 521 3948 quia
558 3880 652 3933 hae
691 3882 840 3931 fibrae
879 3880 1208 3948 planetarum,
1257 3894 1352 3930 non
1391 3882 1550 3932 minus
1589 3897 1733 3949 quam
1773 3896 1920 3950 supra
1959 3884 2063 3933 axis
2104 3881 2343 3935 convolu-
