2554 4140
181 109 288 157 720
419 168 423 171 ὓ
954 99 1230 145 Tabularum
1261 98 1652 156 Rudolphinarum

177 264 263 313 per
298 249 657 312 proportionem
695 246 966 296 naturalem
1010 246 1122 308 diei,
1143 247 1206 296 ad
1244 261 1451 309 annum3
1490 249 1532 294 si
1567 248 1793 296 nimirum
1829 260 1916 310 pro
1950 245 2270 309 unoquolibet
2307 260 2433 296 anno
2480 295 2484 302 ,

181 323 439 384 adjiciatur
475 320 595 368 locis
633 318 765 367 Solis
807 327 855 368 et
894 319 1071 368 Lunae
1103 319 1311 368 diurnus
1349 319 1505 379 Solis,
1563 319 1749 368 distans
1800 320 1970 368 eodem
2007 334 2208 369 numero
2249 317 2435 368 dierum

180 411 210 443 a
248 394 325 442 die
362 391 542 452 natali,
582 406 679 454 quo
717 407 930 441 numerov
959 406 1193 442 annorum
1234 392 1383 439 distat
1421 406 1576 440 annus
1614 392 1677 440 ab
1714 407 1841 441 anno
1879 392 2054 452 natali,
2097 393 2435 440 manentibus-

180 480 273 528 que
312 467 483 513 ceteris
522 466 665 529 (puta
715 465 801 512 alt.
839 465 966 527 poli,
1022 465 1143 513 hora
1177 465 1402 512 natalitia
1451 470 1499 512 et
1544 463 1685 512 locis
1712 467 2056 527 promissorum
2106 462 2434 529 radicalibus),

175 552 359 586 novum
397 539 619 600 ,erigatur
667 537 856 597 thema,
917 538 1058 600 cujus
1109 537 1320 585 medium
1367 537 1489 585 coeli
1545 542 1594 584 et
1644 537 1911 586 ascendens
1966 546 2014 586 et
2049 545 2162 602 pars
2214 539 2434 586 fortunae

178 609 438 672 (siquidem
474 609 566 657 Dis
607 608 772 672 placet
809 614 905 659 ista
944 610 1135 673 ceteris)
1175 611 1272 658 sint
1318 609 1429 658 loca
1468 609 1745 658 directionis
1792 609 1962 659 horum
2002 614 2146 660 trium
2189 610 2435 672 significa-

176 691 349 732 torum.
426 682 696 744 Rationes,
750 683 813 731 ob
853 697 976 745 quas
1016 683 1138 731 haec
1175 683 1424 745 proportio
1460 681 1548 730 fiat
1585 680 1782 742 efficax,
1836 697 1919 730 cur
1955 699 2020 732 sc.
2062 683 2192 746 quod
2230 685 2319 731 suit
2357 683 2434 731 die

177 758 352 805 aetatis
390 757 660 815 tricesima,
717 755 767 803 id
806 755 1047 817 significet
1084 757 1133 802 in
1171 770 1352 803 annum
1392 756 1712 815 tricesimum,
1766 757 1856 803 etsi
1894 759 2106 806 rationes
2143 771 2239 806 non
2277 756 2437 804 solent

179 828 379 877 reddere
418 820 498 876 ve'l
535 829 698 876 rimari
739 828 1001 891 astrologi,
1054 830 1266 876 contenti
1306 830 1406 875 suis
1446 827 1680 886 oraculis,
1730 830 2008 892 promittere
2046 835 2207 878 tamen
2245 828 2437 877 videtur

180 901 494 966 philosophia
533 900 742 962 Samica,
782 907 867 949 aut
904 903 947 949 si
985 901 1107 949 haec
1145 915 1242 948 non
1279 907 1483 964 promet,
1522 899 1655 947 nulla
1690 907 1891 964 promet.
1965 902 2054 949 Est
2090 907 2253 951 autem
2289 903 2435 950 nota-

180 974 294 1035 bile,
335 988 422 1037 per
445 974 538 1022 hoc
565 975 762 1021 unicum
787 974 1154 1023 fundamentum
1182 975 1490 1037 suppositum
1515 973 1641 1020 ultro
1663 974 1893 1022 resultare
1919 975 2194 1023 mistionem
2220 977 2434 1023 omnium

180 1047 457 1108 modorum,
498 1060 623 1109 quos
656 1046 759 1109 jam
799 1046 899 1094 dixi
937 1047 999 1095 ab
1039 1047 1426 1095 antecessoribus
1464 1045 1728 1095 adhibitos.

320 1119 530 1169 Praec.
571 1120 690 1168 207.
761 1119 905 1169 Dato
942 1134 1159 1169 numero
1197 1134 1459 1168 annorum
1496 1121 1689 1180 aetatis,
1729 1122 1989 1182 assiynare
2012 1120 2122 1169 loca
2150 1119 2435 1169 directionis

177 1199 402 1257 quatuor
436 1192 854 1256 siqnifi’catorum.
927 1192 1108 1241 Notam
1159 1192 1343 1242 habeas
1391 1190 1687 1240 anomaliam
1730 1192 1792 1254 Θ
1832 1198 2153 1256 coaequatam
2198 1192 2278 1241 vel
2327 1192 2434 1254 ejus

162 1266 421 1316 residuum
473 1265 536 1314 ad
588 1266 818 1314 circulum
866 1265 1177 1329 implendum.
1261 1265 1393 1314 Huic
1439 1267 1712 1327 proximum
1762 1272 1947 1314 motum
1998 1271 2321 1328 coaequatum
2375 1281 2432 1314 ex

176 1339 348 1389 tabula
385 1337 664 1387 diurnorum
703 1353 905 1402 excerpe
948 1352 1058 1387 cum
1095 1352 1294 1387 numero
1335 1338 1534 1398 dierum,
1573 1337 1686 1386 huic
1721 1337 1847 1388 adde
1886 1337 1967 1387 vel
1990 1339 2221 1388 subtrahe
2258 1353 2433 1388 nume-

177 1427 281 1461 rum
320 1425 571 1472 annorum,
611 1425 721 1460 cum
758 1425 906 1472 novo,
947 1414 1030 1474 qui
1068 1413 1139 1459 sic
1178 1412 1522 1471 constituitur,
1549 1424 1749 1460 numero
1789 1411 1973 1461 dierum
2013 1426 2214 1475 excerpe
2250 1426 2432 1461 novum

180 1490 517 1547 coaequatum,
558 1487 640 1547 qui
681 1482 1036 1549 comparandus
1075 1490 1150 1533 est
1189 1499 1297 1533 cum
1323 1485 1457 1547 prius
1483 1490 1724 1548 excerpt0,
1765 1484 1931 1533 ablato
1966 1487 2139 1534 minori
2177 1501 2207 1534 a
2231 1485 2430 1547 maj0re.

180 1557 367 1620 Quodsi
407 1572 466 1606 ex
504 1556 753 1606 additione
793 1557 855 1605 ad
882 1557 984 1606 dies
1009 1556 1319 1606 resultaverit
1356 1571 1585 1605 numerus
1609 1557 1765 1619 maj0r
1789 1573 1937 1620 quam
1967 1559 2083 1618 183,
2122 1558 2258 1607 aufer
2296 1557 2431 1606 illum

177 1648 208 1681 a
236 1632 355 1692 366,
397 1645 504 1679 cum
542 1630 750 1680 residuis
789 1631 961 1679 diebus
999 1645 1203 1693 excerpe
1231 1637 1556 1693 coaequatum
1583 1629 1787 1679 alterum
1822 1637 1871 1679 et
1895 1637 2010 1679 tunc
2034 1637 2240 1694 utroque
2264 1631 2431 1681 ablato

177 1705 378 1754 seorsim
416 1719 446 1752 a
483 1706 694 1752 maximo
733 1703 947 1763 tabulae,
980 1703 1248 1766 jungantur
1296 1703 1490 1753 residua
1535 1704 1583 1750 in
1623 1717 1773 1752 unam
1810 1718 2064 1752 summam.
2139 1701 2350 1754 Rursum
2389 1705 2430 1753 si

178 1783 291 1827 ante
329 1791 606 1841 apogaeum
642 1777 816 1826 auferri
855 1779 1025 1840 nequit
1062 1791 1290 1825 numerus
1329 1790 1564 1825 annorum
1602 1792 1632 1825 a
1669 1791 1870 1825 numero
1909 1777 2093 1826 dierum
2132 1792 2192 1826 ex
2217 1778 2431 1841 margine

179 1851 435 1914 exscripto,
475 1850 610 1899 auser
647 1849 776 1898 hunc
815 1850 877 1898 ab
916 1850 1020 1910 1110,
1061 1863 1170 1898 011111
1195 1849 1402 1898 residuis
1430 1850 1602 1898 diebus
1641 1864 1845 1912 excerpe
1872 1855 2195 1913 coaequatum
2224 1850 2430 1913 alterum

182 1931 229 1973 et
267 1924 437 1972 ambos
476 1924 660 1986 conjice
698 1924 747 1970 in
786 1937 932 1971 unam
972 1937 1224 1971 summam.
1301 1921 1427 1970 Tum
1475 1921 1666 1971 demum
1706 1922 1785 1971 vel
1824 1922 1958 1972 illam
1997 1923 2312 1973 differentiam
2350 1924 2426 1974 vel

179 1996 304 2046 hanc
341 2011 581 2045 summam
617 1995 743 2056 adde
780 1996 901 2046 locis
939 1995 1234 2045 radicalibus
1273 1992 1343 2061 O
1384 2001 1432 2044 et
1467 1991 1564 2061 ᾧ,
1616 1995 1879 2059 prodibunt
1925 2010 2090 2045 eorum
2127 1996 2236 2047 loca
2274 1997 2430 2046 direc-

109 2128 120 2140 ,
176 2071 334 2119 tionis.
412 2069 688 2118 Constituto
738 2068 848 2119 1000
896 2068 1174 2118 directionis
1213 2067 1278 2132 Θ
1319 2068 1424 2131 ejus
1471 2083 1571 2117 asc.
1610 2074 1789 2124 rectaev
1822 2068 1949 2118 adde
2000 2069 2144 2118 horas
2180 2071 2429 2119 natalitias

177 2159 208 2192 a
244 2141 444 2192 meridie
482 2141 802 2206 praecedente
854 2147 1132 2191 numeratas
1180 2149 1225 2189 et
1263 2156 1348 2204 per
1385 2155 1515 2201 eam,
1571 2155 1696 2203 quae
1747 2144 1817 2191 sic
1864 2141 2048 2204 prodit,
2109 2157 2208 2192 asc.
2248 2149 2429 2192 rectam

178 2230 380 2279 excerpe
435 2221 668 2277 punctum
715 2215 1014 2276 culminans3
1067 2214 1117 2261 id
1167 2216 1257 2262 erit
1307 2214 1444 2263 locus
1493 2213 1769 2262 directionis
1816 2214 1882 2264 M.
1932 2214 1984 2262 C.
2063 2213 2115 2263 Si
2166 2216 2430 2278 perrexeris

178 2287 480 2352 excerpendo
535 2287 767 2350 angulum
823 2293 871 2337 et
926 2285 1299 2336 declinationem
1354 2293 1403 2335 et
1448 2286 1693 2357 operando
1745 2293 1799 2335 ut
1850 2302 2023 2349 supra,
2076 2287 2242 2337 elicies
2285 2291 2430 2338 etiam

174 2368 408 2426 punctum
447 2360 699 2424 eclipticae
738 2362 911 2417 oriens,
952 2362 1037 2423 qui
1074 2367 1148 2408 est
1184 2358 1320 2409 locus
1360 2359 1636 2408 directionis
1675 2359 1950 2424 horoscopi.
2025 2358 2156 2409 Huic
2191 2361 2300 2410 loco
2339 2361 2431 2409 ad-

175 2435 272 2498 jice
312 2433 526 2497 denique
559 2434 838 2482 distantiam
875 2429 945 2499 O
986 2448 1016 2481 a
1052 2429 1123 2499 Θ
1161 2432 1459 2493 natalitiam,
1513 2431 1727 2495 prodibit
1773 2433 1909 2483 locus
1960 2432 2236 2484 directionis
2272 2434 2432 2484 Partis

177 2508 447 2568 Fortunae,
487 2507 648 2556 Divae
688 2506 999 2555 Chaldaicae.
1963 2566 1965 2571 y

127 2571 135 2585 ¹
322 2580 535 2629 Praec.
578 2581 697 2628 208.
776 2580 946 2629 Electo
984 2579 1104 2638 loco,
1145 2576 1216 2625 ad
1252 2591 1401 2639 quem
1438 2576 1733 2640 diriyendus
1769 2580 1833 2626 sit
1855 2578 2253 2641 siqnificatorum
2279 2594 2431 2643 unus,

176 2668 263 2702 seu
302 2653 420 2702 dato
458 2654 562 2702 loco
598 2655 924 2716 promissoris
959 2651 1037 2699 vel
1074 2652 1181 2710 ejus
1217 2650 1380 2710 radii,
1419 2653 1649 2699 invenire
1683 2665 1959 2700 numerum
1998 2666 2273 2713 annorum,
2314 2655 2431 2714 qui-

176 2727 266 2775 bus
301 2729 343 2774 is
379 2729 518 2774 venit
553 2727 610 2774 in
647 2726 1047 2789 siqnificatorem.
1124 2722 1178 2772 Si
1203 2737 1316 2786 pars
1352 2723 1572 2772 fortunae
1599 2723 1912 2786 significatrix
1939 2730 2025 2785 est,
2066 2739 2096 2773 a
2127 2723 2236 2773 1000
2273 2724 2430 2774 direc-

181 2800 327 2847 tionis
368 2798 521 2848 electo
563 2798 697 2848 aufer
735 2798 1014 2847 distantiam
1040 2791 1110 2862 Q
1150 2810 1180 2844 a
1212 2795 1274 2858 Θ
1315 2795 1603 2858 natalitiam,
1644 2796 1940 2860 relinquetur
1977 2796 2110 2845 locus
2152 2797 2429 2855 directionis

177 2872 461 2934 horoscopi,
512 2873 560 2918 in
611 2886 758 2934 quam
795 2873 866 2920 sic
914 2869 1174 2919 resolvitur
1224 2877 1273 2917 et
1321 2871 1473 2931 partis
1510 2869 1732 2918 fortunae
1772 2869 1988 2919 directio,
2065 2869 2117 2918 Si
2155 2884 2270 2933 ergo
2309 2870 2429 2919 diri-

179 2945 364 3007 gendus
402 2950 478 2992 est
516 2943 815 3007 horoscopus
854 2943 914 2992 ad
953 2943 1140 3000 locum,
1193 2942 1272 2990 vel
1310 2944 1381 2990 sic
1421 2942 1635 2990 elicitum
1679 2940 1785 3009 (pro
1824 2941 2129 2992 absolvenda
2166 2941 2428 2992 directione

178 3016 337 3066 Partis
375 3016 672 3079 Fortunae),
711 3017 792 3065 vel
830 3017 970 3065 initio
1010 3014 1215 3064 electum
1256 3015 1365 3077 (pro
1405 3017 1557 3078 ipsius
1594 3015 1853 3078 horoscopi
1891 3018 2087 3079 propria
2125 3013 2427 3076 directione),

185 3092 507 3138 constituatur
543 3089 639 3138 loci
675 3090 756 3139 vel
796 3090 943 3139 eliciti
983 3088 1062 3137 vel
1101 3088 1253 3136 oblati
1288 3101 1387 3136 asc.
1428 3088 1653 3150 obliqua,
1698 3103 1806 3136 cum
1845 3089 1938 3138 bac
1975 3089 2230 3136 innotescit
2267 3087 2326 3137 A.
2368 3087 2427 3137 R.

179 3161 248 3211 M.
292 3162 372 3223 (1.,
421 3164 505 3225 qui
543 3161 674 3225 quod
714 3161 924 3212 ostendit
962 3166 1193 3225 punctum
1230 3160 1525 3221 culminans,
1572 3163 1613 3210 is
1665 3166 1738 3209 est
1773 3161 1912 3210 locus
1964 3161 2238 3211 directionis
2281 3161 2429 3210 medii

182 3234 318 3295 coeli,
358 3236 406 3281 in
447 3250 591 3298 quam
629 3236 700 3283 sic
736 3234 996 3283 resolvitur
1035 3232 1233 3282 directio
1271 3232 1528 3298 horoscopi
1567 3241 1614 3282 et
1651 3235 1800 3296 partis
1837 3235 2072 3283 fortunae.
2149 3232 2200 3281 Si
2239 3247 2427 3282 rursum

182 3307 483 3369 dirigendum
530 3314 603 3356 est
641 3307 709 3355 M.
752 3307 804 3356 C.
845 3307 908 3357 ad
958 3306 1119 3354 locum
1169 3305 1248 3355 vel
1297 3307 1367 3354 sic
1413 3306 1625 3355 elicitum
1676 3321 1763 3369 pro
1808 3307 2046 3370 prioribus
2083 3304 2427 3355 directionibus

113 3386 122 3389 ’
183 3379 512 3439 absolvendis,
550 3379 630 3429 vel
669 3395 754 3443 per
792 3395 844 3429 se
884 3379 1091 3429 electum
1126 3393 1216 3442 pro
1241 3380 1462 3442 propria:
1503 3380 1565 3427 ab
1591 3379 1737 3441 hujus
1777 3379 1870 3428 loci
1898 3379 2008 3427 Asc.
2045 3377 2100 3429 R,
2141 3379 2277 3428 aufer
2301 3385 2426 3428 tem-

181 3467 304 3515 pora
343 3458 536 3513 aequat.
576 3453 804 3501 horarum
843 3451 1187 3511 natalitiarum,
1227 3451 1420 3501 residua
1459 3453 1549 3502 erit
1587 3452 1700 3500 Asc.
1740 3451 1796 3500 R.
1836 3451 1932 3499 loci
1970 3450 2246 3500 directionis
2281 3451 2425 3501 Solis.

180 3525 244 3582 Et
280 3525 331 3571 in
366 3524 493 3572 hanc
531 3523 700 3573 ultimo
740 3532 916 3574 exeunt
954 3527 1102 3573 etiam
1142 3523 1498 3573 antecedentes
1574 3523 1656 3573 Sic
1693 3521 2040 3587 propemodum
2079 3529 2126 3572 et
2166 3524 2330 3584 Luna,
2384 3526 2427 3573 si

182 3596 436 3659 dirigenda
473 3601 545 3644 est
584 3596 646 3643 ad
683 3598 844 3646 locum
880 3599 1186 3661 promissoris
1224 3597 1458 3658 electum,
1497 3597 1634 3647 aufer
1671 3598 1733 3648 ab
1771 3609 1829 3645 eo
1867 3595 1976 3644 loco
2017 3595 2426 3648 distantiameLu-
2508 3630 2510 3634 ν

181 3684 274 3718 nae
311 3685 342 3718 a
379 3668 493 3718 Sole
543 3668 844 3728 natalitiam,
893 3671 1096 3719 restabit
1144 3675 1192 3718 et
1237 3672 1306 3718 sic
1343 3670 1480 3719 locus
1533 3670 1808 3718 directionis
1846 3667 1998 3728 Solis,
2051 3671 2099 3716 in
2147 3684 2293 3731 quam
2331 3668 2426 3718 hoc

181 3742 326 3790 modo
384 3743 529 3790 etiam
580 3740 748 3788 Lunae
801 3741 1000 3790 directio
1053 3743 1328 3791 resolvitur.
1413 3741 1630 3791 Tandem
1682 3742 1854 3804 igitur,
1910 3744 1971 3788 sir
2006 3740 2284 3804 dirigendus
2336 3743 2426 3789 erit

188 3815 250 3876 Θ
291 3814 353 3864 ad
403 3814 562 3863 locum
609 3812 822 3875 aliquem
875 3814 1154 3880 eclipticae,
1205 3815 1457 3863 dinumera
1505 3813 1572 3882 (in
1624 3827 1910 3876 quacunque
1948 3814 2268 3877 Ephemeride
2317 3828 2423 3863 cum
