2554 4140
768 136 939 186 „Liber
968 137 1182 194 Quartus.
1243 139 1358 185 Pars
1387 139 1609 187 Secunda.
2223 153 2326 202 353

79 278 280 328 Terram
317 279 543 343 planeta:
587 280 719 342 quod
756 283 937 333 indicio
977 291 1065 347 est,
1104 287 1317 349 speciem

79 351 449 401 illuminationis
500 355 675 402 mutari
733 354 995 420 lumenque
1057 361 1105 405 in
1170 374 1318 407 cornu

72 425 347 486 attenuari,
386 427 456 474 sic
494 433 549 473 ut
586 428 746 475 minus
783 438 983 479 moveat
1022 431 1216 480 oculum
1256 432 1317 482 de

74 498 348 560 propinquo
401 512 549 560 quam
597 498 656 548 de
693 500 988 566 longinquo,
1041 504 1175 567 quod
1213 505 1316 554 sine

74 569 168 618 hac
203 573 540 620 attenuatione
578 573 626 619 in
668 587 815 623 cornu
856 577 1122 625 absurdum
1161 583 1312 627 esset:

74 644 255 706 quippe
307 645 585 707 propinqua
637 645 761 696 alias
814 650 1006 712 maj0ra
1061 658 1314 713 apparent,

73 729 220 777 quam
272 717 314 763 si
371 719 661 766 recesserint*
713 719 925 784 longius.
1010 721 1127 771 Jam
1184 723 1314 785 quod

71 794 167 836 tres
217 790 490 851 superiores
543 793 743 853 attinet,
809 793 1143 857 demonstrant
1199 796 1312 843 Ari-

69 859 318 922 starchus,
370 861 668 925 Copernicus
720 873 769 914 et
818 866 991 931 Tycho
1030 868 1218 928 Brahe,
1271 871 1311 916 si

71 935 219 983 etiam
266 933 378 983 illos
428 937 558 985 circa
596 937 761 987 Solem
799 940 1078 989 ordinemus
1117 940 1311 989 Solem-

69 1021 166 1069 que
205 1018 460 1057 commune
509 1013 650 1072 quasi
689 1018 905 1060 centrum
945 1015 1169 1076 quinque
1198 1014 1310 1076 pla-

67 1086 289 1129 netarum
326 1087 616 1143 statuamus,
654 1085 727 1133 sic
765 1091 818 1132 ut
853 1091 1017 1134 motus
1049 1085 1181 1135 Solis
1219 1101 1308 1135 seu

68 1167 213 1201 verus
262 1167 351 1202 seu
397 1169 639 1218 apparens
690 1161 820 1205 totos
870 1159 1086 1221 quinque
1131 1158 1307 1221 plane-

66 1232 227 1275 tarum
266 1227 411 1277 orbes
435 1229 662 1289 attineat,
702 1229 898 1279 liberari
935 1246 1042 1292 noe,
1081 1238 1137 1279 ut
1171 1233 1306 1295 prius

65 1300 114 1346 in
154 1297 345 1349 Venere
397 1306 446 1348 et
491 1299 734 1350 Mercurio
784 1303 976 1352 duobus
1025 1305 1305 1354 eccentricis

65 1374 399 1435 supervacuis,
434 1374 506 1422 sic
529 1388 660 1423 nunc
686 1377 736 1422 in
754 1377 1086 1439 superioribus
1130 1374 1177 1443 1)
1215 1379 1305 1425 tri-

64 1444 157 1494 bus
194 1444 451 1509 epicyclis,
502 1444 554 1512 2)
591 1454 754 1496 motus
794 1462 960 1498 eorum
998 1449 1145 1500 realis
1183 1463 1304 1499 con-
1842 1482 1847 1488 x

60 1531 207 1567 sensu
245 1531 393 1568 caeco
433 1524 484 1568 et
518 1520 789 1570 incredibili
828 1537 938 1571 eum
975 1530 1113 1572 motu
1150 1522 1307 1583 Solis,
1361 1519 1411 1588 3)
1450 1523 1616 1584 itaque
1654 1522 1892 1570 stationes
1929 1527 1977 1569 et
2012 1520 2325 1585 retrograda-

63 1592 222 1640 tiones
260 1605 458 1656 eorum,
510 1606 611 1641 nou
659 1597 821 1643 minus
859 1611 1008 1658 quam
1045 1610 1194 1659 supra
1232 1599 1279 1643 in
1320 1595 1511 1644 Venere
1548 1601 1597 1643 et
1634 1593 1894 1655 Mercurio,
1931 1600 2154 1657 respectu
2194 1594 2324 1643 Solis

62 1678 209 1727 quem
236 1666 548 1727 circumeunt,
588 1681 639 1715 re
666 1682 784 1717 vera
807 1668 969 1718 nullas
996 1684 1123 1733 esse,
1163 1666 1214 1735 4)
1253 1671 1324 1717 sic
1349 1670 1493 1717 etiam
1519 1666 1754 1731 plurimas
1794 1667 1842 1713 in
1880 1674 2014 1715 motu
2053 1667 2324 1715 latitudinis

42 1739 392 1787 ·intricationes
443 1753 470 1787 e
509 1737 729 1789 doctrina
777 1741 995 1791 theorica
1031 1741 1168 1803 tolli3
1227 1741 1276 1804 5)
1318 1741 1526 1804 denique
1574 1754 1748 1788 causas
1797 1741 1970 1805 aperiri
2022 1738 2322 1801 discriminis,

60 1823 176 1859 cur.
199 1813 414 1874 quinque
465 1811 695 1874 planetae
731 1813 853 1862 fiant
878 1815 1164 1863 ¹stationarii
1202 1821 1250 1863 et
1287 1812 1582 1877 retrogradi,
1636 1812 1722 1862 Sol
1774 1818 1823 1861 et
1859 1812 2002 1862 Luna
2047 1827 2322 1875 nunquam3

57 1891 108 1933 et
145 1898 230 1933 cur
271 1885 327 1945 6)
365 1883 605 1934 Saturnus
642 1886 913 1945 altissimus
942 1889 1245 1950 superiorum
1284 1882 1464 1936 habeat
1483 1887 1736 1934 minimum
1772 1885 2201 1949 retrogradationis
2239 1899 2322 1934 ar-

57 1971 183 2018 cum,
222 1956 419 2020 Jupiter
454 1956 644 2007 medius
681 1959 908 2020 medium,
948 1960 1084 2009 Mars
1109 1963 1359 2024 proximus
1384 1961 1665 2008 maximum.
1744 1957 1883 2020 Quae
1923 1960 2086 2008 omnia
2123 1959 2321 2008 inferius

57 2029 430 2093 explicabuntur
464 2030 589 2080 libro
628 2031 718 2080 VI.
791 2032 982 2082 Harum
1008 2023 1126 2083 vero
1162 2035 1557 2098 apparentiamm
1597 2045 1775 2081 causae
1806 2034 2000 2095 penitus
2039 2033 2322 2096 ignorantur

0 2145 2 2158 ,
58 2101 190 2167 apud
227 2109 533 2152 astronomos
570 2110 775 2155 veteres.

200 2175 298 2226 Sed
336 2183 386 2225 et
422 2176 699 2227 secundarii
734 2179 877 2228 nobis
915 2178 1117 2242 aliquod
1156 2179 1304 2243 hujus
1333 2180 1404 2227 rei
1440 2180 1771 2228 testimonium
1797 2178 2049 2242 praebent.
2127 2175 2320 2239 Depre-

56 2248 228 2299 hendit
265 2250 393 2298 euim
429 2248 617 2299 Marius
654 2252 702 2299 in
742 2267 833 2301 suo
871 2252 1060 2302 Mundo
1098 2252 1315 2313 Joviali,
1371 2253 1702 2302 restitutiones
1742 2251 2007 2301 satellitum
2047 2248 2317 2300 Jovialium

60 2323 190 2372 eirca
225 2320 409 2371 Jovem
452 2336 766 2386 nequaquam
812 2324 1059 2389 regulares
1098 2341 1205 2376 esse
1244 2325 1307 2375 ad
1344 2325 1523 2386 lineas,
1580 2339 1703 2388 quas
1753 2340 1813 2374 ex
1852 2330 2015 2374 centro
2054 2324 2231 2372 Terrae
2269 2324 2319 2370 in

55 2393 237 2446 Jovem
276 2395 521 2458 ejicimus3
560 2411 668 2446 esse
706 2412 823 2446 vero
862 2398 1124 2462 regulares,
1165 2402 1206 2447 si
1246 2406 1586 2462 comparentur
1620 2397 1684 2447 ad
1722 2398 1876 2448 lineas
1901 2412 1960 2447 ex
1999 2403 2163 2446 centro
2189 2394 2317 2445 Solis

55 2482 143 2532 per
177 2466 360 2517 Jovem
398 2467 616 2519 eductas.
690 2470 931 2520 Nimirum
977 2471 1028 2520 id
1066 2473 1265 2520 maximi
1303 2473 1575 2536 argumenti
1611 2470 1721 2520 loco
1759 2477 1857 2533 est,
1910 2470 2055 2520 Jovis
2109 2469 2318 2530 orbitam

56 2542 184 2590 circa
233 2540 399 2590 Solem
446 2540 718 2591 ordinatam
766 2558 901 2605 esse,
961 2550 1010 2594 et
1057 2544 1338 2594 distantiam
1387 2544 1517 2594 Solis
1572 2560 1604 2593 a
1653 2550 1817 2594 centro
1867 2545 2052 2593 orbitae
2105 2541 2317 2591 Jovialis

58 2628 165 2664 esse
215 2620 394 2663 certam
433 2619 483 2663 et
517 2613 664 2663 fixam
704 2615 1091 2680 quodammode,
1143 2617 1343 2668 Terram
1380 2631 1498 2667 vero
1535 2631 1652 2667 suas
1690 2618 1753 2667 ab
1792 2617 1886 2666 hoc
1923 2622 2087 2666 centro
2126 2614 2317 2663 distan-

56 2688 151 2736 tias
191 2687 378 2736 variare
415 2701 501 2751 per
538 2701 735 2737 anuum.

205 2759 339 2824 Quot
374 2766 495 2808 sunt
518 2766 931 2812 astronomorum
964 2769 1121 2813 sectae
1144 2765 1279 2812 circa
1316 2763 1708 2825 speculationem
1734 2763 1880 2822 hanc,
1921 2776 1981 2810 ex
2007 2775 2112 2823 qua
2136 2773 2314 2809 secun-

57 2832 182 2882 dum
218 2839 584 2895 armamentum
622 2834 863 2883 ducitur?
912 2835 1059 2885 Tres:
1099 2837 1276 2900 prima,
1326 2842 1545 2885 veterum
1585 2838 1779 2884 nomine
1818 2832 2135 2883 communiter
2181 2839 2314 2893 nota,

2 2906 8 2974 ι
55 2903 395 2955 Ptolemaeum
434 2912 596 2955 tamen
637 2907 966 2971 coryphaeum
992 2908 1169 2972 habet3
1221 2908 1438 2958 secunda
1477 2914 1525 2957 et
1562 2910 1704 2957 tertia
1738 2906 2087 2956 recentioribus
2127 2904 2314 2954 adscri-

3 2978 7 3030 Ι
56 2977 246 3039 buntur,
284 2978 401 3027 licet
437 2978 667 3040 secunda,
708 2995 738 3029 a
764 2980 1034 3044 Copernico
1074 2982 1399 3043 denominata,
1438 2983 1504 3032 sit
1528 2980 1895 3044 antiquissima3
1935 2981 2105 3029 tertiae
2143 2983 2314 3028 auctor

5 3064 8 3119 ξ
58 3056 133 3100 eut
166 3051 338 3116 Tycho
377 3051 554 3101 Brahe.

6 3129 9 3154 ³
198 3124 514 3173 Ptolemaeus
553 3127 701 3187 igitur
737 3127 998 3175 errantium
1036 3125 1286 3175 stellarum
1339 3124 1559 3188 singulas
1604 3126 1867 3188 separatim
1912 3124 2085 3173 saltem
2122 3128 2312 3186 tractat,

7 3211 10 3241 a
61 3208 328 3260 musasque
366 3204 587 3247 motuum
630 3198 844 3246 omnium
882 3196 1450 3260 retrogradationumque
1489 3203 1538 3246 et
1573 3199 1838 3248 stationum
1876 3203 2169 3261 apparentes
2207 3199 2312 3245 sin-

58 3267 185 3331 gulis
223 3271 271 3317 in
309 3272 412 3319 suis
450 3272 667 3333 ipsarum
707 3270 905 3319 orbibus
945 3273 1186 3333 assignat,
1234 3273 1306 3319 sic
1344 3276 1520 3331 tamen,
1560 3277 1615 3319 ut
1650 3271 1698 3317 in
1736 3269 1940 3334 singulis
1976 3276 2127 3333 ponat
2166 3284 2313 3318 unum

9 3360 15 3416 3
62 3347 244 3390 eertum
281 3343 461 3403 orbem,
508 3345 591 3406 qui
629 3342 883 3406 periodum
920 3358 1058 3392 suam
1097 3342 1326 3392 absolvat
1362 3348 1583 3406 respectu
1624 3342 1686 3391 ad
1725 3349 1909 3391 motum
1947 3341 2075 3391 Solis
2117 3344 2310 3392 habito:

11 3419 13 3431 ²
62 3413 193 3476 quod
231 3415 411 3479 quibus
449 3415 510 3465 de
549 3418 709 3465 causis
748 3416 857 3477 fiat,
906 3415 1219 3465 Ptolemaeus
1257 3429 1355 3463 nou
1394 3414 1630 3478 explicat,
1682 3417 1773 3464 nisi
1814 3415 1943 3479 quod
1981 3416 2119 3464 latini
2159 3415 2313 3478 scrip-

12 3502 14 3508 ’
62 3491 190 3536 tores
227 3490 327 3537 vim
364 3487 582 3552 aliquam
622 3490 877 3539 obscuram
916 3490 1059 3538 certis
1088 3487 1218 3537 Solis
1254 3487 1402 3538 radiis
1441 3489 1725 3550 attribuunt,
1766 3490 2040 3552 ignorantia
2066 3489 2312 3538 radiorum

14 3556 16 3618 ζ
62 3572 194 3609 mera
227 3561 465 3611 fascinati.

205 3631 404 3696 Reliqui
442 3634 539 3684 duo
579 3641 802 3684 auctores
839 3634 1062 3697 planetas
1100 3635 1223 3682 inter
1259 3647 1312 3682 se
1338 3639 1636 3697 comparant,
1675 3648 1899 3698 quaeque
1938 3637 1985 3683 in
2014 3648 2178 3683 eorum
2204 3647 2313 3680 mo-

15 3722 19 3746 ‡
64 3703 197 3752 tibus
233 3708 507 3755 communia
551 3707 997 3771 deprehenduntur,
1046 3721 1106 3755 ex
1143 3704 1313 3754 eadem
1363 3708 1604 3755 communi
1644 3722 1792 3757 causa
1841 3707 2100 3757 deducunt.
2175 3705 2313 3753 Haec

18 3810 21 3847 t
65 3787 187 3824 vero
226 3780 491 3828 communis
530 3794 680 3829 causa
729 3778 876 3846 (quae
914 3779 1137 3843 planetas
1174 3777 1321 3827 efficit
1366 3778 1521 3828 videri
1559 3781 1870 3829 stationarios
1909 3777 2312 3841 retrogradosque

19 3870 21 3879 ·
62 3849 111 3896 in
165 3854 295 3898 certa
341 3849 509 3914 aliqua
559 3852 941 3917 configuratione
992 3851 1219 3914 planetae
1270 3864 1378 3900 cum
1416 3848 1557 3919 Sole)
1609 3868 1638 3903 a
1676 3854 1867 3905 Braheo
1920 3853 2114 3915 quidem
2154 3849 2312 3899 adhuc

146 3945 304 3988 upton
324 3946 460 3990 open.
507 3949 573 3985 VI.
1895 3940 1960 3986 23
