2554 4140
816 105 1050 163 Excerpta
1075 117 1133 150 ex
1154 104 1340 152 Tabulis
1360 105 1678 164 RudolphiniS.
2263 111 2364 162 589

108 252 277 308 quaeri,
308 263 401 297 non
430 254 584 296 tamen
614 249 824 296 absolute
855 265 1017 309 veram,
1049 267 1150 299 cum
1182 252 1416 321 eclipsium
1449 253 1660 307 doctrina
1685 252 2007 299 correctionem
2039 252 2140 310 eJus
2170 251 2366 310 aliquam

47 350 51 352 ἡ
101 318 314 373 requirat.

274 412 377 458 Ad·
397 412 516 457 hanc
568 411 706 468 igitur
757 412 1063 471 Tychonicam
1135 413 1448 470 inquirendam
1509 414 1620 459 duas
1672 406 1803 458 trado
1855 412 1950 457 vias
2009 411 2367 470 aequipollentes

102 493 201 524 eum
231 479 349 523 inter
389 491 457 535 se,
503 483 599 523 tum
642 478 779 522 etiam
825 493 925 524 cum
967 479 1073 536 via,
1108 493 1243 535 quam
1288 478 1442 535 Tycho
1483 480 1531 523 in
1576 479 1814 537 Progymn.
1852 479 1905 524 T.
1937 481 1968 524 Ι.
2011 479 2185 537 docuit,
2226 491 2368 536 quan-

15 594 20 600 ,
86 547 198 590 ‘tum
239 543 448 601 equidem
497 549 699 589 assumta
746 545 995 602 patiuntur.
1073 544 1190 588 Nam
1239 548 1291 588 ut
1334 544 1380 587 in
1425 544 1763 601 Prolegomenis
1810 545 2163 602 Ephemeridum
2220 543 2366 602 docui,

28 1590 55 1778 3

29 1783 63 1828 X

101 608 340 662 maximam
387 610 543 667 Tycbo
592 610 879 655 latitudinem
931 609 1179 667 simplicem
1231 611 1446 655 assumsit
1491 611 1543 654 4⁰
1588 611 1658 656 58¹
1703 613 1818 668 30⁴¹,
1871 611 2128 668 aequationi
2174 610 2369 666 longitu-

101 674 218 719 dinis
249 677 510 734 aequalem,
542 690 779 722 excessum
814 678 886 732 19,
920 689 1137 720 summam
1167 677 1407 733 utriusque
1437 678 1487 722 5⁰
1522 679 1590 722 17‘
1621 678 1720 732 30⁰,
1763 689 1844 732 ego
1884 688 1991 720 vero
2033 689 2214 721 assumo
2244 675 2368 720 illam
2413 666 2425 680 ‘

101 741 281 800 quidem
320 744 370 788 5⁰
409 746 451 789 O‘
492 745 573 801 0¹¹,
622 755 750 788 meae
794 742 949 787 itidem
985 740 1243 798 aequationi
1279 740 1576 798 longitudinis
1615 741 1852 797 aequalem
1891 747 1936 785 et
1978 741 2367 786 observationibus

100 808 370 866 Tychonicis
412 809 777 866 convenientem,
822 811 1113 863 augmentum
1156 819 1263 851 vero
1302 807 1394 864 18¹,
1439 821 1659 871 summam
1700 808 1750 852 5⁰
1783 807 1851 852 18¹
1889 810 1971 864 O“‚
2017 805 2111 851 fere
2152 812 2367 864 quantam

103 879 150 920 et
178 874 347 932 Tycho.

274 968 403 1013 Prior
434 968 507 1013 via
545 973 616 1013 est
644 968 778 1024 haec,
826 973 878 1013 ut
919 968 1114 1025 primum
1151 967 1200 1012 in
1237 973 1397 1024 parato
1439 970 1499 1014 sit
1544 969 1759 1014 distantia
1800 973 1840 1024 D
1877 983 1905 1014 a
1936 973 1987 1025 Ω
2031 976 2083 1014 ut
2123 975 2367 1027 praecepto

103 1033 412 1089 antecedenti;
460 1033 622 1078 deinde
652 1034 884 1080 auferatur
918 1034 1055 1095 locus
1080 1038 1133 1090 Ω
1165 1033 1238 1078 vel
1271 1035 1323 1086 ⁶?ss
1357 1048 1384 1079 a
1413 1034 1515 1079 loco
1545 1035 1603 1092 Θ
1632 1047 1768 1086 vero,
1803 1039 1854 1078 ut
1883 1039 2029 1080 restet
2069 1034 2282 1080 distantia
2311 1035 2368 1092 Θ

100 1115 127 1146 a
158 1104 211 1157 Ω
242 1099 313 1144 vel
347 1099 424 1156 {5³3
468 1100 602 1143 tertio
632 1099 719 1143 hac
749 1099 957 1155 quaesita
1003 1100 1051 1142 in
1081 1098 1250 1143 tabella
1288 1099 1668 1155 augmentationis
1710 1106 1970 1145 menstruae
2014 1105 2287 1158 excerpatur
2324 1106 2370 1144 et

51 1201 58 1205 -
100 1166 367 1212 adservetur
408 1164 716 1221 augmentatio
761 1163 914 1220 anguli
953 1163 1090 1208 soluti
1131 1164 1266 1220 (hanc
1298 1165 1453 1222 Tycho
1499 1180 1738 1227 excessum
1777 1167 1996 1224 appellat,
2044 1167 2178 1212 aliter
2216 1172 2369 1212 tamen
2415 1158 2421 1172 '

98 1231 396 1286 instructum3
430 1232 600 1286 quippe
631 1230 709 1287 qui
741 1230 875 1274 etiam
907 1230 1039 1276 aliter
1070 1231 1328 1287 excerpitur
1358 1232 1481 1288 apud
1501 1232 1679 1290 ipsum),
1711 1238 1983 1290 excerpatur
2004 1234 2138 1278 etiam
2159 1233 2369 1291 prostha-

98 1298 329 1358 pbaeresis
350 1297 460 1342 nodi
491 1301 542 1354 Ω
576 1310 741 1352 annua,
774 1296 846 1340 cui
875 1296 1035 1341 titulus
1067 1302 1137 1341 est
1168 1297 1224 1341 ab
1257 1296 1612 1354 aequipollentia
1641 1299 1928 1357 Tychonica,
1968 1313 2070 1344 cum
2102 1312 2184 1344 suo
2216 1299 2366 1346 titulo

44 1364 276 1430 Quarto
307 1377 390 1421 per
417 1362 536 1407 hanc
565 1362 999 1419 prosthaphaeresin
1025 1362 1122 1419 J'am
1153 1363 1327 1418 corrige
1349 1363 1609 1409 distantiam
1651 1370 1691 1421 D
1729 1380 1756 1411 a
1789 1369 1840 1423 Ω
1875 1364 2172 1411 antecedente
2204 1378 2368 1423 aequa-

44 1419 189 1476 .bili.
249 1431 347 1476 Nec
374 1428 578 1486 patiatur
607 1441 657 1472 se
694 1428 768 1472 hic
797 1428 1005 1485 impediri
1036 1429 1284 1474 calculator
1321 1429 1367 1473 in
1397 1430 1636 1488 Progymn.
1671 1430 1901 1488 Tychonis
1946 1431 2198 1489 exercitus,
2247 1428 2368 1507 quod

43 1495 218 1540 videt
249 1495 524 1541 contrarium
557 1493 710 1550 juberi
743 1508 769 1538 a
800 1494 1036 1552 Tychone3
1080 1509 1172 1540 non
1211 1496 1329 1540 enim
1360 1502 1432 1540 est
1469 1510 1575 1542 vere
1622 1499 1916 1554 contrarium,
1966 1497 2047 1543 sed
2085 1467 2274 1555 requirit
2305 1498 2369 1543 sic

98 1561 350 1607 differentia
398 1560 569 1604 formae
617 1561 1118 1618 prosthaphaereseon,
1185 1575 1303 1619 quae¹
1350 1563 1558 1621 Tychoni
1605 1570 1852 1609 menstrua
1891 1569 1980 1621 est,
2041 1564 2150 1608 mihi
2202 1578 2365 1623 annua,

21 1629 52 1684 »ἰ
96 1628 207 1673 mira
248 1634 402 1672 tamen
447 1632 494 1671 et
538 1626 803 1683 inopinabili
848 1627 1217 1696 aequipollentia
1280 1629 1448 1685 Quinto
1494 1645 1596 1676 cum
1642 1631 1858 1676 distantia
1904 1635 1944 1686 D
1987 1643 2013 1674 a
2046 1634 2097 1687 Ω
2131 1644 2236 1676 vero
2273 1631 2368 1687 jam

98 1695 345 1742 constituta
374 1708 431 1739 ex
473 1695 563 1738 tab.
598 1693 674 1738 lat.
719 1693 933 1750 simplicis
977 1692 1250 1752 excerpatur
1287 1697 1495 1742 latitudo.
1560 1698 1719 1752 SextO,
1760 1697 1855 1753 jam
1901 1701 2051 1741 sumta
2090 1697 2229 1752 huJ'us
2267 1697 2367 1741 lati-

98 1760 264 1808 tudinis
310 1773 415 1816 pars
467 1759 626 1817 quinta
669 1773 752 1816 pro
799 1760 1024 1817 scrupulis
1078 1761 1514 1821 proportionalibus,
1566 1762 1891 1819 multiplicetur
1940 1763 1986 1806 iii
2031 1763 2185 1819 anguli
2231 1763 2367 1808 soluti

33 1861 43 1873 .
97 1826 508 1884 augmentationem
549 1831 809 1883 excerptam
847 1829 894 1870 et
934 1833 1235 1884 asservatam3
1284 1829 1493 1885 quotiens
1540 1829 1735 1874 addatur
1777 1829 2024 1887 latitudini,
2071 1843 2154 1886 per
2199 1829 2367 1873 distan-

43 1891 203 1942 ·“1;ἰειιι
244 1896 283 1946 D
320 1905 348 1936 a
379 1895 431 1948 Ω
464 1905 570 1936 vero
603 1897 871 1949 excerptae:
913 1894 978 1938 sic
1016 1894 1279 1940 absolvetur
1320 1895 1479 1940 Lunae
1516 1895 1738 1951 latitudo,
1785 1910 1903 1953 quae
1942 1902 2012 1942 est
2050 1909 2107 1940 ex
2139 1895 2395 1962 Tychonis⁸

28 1967 33 1986 ²
75 1985 82 1989 «
98 1957 320 2003 sententia
349 1970 472 2002 vera.

17 2003 53 2060 ‘'g,
123 2048 125 2050 1

31 2064 55 2081 ιι

35 2088 61 2136 ⁴!

33 2168 43 2210 i

265 2037 655 2096 Multiplicationis
684 2038 838 2096 logisti
841 2051 922 2084 cae
958 2039 1158 2084 taedium
1190 2040 1375 2086 evitabit
1404 2040 1652 2086 calculator
1681 2054 1768 2086 usu
1799 2039 2186 2097 logarithmorum.

188 2132 189 2135 ’
263 2121 420 2166 Praec.
448 2119 542 2166 126.
575 2120 736 2164 Altera
756 2119 828 2164 via
851 2125 921 2164 est
942 2124 1048 2165 ista:
1081 2121 1231 2165 Primo
1249 2121 1342 2166 sint
1361 2121 1407 2165 in
1424 2126 1585 2178 parato
1605 2120 1818 2166 distantia
1839 2121 1895 2180 Θ
1913 2134 1939 2166 a
1962 2122 2029 2178 Ω,
2063 2125 2102 2197 D
2126 2134 2152 2165 a
2172 2122 2228 2180 Θ
2246 2125 2292 2166 et
2319 2125 2359 2176 D

56 2219 62 2229 f
99 2199 128 2232 a.
146 2174 198 2245 Ω
221 2185 448 2243 aequabili
479 2192 525 2230 et
553 2198 637 2243 per
665 2186 782 2230 hanc
811 2184 1008 2231 latitudo
1041 2187 1235 2244 simplex
1265 2201 1368 2233 cum
1390 2200 1472 2231 suo
1503 2187 1636 2232 titulo
1659 2200 1716 2232 ex
1746 2188 1916 2243 tabula,
1949 2192 2001 2232 ut
2016 2187 2156 2245 prius.
2189 2188 2365 2234 Deinde

23 2241 37 2270 ·⁷
61 2265 197 2307 ocum
227 2253 439 2298 distantia
467 2253 524 2312 Θ
555 2265 582 2297 a
614 2257 666 2310 Ω
699 2253 930 2309 ingressus
961 2251 1165 2300 tabulam
1187 2252 1582 2309 augmentationis,
1616 2266 1810 2311 excerpe
1834 2253 2173 2299 inclinationem
2191 2254 2359 2311 limitis,

59 2320 67 2364 's

98 2328 187 2363 non
215 2317 363 2372 soluti,
395 2317 475 2362 sed
506 2319 739 2364 menstrui.
801 2319 956 2364 Tertio
989 2333 1091 2376 cum
1123 2319 1341 2365 distantia
1372 2325 1412 2375 D
1446 2334 1473 2365 a
1494 2320 1550 2378 Θ
1580 2319 1628 2364 in
1658 2320 1750 2365 tab.
1783 2320 2066 2377 aequationis
2087 2325 2364 2378 menstruae,

64 2390 69 2395 “
107 2384 309 2440 quaesita
348 2385 433 2430 sub
476 2385 608 2430 titulo
650 2385 880 2444 augmenti
916 2385 1155 2438 menstrui,
1203 2388 1508 2441 excerpantur
1555 2385 1772 2442 scrupula
1812 2390 2047 2430 menstrua
2085 2385 2156 2431 vel
2206 2399 2363 2431 eorum

101 2445 418 2506 logarithmus‚
462 2458 507 2495 et
537 2451 608 2497 vel
638 2452 717 2496 illa
747 2453 793 2497 in
826 2453 922 2509 Jam
955 2456 1215 2508 excerptam
1250 2450 1589 2496 inclinationem
1628 2449 2005 2508 multiplicentur,
2052 2451 2124 2495 vel
2163 2449 2243 2495 ille
2274 2450 2364 2508 log.

95 2513 159 2560 'nd
185 2515 320 2575 hujus
359 2517 452 2576 log.
484 2518 696 2564 addatur:
739 2525 935 2576 utroque
973 2519 1108 2563 modo
1139 2517 1392 2562 invenietur
1420 2516 1671 2574 latitudinis
1703 2516 1852 2572 portio
1882 2522 2126 2562 menstrua.
2187 2516 2366 2561 Titulus

79 2587 250 2631 ⁸nutem
279 2583 385 2628 huic
415 2584 613 2640 portioni
642 2585 829 2631 accedet
860 2597 917 2629 ex
949 2598 1002 2630 eo
1032 2584 1174 2628 limite
1205 2583 1368 2640 soluto,
1401 2596 1492 2627 non
1523 2583 1601 2638 qui
1632 2582 1716 2627 erit
1746 2581 1935 2626 vicinior
1962 2582 2135 2640 Lunae,
2175 2582 2255 2627 sed
2288 2582 2365 2638 qui

68 2647 201 2690 ‘cum
229 2648 365 2693 Luna
406 2649 662 2694 versabitur
698 2650 745 2694 in
785 2650 943 2695 eodem
985 2649 1294 2706 semicirculo,
1349 2662 1376 2692 a
1416 2648 1520 2693 Sole
1562 2647 1760 2704 incepto.
1834 2645 2004 2702 Quarto
2046 2653 2366 2705 comparentur

28 2763 29 2766 Ἴ
105 2709 224 2762 ntuli
260 2719 353 2758 tam
384 2713 463 2759 lat.
497 2714 736 2773 simplicis,
781 2729 915 2772 quam
941 2715 1164 2773 portionis
1194 2719 1472 2771 menstruae3
1516 2719 1563 2759 et
1601 2714 1823 2770 siquidem
1862 2712 2032 2758 fuerint
2060 2714 2215 2770 iidem,
2258 2711 2363 2770 jun-

106 2781 267 2832 gantur
293 2780 526 2835 portiones
558 2780 728 2838 fietque
757 2780 953 2826 latitudo
985 2794 1093 2825 vera
1125 2779 1396 2838 Tychonica,
1425 2778 1629 2840 partibus
1653 2779 1947 2835 cognominis,
1980 2779 2049 2824 sin
2071 2779 2236 2824 diversi
2269 2780 2360 2824 sint

103 2842 234 2902 tituli,
263 2846 410 2891 minor
437 2849 585 2905 portio
617 2860 644 2892 a
662 2846 823 2904 maJ‘ori
854 2846 1099 2905 auferatur,
1127 2846 1310 2892 residua
1341 2845 1425 2890 erit
1455 2845 1534 2890 lat.
1557 2857 1664 2891 vera
1685 2844 1958 2902 Tychonica,
1989 2844 2121 2891 titulo
2145 2844 2358 2891 elementi

103 2911 282 2968 maioris
310 2920 502 2959 retento.

271 3026 343 3081 83)
374 3040 414 3079 p.
446 3029 544 3069 478.
587 3026 773 3068 'rabulae
806 3028 910 3068 Rud.
942 3027 998 3067 ad
1020 3026 1308 3077 quaestionem
1342 3021 1541 3074 „Veram
1560 3034 1653 3079 pro
1676 3022 1907 3079 eclipsium
1931 3020 2070 3067 etiam
2095 3020 2360 3068 necessitate

80 3086 389 3147 ,latitudinem
419 3092 643 3149 quomodo
673 3089 1022 3149 inquiramu8?“
1056 3091 1332 3142 respondent:
1368 3087 1596 3143 Quantum
1626 3087 1684 3131 ad
1705 3088 1805 3143 hoc,
1837 3093 1888 3131 ut
1920 3099 2075 3132 omnes
2099 3086 2362 3133 latitudines

111 3153 373 3213 hypothesis
416 3156 572 3201 eadem
617 3156 943 3213 complectatur
982 3161 1028 3200 et
1065 3156 1184 3199 inter
1225 3167 1273 3199 se
1312 3166 1538 3199 consensu
1574 3158 1837 3208 connectat,
1877 3152 2247 3209 perpendendum
2279 3158 2361 3211 est,

109 3218 294 3278 oelipses
332 3222 433 3268 fieri
474 3236 565 3266 non
603 3229 712 3267 tunc
751 3227 943 3277 tantum,
986 3220 1169 3278 quando
1204 3220 1282 3265 Sol
1311 3219 1442 3264 nodis
1482 3225 1639 3264 exacte
1665 3218 1895 3276 jungitur,
1939 3218 2020 3262 sed
2061 3218 2195 3278 etiam
2235 3224 2359 3276 tunc,

108 3288 282 3344 qnando
313 3291 370 3335 ab
400 3291 456 3334 iis
487 3289 618 3334 abest
647 3294 862 3346 quantum
894 3287 1162 3343 permittunt
1182 3285 1362 3330 termini
1386 3285 1633 3342 eclipsium.
1692 3285 1739 3330 Si
1761 3297 1868 3341 ergo
1887 3282 2001 3328 haec
2022 3297 2183 3340 magna
2203 3283 2358 3329 limitis

106 3347 330 3403 inclinatio
359 3355 406 3399 in
437 3354 610 3411 copulis
643 3368 742 3399 cum
774 3353 975 3398 discessu
1009 3352 1127 3397 Solis
1158 3365 1185 3395 a
1216 3350 1346 3395 nodis
1379 3351 1444 3395 sic
1474 3350 1712 3406 minuitur,
1746 3356 1798 3395 ut
1829 3362 1885 3394 ex
1915 3348 2059 3394 forma
2090 3348 2359 3394 imminutio-

63 3423 66 3426 ’
108 3415 177 3463 nit
209 3427 420 3465 nascatur
463 3420 645 3465 libratio
677 3418 897 3464 nodorum
938 3431 1112 3473 annua,
1156 3417 1284 3474 paria
1323 3417 1493 3462 faciens
1537 3430 1637 3461 cum
1677 3415 1822 3460 forma
1852 3421 2084 3461 menstrua
2114 3414 2356 3471 Tychonis,

109 3481 270 3530 andita
297 3486 344 3530 in
374 3485 804 3542 Progymnasmatis,
838 3497 946 3540 ergo
978 3483 1046 3539 id,
1081 3482 1201 3539 quod
1234 3482 1422 3527 dederat
1451 3482 1605 3539 anguli
1635 3481 1722 3527 mei
1751 3481 2012 3540 magnitudo
2044 3479 2358 3526 latitudinibus

109 3545 336 3619 eclipticis,
381 3549 804 3607 prosthaphaeresis
835 3561 985 3592 annua
1015 3547 1235 3592 nodorum
1274 3560 1456 3591 rursum
1493 3546 1664 3603 eripiet.
1726 3546 1879 3603 Atque
1910 3546 1999 3591 hoc
2029 3547 2138 3591 mihi
2171 3545 2359 3600 contigit

114 3606 386 3668 inEpitoma
406 3616 525 3660 Astr
558 3618 621 3672 (p
638 3621 735 3660 467.
752 3619 850 3658 478
874 3617 975 3656 479
980 3614 1015 3669 ),
1049 3626 1149 3655 cum
1182 3610 1466 3655 librationem
1487 3610 1640 3656 limitis
1662 3612 1880 3657 menstrui
1902 3612 2198 3658 instituissem
2220 3624 2359 3668 super

110 3685 207 3733 ⁸10,
238 3680 325 3734 qui
344 3687 465 3726 esset
493 3681 639 3728 lineae
670 3681 931 3739 copularum
963 3677 1197 3733 illigatus:
1247 3690 1347 3721 cum
1379 3677 1558 3721 interim
1588 3681 1736 3722 tamen
1768 3678 1813 3722 in
1844 3677 2226 3735 Ephemeiidibus
2258 3689 2357 3720 eam

109 3736 354 3790 librationis
383 3745 535 3793 limitis
565 3748 784 3794 rationem
815 3752 998 3792 secutus
1030 3756 1190 3801 essem,
1223 3756 1338 3800 quae
1368 3741 1420 3788 fit
1450 3755 1587 3801 super
1624 3755 1708 3789 axe
1741 3744 1886 3790 soluto
1918 3756 1944 3789 a
1975 3743 2091 3799 Sole,
2124 3755 2186 3788 sc.
2219 3754 2357 3799 super
