2554 4140
497 1105 1183 1230 ‘EPITOMES
1275 1046 2288 1229 ASTRONOMIAE·

851 1263 1886 1388 COPERNIOANAE
1962 1295 1971 1299 ·
2052 1315 2063 1321 2

1085 1474 1285 1524 LIBER
1325 1471 1653 1538 QUARTUS.

710 1627 1148 1705 THEORICAE
1207 1626 1642 1705 DOCTRINAE
1697 1626 1998 1704 PRIMUS.

243 1795 333 1862 DE
378 1792 686 1862 PARTIUM
734 1790 1225 1905 MJJNDANARUM
1272 1790 1461 1875 SlTU‚
1509 1790 1764 1859 ORDINE
1810 1793 1898 1861 ET
1943 1790 2166 1877 ΜθΤΠ,
2225 1789 2359 1891 SEU
2403 1788 2493 1858 DE

973 1893 1376 1962 SYSTEMATE
1422 1892 1774 1962 MUNDANO.

394 2143 667 2207 Quodnam
704 2150 772 2192 est
807 2143 1083 2204 subjectum
1123 2143 1382 2193 doctrinae
1416 2142 1698 2193 theoricae?
1749 2141 1913 2191 Motus
1951 2143 2257 2207 planetarum
2295 2144 2493 2207 proprii,

245 2231 368 2278 quos
406 2222 567 2264 motus
605 2215 844 2265 secundos
884 2215 1203 2279 appellamus,
1245 2223 1292 2265 et
1329 2215 1569 2280 planetae,
1609 2214 1826 2266 secunda
1863 2216 2079 2266 mobilia.

398 2290 509 2353 Quo
546 2297 771 2351 respectu
808 2289 930 2337 dicis
966 2295 1132 2338 motus
1163 2290 1499 2351 planetarum
1536 2289 1810 2352 proprios?
1871 2291 1914 2338 1.
1956 2287 2084 2352 Quia
2123 2289 2390 2338 communis
2415 2288 2498 2341 ille

244 2367 343 2410 tam
380 2361 684 2424 planetarum
731 2377 878 2425 quam
916 2361 1118 2411 fixarum
1153 2361 1376 2425 adeoque
1416 2364 1564 2412 totius
1601 2361 1767 2410 mundi
1806 2368 1968 2410 motus
2005 2376 2246 2426 apparens
2285 2361 2496 2421 diurnus,

244 2435 302 2483 de
343 2449 439 2496 quo
481 2434 700 2484 doctrina
738 2436 1007 2499 sphaerica,
1047 2435 1110 2484 ab
1151 2441 1257 2483 ortu
1297 2434 1492 2499 quidem
1532 2437 1579 2482 in
1606 2444 1833 2483 occasum
1850 2434 2047 2485 tendere
2079 2434 2285 2497 videtur,
2326 2435 2498 2499 plane-

243 2513 402 2556 tarum
439 2522 561 2576 verox
595 2509 894 2571 singulorum
931 2507 1109 2571 singuli
1140 2514 1300 2557 motus
1338 2507 1484 2571 longe
1523 2507 1758 2557 tardiores
1796 2510 1844 2555 in
1872 2509 2179 2569 contrarium,
2219 2508 2282 2557 ab
2323 2521 2499 2558 occasu
2523 2535 2531 2564 3

245 2583 292 2627 in
333 2586 488 2630 ortum
528 2581 758 2630 tendunt:
812 2583 978 2644 itaque
1017 2586 1198 2630 certum
1239 2587 1337 2644 est,
1388 2581 1479 2630 hos
1518 2582 1580 2631 ab
1618 2581 1704 2629 illo
1743 2584 1986 2631 communi
2024 2587 2158 2631 motu
2197 2580 2395 2642 mundi,
2437 2580 2496 2629 de

247 2668 342 2715 quo
382 2653 618 2703 hactenus
657 2657 857 2716 egimus,
901 2653 1172 2717 dependere
1210 2668 1306 2703 non
1347 2669 1509 2718 posse,
1551 2653 1637 2704 scd
1675 2654 1884 2717 planetis
1923 2656 2041 2719 ipsis
2078 2653 2414 2704 attribuendos
2452 2652 2500 2704 et

242 2729 312 2775 sic
348 2726 652 2789 planetarum
691 2729 738 2775 in
776 2742 953 2790 genere
992 2729 1214 2791 proprios
1253 2742 1375 2779 esse.
2521 2787 2523 2790 Α

390 2802 436 2847 2.
477 2800 583 2848 Etsi
621 2815 737 2849 vero
776 2803 824 2849 in
862 2799 939 2848 his
978 2801 1192 2849 motibus
1217 2803 1423 2864 propriis
1463 2795 1763 2863 singulorum
1791 2800 1853 2849 ab
1894 2814 2071 2850 occasu
2102 2801 2148 2848 in
2190 2806 2348 2848 ortum
2373 2800 2498 2849 inest

244 2873 505 2924 etiamnum
546 2887 798 2922 commune
837 2872 1039 2936 aliquid,
1078 2887 1174 2922 non
1215 2873 1438 2939 diurnum
1476 2872 1562 2922 sed
1601 2886 1843 2935 annuum,
1894 2872 2026 2937 quod
2064 2873 2386 2922 adventitium
2426 2881 2499 2921 est

243 2949 291 2991 et
329 2961 358 2993 a
397 2948 505 2994 visu
543 2946 648 2995 solo
687 2953 875 3010 praeter
920 2948 1075 3009 ipsius
1123 2948 1192 2995 rei
1231 2949 1485 2996 veritatem
1524 2960 1720 2995 causam
1759 2946 1934 3008 trahit3
1989 2945 2216 3010 quodque
2255 2944 2495 2995 interdum

241 3016 464 3078 planetas
513 3020 560 3066 in
610 3026 747 3068 motu
793 3034 882 3069 suo
933 3020 1128 3082 proprio
1179 3019 1479 3069 retrocedere
1527 3019 1645 3068 facit
1693 3018 1754 3068 ad
1800 3021 2037 3083 speciem,
2094 3020 2157 3068 ab
2197 3024 2303 3067 ortu
2343 3033 2407 3070 sc.
2447 3018 2495 3066 in
2543 3073 2546 3076 ‚

243 3102 492 3153 occasum,
535 3094 651 3154 quia
687 3099 851 3142 tamen
891 3092 983 3141 hoc
1009 3105 1262 3141 commune
1300 3095 1349 3155 in
1376 3091 1675 3156 singulorum
1715 3091 1905 3141 illorum
1931 3093 2240 3156 planetarum
2279 3086 2508 3155 singulas

240 3163 465 3222 periodos
514 3166 582 3214 ita
619 3165 894 3229 implicatur
933 3167 1161 3229 varieque
1201 3166 1590 3228 transformatur,
1642 3171 1695 3214 ut
1746 3167 1900 3228 primo
1938 3166 2117 3213 intuitu
2156 3163 2363 3213 discerni
2401 3173 2495 3214 nou

239 3236 408 3295 possit,
450 3237 681 3297 quidnam
720 3239 946 3288 omnibus
973 3253 1242 3301 commune,
1284 3237 1401 3302 quid
1422 3241 1594 3302 cuique
1613 3240 1883 3302 >proprium
1924 3236 2035 3287 ideo
2074 3242 2207 3286 totus
2234 3236 2316 3287 ille
2357 3229 2493 3286 com}-

238 3307 427 3368 positus
468 3310 704 3372 cujusque
757 3312 986 3374 planetae
1026 3318 1209 3372 motuS,
1262 3318 1317 3360 ut
1367 3314 1408 3361 is
1458 3314 1506 3360 in
1556 3311 1727 3361 oculos
1764 3312 1990 3370 incurrit,
2044 3309 2219 3359 dicitur
2266 3312 2412 3360 etiam
2447 3308 2495 3358 in

242 3382 402 3443 specie
440 3385 660 3444 proprius
700 3384 832 3433 illius
871 3385 1125 3448 planetae3
1182 3387 1463 3448 praesertim
1503 3399 1610 3434 cum
1651 3398 1905 3434 commune
1944 3382 2065 3431 illud
2102 3384 2362 3432 multorum
2401 3392 2493 3431 non

243 3453 304 3499 ab
345 3451 427 3500 illo
468 3458 708 3502 communi
747 3463 882 3506 motu
912 3459 1066 3521 primo
1105 3461 1256 3507 totius
1293 3457 1475 3519 mundi,
1516 3457 1602 3507 sed
1641 3473 1671 3506 a
1707 3458 1903 3520 proprio
1928 3461 2062 3505 motu
2104 3457 2247 3506 unius
2270 3447 2494 3520 planetae

243 3525 477 3587 originem
517 3525 717 3577 habeat

395 3597 528 3660 Quot
563 3607 683 3647 sunt
714 3604 886 3661 partes
922 3602 1180 3652 doctrinae
1218 3603 1504 3652 theoricae?
1540 3601 1697 3665 Supra
1714 3601 1839 3650 hbro
1858 3600 2012 3664 primo
2051 3601 2133 3651 sol.
2183 3602 2299 3650 126.
2339 3594 2492 3649 divisa
2528 3602 2532 3611 '

243 3675 316 3718 est
362 3675 466 3719 tota
519 3671 737 3720 doctrina
784 3673 832 3718 in
883 3681 1045 3735 partes
1099 3683 1194 3725 tres
1246 3677 1490 3739 proprias:
1541 3677 1745 3738 primam
1794 3673 1853 3722 de
1890 3676 2164 3738 principiiS‚
2220 3689 2278 3723 ex
2319 3673 2527 3736 quibua?

240 3747 401 3792 motus
441 3743 680 3793 secundos
721 3744 1015 3807 Copernicus
1054 3747 1352 3797 demonstrat
1397 3747 1617 3815 (materia
1662 3747 1772 3795 libri
1811 3746 1949 3809 1V.),
2000 3744 2263 3797 secundam
2315 3745 2374 3795 de
2417 3739 2528 3801 ἱππ-ἶ

241 3817 517 3866 strumentis
568 3819 857 3878 manuariiS,
913 3819 1089 3879 quibus
1138 3821 1188 3868 hi
1242 3828 1400 3870 motus
1453 3820 1774 3882 subjiciuntur
1822 3820 2003 3882 oculis,
2057 3820 2159 3870 scil.
2202 3819 2260 3868 de
2299 3817 2488 3867 orbibus
2518 3843 2523 3853 -‹

241 3892 519 3939 eccentrieis
558 3897 606 3939 et
643 3890 883 3939 similibus
921 3888 1143 3957 (materia
1180 3893 1288 3941 libri
1329 3891 1435 3959 V.)‚
1490 3894 1679 3943 tertiam
1719 3892 1777 3942 de
1828 3895 1947 3956 ipsis
1985 3892 2284 3961 singulorum
2321 3889 2488 3954 plane-
