<?xml version="1.0" encoding="UTF-8"?>
<!DOCTYPE html PUBLIC "-//W3C//DTD XHTML 1.0 Transitional//EN"
    "http://www.w3.org/TR/xhtml1/DTD/xhtml1-transitional.dtd">
<html xmlns="http://www.w3.org/1999/xhtml" xml:lang="en" lang="en">
 <head>
  <title>
</title>
<meta http-equiv="Content-Type" content="text/html;charset=utf-8" />
  <meta name='ocr-system' content='tesseract 3.04.00' />
  <meta name='ocr-capabilities' content='ocr_page ocr_carea ocr_par ocr_line ocrx_word'/>
</head>
<body>
  <div class='ocr_page' id='page_1' title='image "./operaomniaedidit06kepluoft_0059.png"; bbox 0 0 2560 4100; ppageno 0'>
   <div class='ocr_carea' id='block_1_1' title="bbox 0 1085 40 4100">
    <p class='ocr_par' dir='ltr' id='par_1_1' title="bbox 0 1085 40 4100">
     <span class='ocr_line' id='line_1_1' title="bbox 0 1085 40 4100; baseline 0 0"><span class='ocrx_word' id='word_1_1' title='bbox 0 1085 40 4100; x_wconf 95' lang='lat' dir='ltr'><strong> </strong></span> 
     </span>
    </p>
   </div>
   <div class='ocr_carea' id='block_1_2' title="bbox 926 130 2392 189">
    <p class='ocr_par' dir='ltr' id='par_1_2' title="bbox 926 130 2392 189">
     <span class='ocr_line' id='line_1_2' title="bbox 926 130 2392 189; baseline -0.006 -10"><span class='ocrx_word' id='word_1_2' title='bbox 926 133 996 179; x_wconf 92' lang='lat' dir='ltr'><strong>De</strong></span> <span class='ocrx_word' id='word_1_3' title='bbox 1034 131 1247 189; x_wconf 88' lang='lat' dir='ltr'><strong>Epitome</strong></span> <span class='ocrx_word' id='word_1_4' title='bbox 1284 130 1614 176; x_wconf 82' lang='lat' dir='ltr'><strong>Astronomiae.</strong></span> <span class='ocrx_word' id='word_1_5' title='bbox 2326 134 2392 182; x_wconf 83' lang='lat'><strong>45</strong></span> 
     </span>
    </p>
   </div>
   <div class='ocr_carea' id='block_1_3' title="bbox 142 278 2408 1807">
    <p class='ocr_par' dir='ltr' id='par_1_3' title="bbox 142 278 2405 1593">
     <span class='ocr_line' id='line_1_3' title="bbox 292 278 2397 345; baseline -0.001 -16"><span class='ocrx_word' id='word_1_6' title='bbox 292 281 606 345; x_wconf 85' lang='lat' dir='ltr'><strong>Hypothesin</strong></span> <span class='ocrx_word' id='word_1_7' title='bbox 646 280 918 332; x_wconf 87' lang='lat' dir='ltr'><strong>latitudinis</strong></span> <span class='ocrx_word' id='word_1_8' title='bbox 970 282 1183 343; x_wconf 88' lang='lat' dir='ltr'><strong>quereris</strong></span> <span class='ocrx_word' id='word_1_9' title='bbox 1219 286 1268 330; x_wconf 92' lang='lat' dir='ltr'><strong>te</strong></span> <span class='ocrx_word' id='word_1_10' title='bbox 1306 294 1402 328; x_wconf 92' lang='lat' dir='ltr'><strong>non</strong></span> <span class='ocrx_word' id='word_1_11' title='bbox 1443 279 1728 341; x_wconf 88' lang='lat' dir='ltr'><strong>intelligere.</strong></span> <span class='ocrx_word' id='word_1_12' title='bbox 1803 278 1951 327; x_wconf 80' lang='lat' dir='ltr'><strong>Tanti</strong></span> <span class='ocrx_word' id='word_1_13' title='bbox 1989 283 2084 339; x_wconf 85' lang='lat' dir='ltr'><strong>est,</strong></span> <span class='ocrx_word' id='word_1_14' title='bbox 2124 279 2397 341; x_wconf 85' lang='lat' dir='ltr'><strong>praeveniri</strong></span> 
     </span>
     <span class='ocr_line' id='line_1_4' title="bbox 152 350 2399 418; baseline -0.002 -15"><span class='ocrx_word' id='word_1_15' title='bbox 152 355 215 403; x_wconf 89' lang='lat' dir='ltr'><strong>ab</strong></span> <span class='ocrx_word' id='word_1_16' title='bbox 256 354 355 402; x_wconf 86' lang='lat' dir='ltr'><strong>alia</strong></span> <span class='ocrx_word' id='word_1_17' title='bbox 392 354 670 418; x_wconf 81' lang='lat' dir='ltr'><strong>hypothesi.</strong></span> <span class='ocrx_word' id='word_1_18' title='bbox 746 354 914 413; x_wconf 83' lang='lat' dir='ltr'>Certe,</span> <span class='ocrx_word' id='word_1_19' title='bbox 954 355 994 400; x_wconf 92' lang='lat' dir='ltr'><strong>si</strong></span> <span class='ocrx_word' id='word_1_20' title='bbox 1033 368 1283 416; x_wconf 88' lang='lat' dir='ltr'><strong>nunquam</strong></span> <span class='ocrx_word' id='word_1_21' title='bbox 1323 368 1454 402; x_wconf 88' lang='lat' dir='ltr'><strong>esses</strong></span> <span class='ocrx_word' id='word_1_22' title='bbox 1482 353 1776 414; x_wconf 86' lang='lat' dir='ltr'><strong>imaginatus</strong></span> <span class='ocrx_word' id='word_1_23' title='bbox 1808 350 2116 400; x_wconf 84' lang='lat' dir='ltr'><strong>librationem</strong></span> <span class='ocrx_word' id='word_1_24' title='bbox 2139 353 2399 401; x_wconf 86' lang='lat' dir='ltr'><strong>semimen-</strong></span> 
     </span>
     <span class='ocr_line' id='line_1_5' title="bbox 153 423 2397 490; baseline -0 -16"><span class='ocrx_word' id='word_1_25' title='bbox 153 434 337 474; x_wconf 88' lang='lat' dir='ltr'><strong>struam</strong></span> <span class='ocrx_word' id='word_1_26' title='bbox 387 426 526 490; x_wconf 85' lang='lat' dir='ltr'><strong>plani</strong></span> <span class='ocrx_word' id='word_1_27' title='bbox 579 427 833 476; x_wconf 90' lang='lat' dir='ltr'><strong>eccentrici</strong></span> <span class='ocrx_word' id='word_1_28' title='bbox 883 427 931 472; x_wconf 88' lang='lat' dir='ltr'><strong>in</strong></span> <span class='ocrx_word' id='word_1_29' title='bbox 971 426 1229 490; x_wconf 87' lang='lat' dir='ltr'><strong>Tychone,</strong></span> <span class='ocrx_word' id='word_1_30' title='bbox 1286 432 1382 474; x_wconf 84' lang='lat' dir='ltr'><strong>non</strong></span> <span class='ocrx_word' id='word_1_31' title='bbox 1430 432 1619 474; x_wconf 89' lang='lat' dir='ltr'><strong>tantum</strong></span> <span class='ocrx_word' id='word_1_32' title='bbox 1658 426 1841 486; x_wconf 87' lang='lat' dir='ltr'><strong>(minus</strong></span> <span class='ocrx_word' id='word_1_33' title='bbox 1892 425 2060 485; x_wconf 85' lang='lat' dir='ltr'><strong>etiam)</strong></span> <span class='ocrx_word' id='word_1_34' title='bbox 2100 423 2397 473; x_wconf 84' lang='lat' dir='ltr'><strong>difficultatis</strong></span> 
     </span>
     <span class='ocr_line' id='line_1_6' title="bbox 154 497 2401 561; baseline -0.002 -13"><span class='ocrx_word' id='word_1_35' title='bbox 154 499 387 560; x_wconf 89' lang='lat' dir='ltr'><strong>objiceret</strong></span> <span class='ocrx_word' id='word_1_36' title='bbox 424 499 619 549; x_wconf 88' lang='lat' dir='ltr'><strong>libratio</strong></span> <span class='ocrx_word' id='word_1_37' title='bbox 659 498 953 550; x_wconf 89' lang='lat' dir='ltr'><strong>semestralis</strong></span> <span class='ocrx_word' id='word_1_38' title='bbox 992 515 1116 548; x_wconf 90' lang='lat' dir='ltr'><strong>mea.</strong></span> <span class='ocrx_word' id='word_1_39' title='bbox 1196 498 1324 561; x_wconf 86' lang='lat' dir='ltr'><strong>Quid</strong></span> <span class='ocrx_word' id='word_1_40' title='bbox 1362 499 1439 547; x_wconf 91' lang='lat' dir='ltr'><strong>vis</strong></span> <span class='ocrx_word' id='word_1_41' title='bbox 1478 497 1712 560; x_wconf 79' lang='lat' dir='ltr'><strong>ampliuS,</strong></span> <span class='ocrx_word' id='word_1_42' title='bbox 1768 511 1875 545; x_wconf 91' lang='lat' dir='ltr'><strong>cum</strong></span> <span class='ocrx_word' id='word_1_43' title='bbox 1927 498 2123 545; x_wconf 87' lang='lat' dir='ltr'><strong>effectus</strong></span> <span class='ocrx_word' id='word_1_44' title='bbox 2170 498 2302 547; x_wconf 90' lang='lat' dir='ltr'><strong>idem</strong></span> <span class='ocrx_word' id='word_1_45' title='bbox 2337 499 2401 545; x_wconf 91' lang='lat' dir='ltr'><strong>sit</strong></span> 
     </span>
     <span class='ocr_line' id='line_1_7' title="bbox 157 569 2401 635; baseline -0.001 -15"><span class='ocrx_word' id='word_1_46' title='bbox 157 573 286 620; x_wconf 90' lang='lat' dir='ltr'><strong>cirea</strong></span> <span class='ocrx_word' id='word_1_47' title='bbox 323 573 571 634; x_wconf 77' lang='lat' dir='ltr'><strong>quadras?</strong></span> <span class='ocrx_word' id='word_1_48' title='bbox 645 575 694 620; x_wconf 92' lang='lat' dir='ltr'><strong>in</strong></span> <span class='ocrx_word' id='word_1_49' title='bbox 734 571 921 635; x_wconf 85' lang='lat' dir='ltr'><strong>copulis</strong></span> <span class='ocrx_word' id='word_1_50' title='bbox 962 572 1196 635; x_wconf 88' lang='lat' dir='ltr'><strong>eclipticis</strong></span> <span class='ocrx_word' id='word_1_51' title='bbox 1222 572 1497 621; x_wconf 86' lang='lat' dir='ltr'><strong>necessario</strong></span> <span class='ocrx_word' id='word_1_52' title='bbox 1524 571 1665 631; x_wconf 83' lang='grc'><strong>011110,</strong></span> <span class='ocrx_word' id='word_1_53' title='bbox 1707 569 1970 633; x_wconf 85' lang='lat' dir='ltr'><strong>eclipsibus</strong></span> <span class='ocrx_word' id='word_1_54' title='bbox 2003 569 2052 618; x_wconf 91' lang='lat' dir='ltr'><strong>id</strong></span> <span class='ocrx_word' id='word_1_55' title='bbox 2081 571 2401 634; x_wconf 78' lang='lat' dir='ltr'><strong>exigentibuS,</strong></span> 
     </span>
     <span class='ocr_line' id='line_1_8' title="bbox 148 643 2401 710; baseline 0 -20"><span class='ocrx_word' id='word_1_56' title='bbox 148 646 197 691; x_wconf 91' lang='lat' dir='ltr'><strong>in</strong></span> <span class='ocrx_word' id='word_1_57' title='bbox 238 659 336 707; x_wconf 89' lang='lat' dir='ltr'><strong>quo</strong></span> <span class='ocrx_word' id='word_1_58' title='bbox 374 652 661 708; x_wconf 89' lang='lat' dir='ltr'><strong>argumento</strong></span> <span class='ocrx_word' id='word_1_59' title='bbox 708 649 916 710; x_wconf 86' lang='lat' dir='ltr'><strong>primum</strong></span> <span class='ocrx_word' id='word_1_60' title='bbox 965 660 1056 707; x_wconf 91' lang='lat' dir='ltr'><strong>ego</strong></span> <span class='ocrx_word' id='word_1_61' title='bbox 1103 645 1187 693; x_wconf 86' lang='lat' dir='ltr'><strong>fixi</strong></span> <span class='ocrx_word' id='word_1_62' title='bbox 1234 646 1497 707; x_wconf 88' lang='lat' dir='ltr'><strong>vestigium</strong></span> <span class='ocrx_word' id='word_1_63' title='bbox 1548 643 1612 692; x_wconf 87' lang='lat' dir='ltr'><strong>ad</strong></span> <span class='ocrx_word' id='word_1_64' title='bbox 1662 643 1790 692; x_wconf 90' lang='lat' dir='ltr'><strong>hanc</strong></span> <span class='ocrx_word' id='word_1_65' title='bbox 1836 644 2169 695; x_wconf 85' lang='lat' dir='ltr'><strong>mutationem.</strong></span> <span class='ocrx_word' id='word_1_66' title='bbox 2242 645 2401 704; x_wconf 79' lang='lat' dir='ltr'><strong>Nosti,</strong></span> 
     </span>
     <span class='ocr_line' id='line_1_9' title="bbox 146 715 2403 782; baseline 0.001 -18"><span class='ocrx_word' id='word_1_67' title='bbox 146 717 333 766; x_wconf 88' lang='lat' dir='ltr'><strong>nodum</strong></span> <span class='ocrx_word' id='word_1_68' title='bbox 371 719 603 782; x_wconf 88' lang='lat' dir='ltr'><strong>repedare</strong></span> <span class='ocrx_word' id='word_1_69' title='bbox 640 720 942 779; x_wconf 79' lang='lat' dir='ltr'><strong>tardissime,</strong></span> <span class='ocrx_word' id='word_1_70' title='bbox 996 718 1159 767; x_wconf 84' lang='lat' dir='ltr'><strong>Solem</strong></span> <span class='ocrx_word' id='word_1_71' title='bbox 1205 717 1457 781; x_wconf 86' lang='lat' dir='ltr'><strong>progredi,</strong></span> <span class='ocrx_word' id='word_1_72' title='bbox 1513 731 1597 780; x_wconf 91' lang='lat' dir='ltr'><strong>per</strong></span> <span class='ocrx_word' id='word_1_73' title='bbox 1634 715 1770 764; x_wconf 92' lang='lat' dir='ltr'><strong>illum</strong></span> <span class='ocrx_word' id='word_1_74' title='bbox 1808 717 1956 778; x_wconf 90' lang='lat' dir='ltr'><strong>igitur</strong></span> <span class='ocrx_word' id='word_1_75' title='bbox 2005 719 2120 764; x_wconf 85' lang='lat' dir='ltr'><strong>anni</strong></span> <span class='ocrx_word' id='word_1_76' title='bbox 2158 717 2403 779; x_wconf 88' lang='lat' dir='ltr'><strong>quadran-</strong></span> 
     </span>
     <span class='ocr_line' id='line_1_10' title="bbox 148 789 2402 854; baseline -0 -14"><span class='ocrx_word' id='word_1_77' title='bbox 148 798 272 852; x_wconf 90' lang='lat' dir='ltr'><strong>tem,</strong></span> <span class='ocrx_word' id='word_1_78' title='bbox 329 806 426 853; x_wconf 91' lang='lat' dir='ltr'><strong>quo</strong></span> <span class='ocrx_word' id='word_1_79' title='bbox 464 791 551 841; x_wconf 87' lang='lat' dir='ltr'><strong>Sol</strong></span> <span class='ocrx_word' id='word_1_80' title='bbox 590 807 620 841; x_wconf 90' lang='lat' dir='ltr'><strong>a</strong></span> <span class='ocrx_word' id='word_1_81' title='bbox 657 793 808 841; x_wconf 90' lang='lat' dir='ltr'><strong>limite</strong></span> <span class='ocrx_word' id='word_1_82' title='bbox 858 791 1105 854; x_wconf 88' lang='lat' dir='ltr'><strong>digressus</strong></span> <span class='ocrx_word' id='word_1_83' title='bbox 1144 791 1207 839; x_wconf 89' lang='lat' dir='ltr'><strong>ad</strong></span> <span class='ocrx_word' id='word_1_84' title='bbox 1245 791 1427 840; x_wconf 90' lang='lat' dir='ltr'><strong>nodum</strong></span> <span class='ocrx_word' id='word_1_85' title='bbox 1478 791 1639 850; x_wconf 92' lang='lat' dir='ltr'><strong>venit,</strong></span> <span class='ocrx_word' id='word_1_86' title='bbox 1692 791 1862 852; x_wconf 85' lang='lat' dir='ltr'><strong>incipit</strong></span> <span class='ocrx_word' id='word_1_87' title='bbox 1898 789 2092 838; x_wconf 87' lang='lat' dir='ltr'><strong>libratio</strong></span> <span class='ocrx_word' id='word_1_88' title='bbox 2139 793 2402 854; x_wconf 79' lang='lat' dir='ltr'><strong>crescitque</strong></span> 
     </span>
     <span class='ocr_line' id='line_1_11' title="bbox 147 862 2401 924; baseline 0 -13"><span class='ocrx_word' id='word_1_89' title='bbox 147 863 211 912; x_wconf 89' lang='lat' dir='ltr'><strong>ad</strong></span> <span class='ocrx_word' id='word_1_90' title='bbox 250 864 502 913; x_wconf 88' lang='lat' dir='ltr'><strong>modulum</strong></span> <span class='ocrx_word' id='word_1_91' title='bbox 551 867 745 914; x_wconf 91' lang='lat' dir='ltr'><strong>sinuum</strong></span> <span class='ocrx_word' id='word_1_92' title='bbox 796 865 1056 914; x_wconf 82' lang='lat' dir='ltr'><strong>distantiae</strong></span> <span class='ocrx_word' id='word_1_93' title='bbox 1095 863 1226 913; x_wconf 86' lang='lat' dir='ltr'><strong>Solis</strong></span> <span class='ocrx_word' id='word_1_94' title='bbox 1276 881 1307 913; x_wconf 93' lang='lat' dir='ltr'><strong>a</strong></span> <span class='ocrx_word' id='word_1_95' title='bbox 1341 865 1522 924; x_wconf 90' lang='lat' dir='ltr'><strong>limite,</strong></span> <span class='ocrx_word' id='word_1_96' title='bbox 1572 868 1627 911; x_wconf 90' lang='lat' dir='ltr'><strong>ut</strong></span> <span class='ocrx_word' id='word_1_97' title='bbox 1662 862 1749 911; x_wconf 90' lang='lat' dir='ltr'><strong>fiat</strong></span> <span class='ocrx_word' id='word_1_98' title='bbox 1795 863 2009 911; x_wconf 88' lang='lat' dir='ltr'><strong>maxima</strong></span> <span class='ocrx_word' id='word_1_99' title='bbox 2051 863 2148 923; x_wconf 83' lang='lat'><strong>18‘,</strong></span> <span class='ocrx_word' id='word_1_100' title='bbox 2202 863 2314 913; x_wconf 85' lang='lat' dir='ltr'><strong>Sole</strong></span> <span class='ocrx_word' id='word_1_101' title='bbox 2351 866 2401 911; x_wconf 90' lang='lat' dir='ltr'><strong>in</strong></span> 
     </span>
     <span class='ocr_line' id='line_1_12' title="bbox 144 899 2403 999; baseline 0 -15"><span class='ocrx_word' id='word_1_102' title='bbox 144 937 275 986; x_wconf 91' lang='lat' dir='ltr'><strong>nodo</strong></span> <span class='ocrx_word' id='word_1_103' title='bbox 325 945 575 999; x_wconf 85' lang='lat' dir='ltr'><strong>versante,</strong></span> <span class='ocrx_word' id='word_1_104' title='bbox 636 946 689 987; x_wconf 90' lang='lat' dir='ltr'><strong>ut</strong></span> <span class='ocrx_word' id='word_1_105' title='bbox 738 940 809 987; x_wconf 89' lang='lat' dir='ltr'><strong>sic</strong></span> <span class='ocrx_word' id='word_1_106' title='bbox 859 944 974 986; x_wconf 91' lang='lat' dir='ltr'><strong>tunc</strong></span> <span class='ocrx_word' id='word_1_107' title='bbox 1009 936 1219 986; x_wconf 89' lang='lat' dir='ltr'><strong>latitudo</strong></span> <span class='ocrx_word' id='word_1_108' title='bbox 1269 938 1437 987; x_wconf 89' lang='lat' dir='ltr'><strong>limitis</strong></span> <span class='ocrx_word' id='word_1_109' title='bbox 1475 938 1688 986; x_wconf 88' lang='lat' dir='ltr'><strong>maxima</strong></span> <span class='ocrx_word' id='word_1_110' title='bbox 1735 937 1799 984; x_wconf 91' lang='lat' dir='ltr'><strong>sit</strong></span> <span class='ocrx_word' id='word_1_111' title='bbox 1837 933 1894 984; x_wconf 85' lang='lat'><strong>5⁰</strong></span> <span class='ocrx_word' id='word_1_112' title='bbox 1938 937 2036 984; x_wconf 82' lang='lat'><strong>18¹.</strong></span> <span class='ocrx_word' id='word_1_113' title='bbox 2111 899 2250 986; x_wconf 88' lang='lat' dir='ltr'><strong>Haec</strong></span> <span class='ocrx_word' id='word_1_114' title='bbox 2287 937 2403 985; x_wconf 90' lang='lat' dir='ltr'><strong>mihi</strong></span> 
     </span>
     <span class='ocr_line' id='line_1_13' title="bbox 143 1008 2403 1073; baseline -0 -14"><span class='ocrx_word' id='word_1_115' title='bbox 143 1010 369 1059; x_wconf 88' lang='lat' dir='ltr'><strong>videntur</strong></span> <span class='ocrx_word' id='word_1_116' title='bbox 416 1011 667 1060; x_wconf 89' lang='lat' dir='ltr'><strong>facillima.</strong></span> <span class='ocrx_word' id='word_1_117' title='bbox 743 1011 1010 1073; x_wconf 83' lang='lat' dir='ltr'><strong>Propterea</strong></span> <span class='ocrx_word' id='word_1_118' title='bbox 1059 1010 1229 1058; x_wconf 90' lang='lat' dir='ltr'><strong>tabula</strong></span> <span class='ocrx_word' id='word_1_119' title='bbox 1282 1010 1555 1059; x_wconf 89' lang='lat' dir='ltr'><strong>latitudinis</strong></span> <span class='ocrx_word' id='word_1_120' title='bbox 1594 1009 1765 1058; x_wconf 91' lang='lat' dir='ltr'><strong>Lunae</strong></span> <span class='ocrx_word' id='word_1_121' title='bbox 1815 1010 1863 1056; x_wconf 93' lang='lat' dir='ltr'><strong>in</strong></span> <span class='ocrx_word' id='word_1_122' title='bbox 1904 1008 2167 1072; x_wconf 84' lang='lat' dir='ltr'><strong>eclipsibus</strong></span> <span class='ocrx_word' id='word_1_123' title='bbox 2205 1012 2254 1056; x_wconf 90' lang='lat' dir='ltr'><strong>in</strong></span> <span class='ocrx_word' id='word_1_124' title='bbox 2291 1011 2403 1058; x_wconf 83' lang='lat' dir='ltr'><strong>fun-</strong></span> 
     </span>
     <span class='ocr_line' id='line_1_14' title="bbox 147 1082 2400 1148; baseline 0 -17"><span class='ocrx_word' id='word_1_125' title='bbox 147 1083 387 1133; x_wconf 86' lang='lat' dir='ltr'><strong>damentis</strong></span> <span class='ocrx_word' id='word_1_126' title='bbox 433 1085 581 1135; x_wconf 89' lang='lat' dir='ltr'><strong>habet</strong></span> <span class='ocrx_word' id='word_1_127' title='bbox 634 1084 869 1148; x_wconf 86' lang='lat' dir='ltr'><strong>angulum</strong></span> <span class='ocrx_word' id='word_1_128' title='bbox 932 1082 1261 1131; x_wconf 85' lang='lat' dir='ltr'><strong>inclinationis</strong></span> <span class='ocrx_word' id='word_1_129' title='bbox 1321 1083 1378 1131; x_wconf 75' lang='grc' dir='ltr'><strong>5ο</strong></span> <span class='ocrx_word' id='word_1_130' title='bbox 1422 1085 1521 1144; x_wconf 82' lang='lat'><strong>18‘,</strong></span> <span class='ocrx_word' id='word_1_131' title='bbox 1592 1087 1826 1145; x_wconf 88' lang='lat' dir='ltr'><strong>quantam</strong></span> <span class='ocrx_word' id='word_1_132' title='bbox 1897 1084 2044 1131; x_wconf 90' lang='lat' dir='ltr'><strong>etiam</strong></span> <span class='ocrx_word' id='word_1_133' title='bbox 2094 1082 2400 1132; x_wconf 89' lang='lat' dir='ltr'><strong>latitudinem</strong></span> 
     </span>
     <span class='ocr_line' id='line_1_15' title="bbox 144 1143 2403 1220; baseline 0 -15"><span class='ocrx_word' id='word_1_134' title='bbox 144 1159 350 1220; x_wconf 84' lang='lat' dir='ltr'><strong>acquirit</strong></span> <span class='ocrx_word' id='word_1_135' title='bbox 386 1157 528 1207; x_wconf 88' lang='lat' dir='ltr'><strong>Luna</strong></span> <span class='ocrx_word' id='word_1_136' title='bbox 566 1157 763 1206; x_wconf 88' lang='lat' dir='ltr'><strong>octiduo</strong></span> <span class='ocrx_word' id='word_1_137' title='bbox 803 1162 915 1220; x_wconf 92' lang='lat' dir='ltr'><strong>post</strong></span> <span class='ocrx_word' id='word_1_138' title='bbox 953 1143 1172 1219; x_wconf 89' lang='lat' dir='ltr'><strong>eclipsin.</strong></span> <span class='ocrx_word' id='word_1_139' title='bbox 1247 1155 1311 1203; x_wconf 88' lang='lat' dir='ltr'><strong>Et</strong></span> <span class='ocrx_word' id='word_1_140' title='bbox 1338 1158 1552 1205; x_wconf 89' lang='lat' dir='ltr'><strong>vicissim</strong></span> <span class='ocrx_word' id='word_1_141' title='bbox 1592 1171 1702 1205; x_wconf 91' lang='lat' dir='ltr'><strong>cum</strong></span> <span class='ocrx_word' id='word_1_142' title='bbox 1730 1155 1815 1204; x_wconf 88' lang='lat' dir='ltr'><strong>Sol</strong></span> <span class='ocrx_word' id='word_1_143' title='bbox 1857 1162 1929 1204; x_wconf 87' lang='lat' dir='ltr'><strong>est</strong></span> <span class='ocrx_word' id='word_1_144' title='bbox 1967 1158 2016 1203; x_wconf 93' lang='lat' dir='ltr'><strong>in</strong></span> <span class='ocrx_word' id='word_1_145' title='bbox 2054 1155 2207 1205; x_wconf 90' lang='lat' dir='ltr'><strong>limite</strong></span> <span class='ocrx_word' id='word_1_146' title='bbox 2233 1156 2403 1206; x_wconf 90' lang='lat' dir='ltr'><strong>Lunae</strong></span> 
     </span>
     <span class='ocr_line' id='line_1_16' title="bbox 147 1227 2403 1294; baseline 0 -16"><span class='ocrx_word' id='word_1_147' title='bbox 147 1236 196 1278; x_wconf 89' lang='lat' dir='ltr'><strong>et</strong></span> <span class='ocrx_word' id='word_1_148' title='bbox 222 1230 363 1279; x_wconf 85' lang='lat' dir='ltr'><strong>Luna</strong></span> <span class='ocrx_word' id='word_1_149' title='bbox 401 1232 450 1277; x_wconf 90' lang='lat' dir='ltr'><strong>in</strong></span> <span class='ocrx_word' id='word_1_150' title='bbox 493 1231 693 1294; x_wconf 89' lang='lat' dir='ltr'><strong>quadra,</strong></span> <span class='ocrx_word' id='word_1_151' title='bbox 733 1229 1004 1279; x_wconf 86' lang='lat' dir='ltr'><strong>latitudinis</strong></span> <span class='ocrx_word' id='word_1_152' title='bbox 1045 1230 1150 1292; x_wconf 86' lang='lat' dir='ltr'><strong>ejus</strong></span> <span class='ocrx_word' id='word_1_153' title='bbox 1190 1229 1361 1277; x_wconf 86' lang='lat' dir='ltr'><strong>tabula</strong></span> <span class='ocrx_word' id='word_1_154' title='bbox 1386 1229 1583 1279; x_wconf 87' lang='lat' dir='ltr'><strong>deberet</strong></span> <span class='ocrx_word' id='word_1_155' title='bbox 1616 1229 1797 1279; x_wconf 84' lang='lat' dir='ltr'><strong>habere</strong></span> <span class='ocrx_word' id='word_1_156' title='bbox 1836 1229 2069 1292; x_wconf 88' lang='lat' dir='ltr'><strong>angulum</strong></span> <span class='ocrx_word' id='word_1_157' title='bbox 2115 1229 2226 1279; x_wconf 89' lang='lat' dir='ltr'><strong>incl.</strong></span> <span class='ocrx_word' id='word_1_158' title='bbox 2258 1227 2314 1278; x_wconf 89' lang='lat'><strong>5⁰</strong></span> <span class='ocrx_word' id='word_1_159' title='bbox 2340 1229 2403 1291; x_wconf 79' lang='grc' dir='ltr'><strong>θ’,</strong></span> 
     </span>
     <span class='ocr_line' id='line_1_17' title="bbox 148 1299 2405 1367; baseline 0 -17"><span class='ocrx_word' id='word_1_160' title='bbox 148 1309 204 1350; x_wconf 88' lang='grc'><strong>111</strong></span> <span class='ocrx_word' id='word_1_161' title='bbox 242 1305 312 1352; x_wconf 89' lang='lat' dir='ltr'><strong>sic</strong></span> <span class='ocrx_word' id='word_1_162' title='bbox 349 1303 490 1352; x_wconf 87' lang='lat' dir='ltr'><strong>Luna</strong></span> <span class='ocrx_word' id='word_1_163' title='bbox 542 1304 737 1353; x_wconf 90' lang='lat' dir='ltr'><strong>octiduo</strong></span> <span class='ocrx_word' id='word_1_164' title='bbox 787 1310 899 1367; x_wconf 87' lang='lat' dir='ltr'><strong>post</strong></span> <span class='ocrx_word' id='word_1_165' title='bbox 938 1302 1203 1365; x_wconf 87' lang='lat' dir='ltr'><strong>quadram,</strong></span> <span class='ocrx_word' id='word_1_166' title='bbox 1262 1302 1311 1351; x_wconf 87' lang='lat' dir='ltr'><strong>id</strong></span> <span class='ocrx_word' id='word_1_167' title='bbox 1351 1308 1425 1352; x_wconf 90' lang='lat' dir='ltr'><strong>est</strong></span> <span class='ocrx_word' id='word_1_168' title='bbox 1470 1303 1762 1365; x_wconf 65' lang='grc'><strong>111-00111110,</strong></span> <span class='ocrx_word' id='word_1_169' title='bbox 1821 1304 2092 1365; x_wconf 86' lang='lat' dir='ltr'><strong>acquireret</strong></span> <span class='ocrx_word' id='word_1_170' title='bbox 2129 1302 2214 1351; x_wconf 89' lang='lat' dir='ltr'><strong>lat.</strong></span> <span class='ocrx_word' id='word_1_171' title='bbox 2258 1299 2315 1351; x_wconf 85' lang='lat'><strong>5⁰</strong></span> <span class='ocrx_word' id='word_1_172' title='bbox 2342 1303 2405 1351; x_wconf 89' lang='lat'><strong>0¹.</strong></span> 
     </span>
     <span class='ocr_line' id='line_1_18' title="bbox 151 1376 2404 1441; baseline 0 -18"><span class='ocrx_word' id='word_1_173' title='bbox 151 1377 258 1439; x_wconf 90' lang='lat' dir='ltr'><strong>Ego</strong></span> <span class='ocrx_word' id='word_1_174' title='bbox 297 1384 424 1426; x_wconf 88' lang='lat' dir='ltr'><strong>certe</strong></span> <span class='ocrx_word' id='word_1_175' title='bbox 462 1384 597 1441; x_wconf 91' lang='lat' dir='ltr'><strong>puto,</strong></span> <span class='ocrx_word' id='word_1_176' title='bbox 639 1376 976 1441; x_wconf 88' lang='lat' dir='ltr'><strong>Tychonicam</strong></span> <span class='ocrx_word' id='word_1_177' title='bbox 1015 1378 1253 1424; x_wconf 88' lang='lat' dir='ltr'><strong>rationem</strong></span> <span class='ocrx_word' id='word_1_178' title='bbox 1301 1377 1441 1424; x_wconf 91' lang='lat' dir='ltr'><strong>initio</strong></span> <span class='ocrx_word' id='word_1_179' title='bbox 1480 1376 1570 1424; x_wconf 90' lang='lat' dir='ltr'><strong>tibi</strong></span> <span class='ocrx_word' id='word_1_180' title='bbox 1609 1376 1720 1439; x_wconf 88' lang='lat' dir='ltr'><strong>plus</strong></span> <span class='ocrx_word' id='word_1_181' title='bbox 1760 1390 1948 1425; x_wconf 87' lang='lat' dir='ltr'><strong>creasse</strong></span> <span class='ocrx_word' id='word_1_182' title='bbox 1984 1376 2268 1439; x_wconf 86' lang='lat' dir='ltr'><strong>molestiae,</strong></span> <span class='ocrx_word' id='word_1_183' title='bbox 2320 1383 2404 1424; x_wconf 91' lang='lat' dir='ltr'><strong>aut</strong></span> 
     </span>
     <span class='ocr_line' id='line_1_19' title="bbox 144 1448 2405 1514; baseline 0.001 -18"><span class='ocrx_word' id='word_1_184' title='bbox 144 1449 306 1498; x_wconf 87' lang='lat' dir='ltr'><strong>forsan</strong></span> <span class='ocrx_word' id='word_1_185' title='bbox 343 1465 442 1498; x_wconf 91' lang='lat' dir='ltr'><strong>non</strong></span> <span class='ocrx_word' id='word_1_186' title='bbox 480 1452 739 1509; x_wconf 88' lang='lat' dir='ltr'><strong>laborasti,</strong></span> <span class='ocrx_word' id='word_1_187' title='bbox 797 1457 852 1498; x_wconf 93' lang='lat' dir='ltr'><strong>ut</strong></span> <span class='ocrx_word' id='word_1_188' title='bbox 890 1449 1028 1497; x_wconf 88' lang='lat' dir='ltr'><strong>illam</strong></span> <span class='ocrx_word' id='word_1_189' title='bbox 1068 1463 1280 1512; x_wconf 89' lang='lat' dir='ltr'><strong>caperes,</strong></span> <span class='ocrx_word' id='word_1_190' title='bbox 1323 1455 1579 1498; x_wconf 87' lang='lat' dir='ltr'><strong>contentus</strong></span> <span class='ocrx_word' id='word_1_191' title='bbox 1628 1448 1810 1498; x_wconf 89' lang='lat' dir='ltr'><strong>tabulis</strong></span> <span class='ocrx_word' id='word_1_192' title='bbox 1850 1456 1898 1498; x_wconf 90' lang='lat' dir='ltr'><strong>et</strong></span> <span class='ocrx_word' id='word_1_193' title='bbox 1935 1452 2230 1514; x_wconf 77' lang='lat' dir='ltr'><strong>praeceptiS,</strong></span> <span class='ocrx_word' id='word_1_194' title='bbox 2281 1464 2405 1512; x_wconf 89' lang='lat' dir='ltr'><strong>quae</strong></span> 
     </span>
     <span class='ocr_line' id='line_1_20' title="bbox 142 1521 1884 1593; baseline 0.001 -23"><span class='ocrx_word' id='word_1_195' title='bbox 142 1523 516 1593; x_wconf 72' lang='lat' dir='ltr'><strong>sublevamenta</strong></span> <span class='ocrx_word' id='word_1_196' title='bbox 553 1522 885 1587; x_wconf 87' lang='lat' dir='ltr'><strong>suppeditabit</strong></span> <span class='ocrx_word' id='word_1_197' title='bbox 923 1525 1071 1572; x_wconf 91' lang='lat' dir='ltr'><strong>etiam</strong></span> <span class='ocrx_word' id='word_1_198' title='bbox 1111 1537 1235 1586; x_wconf 91' lang='lat' dir='ltr'><strong>opus</strong></span> <span class='ocrx_word' id='word_1_199' title='bbox 1274 1522 1574 1572; x_wconf 84' lang='lat' dir='ltr'><strong>Tabularum</strong></span> <span class='ocrx_word' id='word_1_200' title='bbox 1611 1521 1884 1586; x_wconf 76' lang='lat' dir='ltr'><strong>Rudelphi.</strong></span> 
     </span>
    </p>

    <p class='ocr_par' dir='ltr' id='par_1_4' title="bbox 142 1595 2408 1807">
     <span class='ocr_line' id='line_1_21' title="bbox 290 1595 2404 1660; baseline 0 -15"><span class='ocrx_word' id='word_1_201' title='bbox 290 1595 434 1659; x_wconf 86' lang='lat' dir='ltr'><strong>Quod</strong></span> <span class='ocrx_word' id='word_1_202' title='bbox 471 1598 633 1647; x_wconf 91' lang='lat' dir='ltr'><strong>locum</strong></span> <span class='ocrx_word' id='word_1_203' title='bbox 671 1597 974 1646; x_wconf 87' lang='lat' dir='ltr'><strong>Martialium</strong></span> <span class='ocrx_word' id='word_1_204' title='bbox 1011 1611 1125 1660; x_wconf 86' lang='lat' dir='ltr'><strong>pag.</strong></span> <span class='ocrx_word' id='word_1_205' title='bbox 1170 1597 1272 1644; x_wconf 83' lang='lat'><strong>263</strong></span> <span class='ocrx_word' id='word_1_206' title='bbox 1314 1598 1503 1657; x_wconf 88' lang='lat' dir='ltr'><strong>attinet,</strong></span> <span class='ocrx_word' id='word_1_207' title='bbox 1544 1596 1723 1645; x_wconf 87' lang='lat' dir='ltr'><strong>accidit</strong></span> <span class='ocrx_word' id='word_1_208' title='bbox 1759 1602 2026 1659; x_wconf 87' lang='lat' dir='ltr'><strong>praeterea,</strong></span> <span class='ocrx_word' id='word_1_209' title='bbox 2069 1601 2120 1644; x_wconf 91' lang='lat' dir='ltr'><strong>ut</strong></span> <span class='ocrx_word' id='word_1_210' title='bbox 2148 1602 2404 1660; x_wconf 88' lang='lat' dir='ltr'><strong>computa-</strong></span> 
     </span>
     <span class='ocr_line' id='line_1_22' title="bbox 149 1668 2406 1734; baseline 0.001 -17"><span class='ocrx_word' id='word_1_211' title='bbox 149 1684 252 1718; x_wconf 91' lang='lat' dir='ltr'><strong>rem</strong></span> <span class='ocrx_word' id='word_1_212' title='bbox 300 1670 411 1720; x_wconf 91' lang='lat' dir='ltr'><strong>loca</strong></span> <span class='ocrx_word' id='word_1_213' title='bbox 449 1670 623 1720; x_wconf 88' lang='lat' dir='ltr'><strong>Martis</strong></span> <span class='ocrx_word' id='word_1_214' title='bbox 680 1672 979 1730; x_wconf 88' lang='lat' dir='ltr'><strong>accuratius,</strong></span> <span class='ocrx_word' id='word_1_215' title='bbox 1017 1670 1184 1732; x_wconf 88' lang='lat' dir='ltr'><strong>aliqua</strong></span> <span class='ocrx_word' id='word_1_216' title='bbox 1237 1675 1286 1718; x_wconf 90' lang='lat' dir='ltr'><strong>et</strong></span> <span class='ocrx_word' id='word_1_217' title='bbox 1322 1668 1552 1734; x_wconf 89' lang='lat' dir='ltr'><strong>Maginus</strong></span> <span class='ocrx_word' id='word_1_218' title='bbox 1604 1671 1651 1716; x_wconf 90' lang='lat' dir='ltr'><strong>in</strong></span> <span class='ocrx_word' id='word_1_219' title='bbox 1703 1669 2053 1732; x_wconf 88' lang='lat' dir='ltr'><strong>Supplemento</strong></span> <span class='ocrx_word' id='word_1_220' title='bbox 2104 1671 2406 1719; x_wconf 85' lang='lat' dir='ltr'><strong>emendatius</strong></span> 
     </span>
     <span class='ocr_line' id='line_1_23' title="bbox 142 1742 2408 1807; baseline 0 -17"><span class='ocrx_word' id='word_1_221' title='bbox 142 1743 270 1791; x_wconf 83' lang='lat' dir='ltr'><strong>forte</strong></span> <span class='ocrx_word' id='word_1_222' title='bbox 308 1744 524 1807; x_wconf 89' lang='lat' dir='ltr'><strong>prodidit</strong></span> <span class='ocrx_word' id='word_1_223' title='bbox 563 1751 612 1794; x_wconf 91' lang='lat' dir='ltr'><strong>et</strong></span> <span class='ocrx_word' id='word_1_224' title='bbox 648 1759 726 1794; x_wconf 89' lang='lat' dir='ltr'><strong>res</strong></span> <span class='ocrx_word' id='word_1_225' title='bbox 767 1745 894 1791; x_wconf 91' lang='lat' dir='ltr'><strong>circa</strong></span> <span class='ocrx_word' id='word_1_226' title='bbox 931 1744 1132 1792; x_wconf 89' lang='lat' dir='ltr'><strong>minima</strong></span> <span class='ocrx_word' id='word_1_227' title='bbox 1171 1742 1418 1804; x_wconf 77' lang='lat' dir='ltr'><strong>versatur,</strong></span> <span class='ocrx_word' id='word_1_228' title='bbox 1459 1759 1585 1807; x_wconf 88' lang='lat' dir='ltr'><strong>quae</strong></span> <span class='ocrx_word' id='word_1_229' title='bbox 1623 1757 1721 1791; x_wconf 92' lang='lat' dir='ltr'><strong>non</strong></span> <span class='ocrx_word' id='word_1_230' title='bbox 1761 1750 1874 1791; x_wconf 91' lang='lat' dir='ltr'><strong>sunt</strong></span> <span class='ocrx_word' id='word_1_231' title='bbox 1913 1758 2028 1792; x_wconf 89' lang='lat' dir='ltr'><strong>cura</strong></span> <span class='ocrx_word' id='word_1_232' title='bbox 2066 1743 2228 1807; x_wconf 87' lang='lat' dir='ltr'><strong>digna.</strong></span> <span class='ocrx_word' id='word_1_233' title='bbox 2303 1745 2408 1791; x_wconf 89' lang='lat' dir='ltr'><strong>Ita-</strong></span> 
     </span>
    </p>
   </div>
   <div class='ocr_carea' id='block_1_4' title="bbox 143 1815 2488 1882">
    <p class='ocr_par' dir='ltr' id='par_1_5' title="bbox 143 1815 2488 1882">
     <span class='ocr_line' id='line_1_24' title="bbox 143 1815 2488 1882; baseline 0 -19"><span class='ocrx_word' id='word_1_234' title='bbox 143 1830 241 1879; x_wconf 91' lang='lat' dir='ltr'><strong>que</strong></span> <span class='ocrx_word' id='word_1_235' title='bbox 280 1831 378 1866; x_wconf 90' lang='lat' dir='ltr'><strong>non</strong></span> <span class='ocrx_word' id='word_1_236' title='bbox 416 1824 604 1867; x_wconf 90' lang='lat' dir='ltr'><strong>attenta</strong></span> <span class='ocrx_word' id='word_1_237' title='bbox 640 1819 962 1881; x_wconf 88' lang='lat' dir='ltr'><strong>promissione</strong></span> <span class='ocrx_word' id='word_1_238' title='bbox 1002 1815 1088 1864; x_wconf 90' lang='lat' dir='ltr'><strong>illa</strong></span> <span class='ocrx_word' id='word_1_239' title='bbox 1125 1816 1270 1877; x_wconf 86' lang='lat' dir='ltr'><strong>facta,</strong></span> <span class='ocrx_word' id='word_1_240' title='bbox 1310 1818 1486 1865; x_wconf 91' lang='lat' dir='ltr'><strong>retinui</strong></span> <span class='ocrx_word' id='word_1_241' title='bbox 1526 1831 1801 1882; x_wconf 89' lang='lat' dir='ltr'><strong>apogaeum</strong></span> <span class='ocrx_word' id='word_1_242' title='bbox 1836 1816 2085 1881; x_wconf 89' lang='lat' dir='ltr'><strong>Tychonis</strong></span> <span class='ocrx_word' id='word_1_243' title='bbox 2125 1817 2188 1866; x_wconf 89' lang='lat' dir='ltr'><strong>ad</strong></span> <span class='ocrx_word' id='word_1_244' title='bbox 2227 1832 2406 1865; x_wconf 89' lang='lat' dir='ltr'><strong>annum</strong></span> <span class='ocrx_word' id='word_1_245' title='bbox 2478 1859 2488 1873; x_wconf 28' lang='grc' dir='ltr'>χ</span> 
     </span>
    </p>
   </div>
   <div class='ocr_carea' id='block_1_5' title="bbox 137 1889 2407 2362">
    <p class='ocr_par' dir='ltr' id='par_1_6' title="bbox 141 1889 2407 2102">
     <span class='ocr_line' id='line_1_25' title="bbox 149 1889 2405 1954; baseline 0.001 -18"><span class='ocrx_word' id='word_1_246' title='bbox 149 1889 281 1938; x_wconf 85' lang='grc'><strong>1586</strong></span> <span class='ocrx_word' id='word_1_247' title='bbox 321 1897 439 1952; x_wconf 89' lang='grc'><strong>010.,</strong></span> <span class='ocrx_word' id='word_1_248' title='bbox 495 1891 696 1940; x_wconf 90' lang='lat' dir='ltr'><strong>dimisso</strong></span> <span class='ocrx_word' id='word_1_249' title='bbox 736 1890 922 1949; x_wconf 89' lang='lat' dir='ltr'><strong>Marte,</strong></span> <span class='ocrx_word' id='word_1_250' title='bbox 980 1890 1028 1936; x_wconf 90' lang='lat' dir='ltr'><strong>in</strong></span> <span class='ocrx_word' id='word_1_251' title='bbox 1082 1889 1220 1952; x_wconf 89' lang='lat' dir='ltr'><strong>cujus</strong></span> <span class='ocrx_word' id='word_1_252' title='bbox 1260 1889 1412 1939; x_wconf 90' lang='lat' dir='ltr'><strong>solius</strong></span> <span class='ocrx_word' id='word_1_253' title='bbox 1466 1893 1674 1954; x_wconf 87' lang='lat' dir='ltr'><strong>gratiam</strong></span> <span class='ocrx_word' id='word_1_254' title='bbox 1728 1889 1853 1938; x_wconf 89' lang='lat' dir='ltr'><strong>hanc</strong></span> <span class='ocrx_word' id='word_1_255' title='bbox 1901 1893 2220 1940; x_wconf 87' lang='lat' dir='ltr'><strong>mutationem</strong></span> <span class='ocrx_word' id='word_1_256' title='bbox 2275 1905 2405 1939; x_wconf 86' lang='lat' dir='ltr'><strong>eram</strong></span> 
     </span>
     <span class='ocr_line' id='line_1_26' title="bbox 141 1962 2407 2028; baseline 0.002 -18"><span class='ocrx_word' id='word_1_257' title='bbox 141 1962 376 2013; x_wconf 86' lang='lat' dir='ltr'><strong>facturus.</strong></span> <span class='ocrx_word' id='word_1_258' title='bbox 450 1964 577 2013; x_wconf 91' lang='lat' dir='ltr'><strong>Nam</strong></span> <span class='ocrx_word' id='word_1_259' title='bbox 615 1964 824 2027; x_wconf 86' lang='lat' dir='ltr'><strong>majores</strong></span> <span class='ocrx_word' id='word_1_260' title='bbox 863 1962 985 2012; x_wconf 91' lang='lat' dir='ltr'><strong>mihi</strong></span> <span class='ocrx_word' id='word_1_261' title='bbox 1023 1977 1163 2012; x_wconf 89' lang='lat' dir='ltr'><strong>curas</strong></span> <span class='ocrx_word' id='word_1_262' title='bbox 1190 1962 1461 2026; x_wconf 86' lang='lat' dir='ltr'><strong>injecerunt</strong></span> <span class='ocrx_word' id='word_1_263' title='bbox 1497 1964 1865 2013; x_wconf 88' lang='lat' dir='ltr'><strong>observationes</strong></span> <span class='ocrx_word' id='word_1_264' title='bbox 1886 1963 2141 2027; x_wconf 79' lang='lat' dir='ltr'><strong>waltheri,</strong></span> <span class='ocrx_word' id='word_1_265' title='bbox 2181 1970 2407 2028; x_wconf 88' lang='lat' dir='ltr'><strong>utsupra</strong></span> 
     </span>
     <span class='ocr_line' id='line_1_27' title="bbox 142 2034 1654 2102; baseline 0.003 -20"><span class='ocrx_word' id='word_1_266' title='bbox 142 2034 340 2098; x_wconf 88' lang='lat' dir='ltr'><strong>dictum,</strong></span> <span class='ocrx_word' id='word_1_267' title='bbox 381 2052 499 2101; x_wconf 89' lang='lat' dir='ltr'><strong>prae</strong></span> <span class='ocrx_word' id='word_1_268' title='bbox 539 2039 716 2102; x_wconf 86' lang='lat' dir='ltr'><strong>quibus</strong></span> <span class='ocrx_word' id='word_1_269' title='bbox 753 2038 877 2086; x_wconf 90' lang='lat' dir='ltr'><strong>haec</strong></span> <span class='ocrx_word' id='word_1_270' title='bbox 913 2036 1160 2085; x_wconf 89' lang='lat' dir='ltr'><strong>minutula</strong></span> <span class='ocrx_word' id='word_1_271' title='bbox 1191 2035 1336 2086; x_wconf 81' lang='lat' dir='ltr'><strong>facile</strong></span> <span class='ocrx_word' id='word_1_272' title='bbox 1376 2036 1654 2086; x_wconf 85' lang='lat' dir='ltr'><strong>obliviscor.</strong></span> 
     </span>
    </p>

    <p class='ocr_par' dir='ltr' id='par_1_7' title="bbox 137 2110 2404 2361">
     <span class='ocr_line' id='line_1_28' title="bbox 286 2110 2403 2181; baseline 0 -11"><span class='ocrx_word' id='word_1_273' title='bbox 286 2129 574 2180; x_wconf 85' lang='lat' dir='ltr'><strong>Criigerus:</strong></span> <span class='ocrx_word' id='word_1_274' title='bbox 621 2132 685 2170; x_wconf 89' lang='lat' dir='ltr'><strong>De</strong></span> <span class='ocrx_word' id='word_1_275' title='bbox 713 2128 885 2181; x_wconf 87' lang='lat' dir='ltr'><strong>reliquis</strong></span> <span class='ocrx_word' id='word_1_276' title='bbox 917 2131 1098 2180; x_wconf 86' lang='lat' dir='ltr'><strong>planetis</strong></span> <span class='ocrx_word' id='word_1_277' title='bbox 1128 2131 1226 2170; x_wconf 90' lang='lat' dir='ltr'><strong>nolo</strong></span> <span class='ocrx_word' id='word_1_278' title='bbox 1258 2110 1300 2171; x_wconf 91' lang='lat' dir='ltr'><strong>te</strong></span> <span class='ocrx_word' id='word_1_279' title='bbox 1330 2143 1441 2171; x_wconf 91' lang='lat' dir='ltr'><strong>nunc</strong></span> <span class='ocrx_word' id='word_1_280' title='bbox 1471 2128 1752 2181; x_wconf 86' lang='lat' dir='ltr'><strong>interpellare.</strong></span> <span class='ocrx_word' id='word_1_281' title='bbox 1814 2130 1959 2170; x_wconf 87' lang='lat' dir='ltr'><strong>Martis</strong></span> <span class='ocrx_word' id='word_1_282' title='bbox 1993 2132 2178 2171; x_wconf 87' lang='lat' dir='ltr'><strong>theoriae</strong></span> <span class='ocrx_word' id='word_1_283' title='bbox 2209 2135 2306 2171; x_wconf 88' lang='lat' dir='ltr'><strong>tuae</strong></span> <span class='ocrx_word' id='word_1_284' title='bbox 2335 2134 2403 2170; x_wconf 86' lang='lat' dir='ltr'><strong>ta-</strong></span> 
     </span>
     <span class='ocr_line' id='line_1_29' title="bbox 138 2188 2404 2246; baseline -0 -16"><span class='ocrx_word' id='word_1_285' title='bbox 138 2188 332 2242; x_wconf 84' lang='lat' dir='ltr'><strong>bulisque</strong></span> <span class='ocrx_word' id='word_1_286' title='bbox 361 2201 413 2228; x_wconf 85' lang='lat' dir='ltr'><strong>ex</strong></span> <span class='ocrx_word' id='word_1_287' title='bbox 443 2201 495 2229; x_wconf 85' lang='lat' dir='ltr'><strong>ea.</strong></span> <span class='ocrx_word' id='word_1_288' title='bbox 523 2189 771 2240; x_wconf 81' lang='lat' dir='ltr'><strong>Magiuianis</strong></span> <span class='ocrx_word' id='word_1_289' title='bbox 801 2190 1065 2242; x_wconf 86' lang='lat' dir='ltr'><strong>acquiescere</strong></span> <span class='ocrx_word' id='word_1_290' title='bbox 1096 2191 1264 2241; x_wconf 82' lang='lat' dir='ltr'><strong>malim,</strong></span> <span class='ocrx_word' id='word_1_291' title='bbox 1314 2202 1436 2241; x_wconf 85' lang='lat' dir='ltr'><strong>quam</strong></span> <span class='ocrx_word' id='word_1_292' title='bbox 1468 2190 1678 2246; x_wconf 83' lang='lat' dir='ltr'><strong>Severini,</strong></span> <span class='ocrx_word' id='word_1_293' title='bbox 1722 2190 1766 2228; x_wconf 92' lang='lat' dir='ltr'><strong>in</strong></span> <span class='ocrx_word' id='word_1_294' title='bbox 1807 2201 1892 2242; x_wconf 89' lang='lat' dir='ltr'><strong>qua</strong></span> <span class='ocrx_word' id='word_1_295' title='bbox 1940 2190 2248 2230; x_wconf 87' lang='lat' dir='ltr'><strong>semidiameter</strong></span> <span class='ocrx_word' id='word_1_296' title='bbox 2279 2191 2404 2243; x_wconf 84' lang='lat' dir='ltr'><strong>orbis,</strong></span> 
     </span>
     <span class='ocr_line' id='line_1_30' title="bbox 137 2247 2403 2301; baseline 0 -13"><span class='ocrx_word' id='word_1_297' title='bbox 137 2247 281 2288; x_wconf 86' lang='lat' dir='ltr'><strong>multis</strong></span> <span class='ocrx_word' id='word_1_298' title='bbox 312 2247 571 2288; x_wconf 86' lang='lat' dir='ltr'><strong>anfractibus</strong></span> <span class='ocrx_word' id='word_1_299' title='bbox 602 2261 623 2288; x_wconf 90' lang='grc'><strong>0</strong></span> <span class='ocrx_word' id='word_1_300' title='bbox 653 2249 835 2288; x_wconf 88' lang='lat' dir='ltr'><strong>numeris</strong></span> <span class='ocrx_word' id='word_1_301' title='bbox 866 2260 958 2298; x_wconf 85' lang='lat' dir='ltr'><strong>pag.</strong></span> <span class='ocrx_word' id='word_1_302' title='bbox 992 2249 1073 2288; x_wconf 82' lang='lat'><strong>225</strong></span> <span class='ocrx_word' id='word_1_303' title='bbox 1118 2250 1281 2288; x_wconf 88' lang='lat' dir='ltr'><strong>vitiosis</strong></span> <span class='ocrx_word' id='word_1_304' title='bbox 1314 2250 1477 2301; x_wconf 79' lang='lat' dir='ltr'><strong>(omnia</strong></span> <span class='ocrx_word' id='word_1_305' title='bbox 1516 2250 1625 2288; x_wconf 89' lang='lat' dir='ltr'><strong>enim</strong></span> <span class='ocrx_word' id='word_1_306' title='bbox 1663 2248 1808 2287; x_wconf 88' lang='lat' dir='ltr'><strong>Martis</strong></span> <span class='ocrx_word' id='word_1_307' title='bbox 1855 2250 2046 2299; x_wconf 83' lang='lat' dir='ltr'><strong>exempla</strong></span> <span class='ocrx_word' id='word_1_308' title='bbox 2089 2251 2164 2289; x_wconf 90' lang='lat' dir='ltr'><strong>sub</strong></span> <span class='ocrx_word' id='word_1_309' title='bbox 2198 2247 2403 2289; x_wconf 87' lang='lat' dir='ltr'><strong>calculum</strong></span> 
     </span>
     <span class='ocr_line' id='line_1_31' title="bbox 141 2304 2401 2362; baseline 0 -15"><span class='ocrx_word' id='word_1_310' title='bbox 141 2304 310 2349; x_wconf 86' lang='lat' dir='ltr'><strong>Astron</strong></span> <span class='ocrx_word' id='word_1_311' title='bbox 329 2307 513 2354; x_wconf 66' lang='lat' dir='ltr'><strong>Danicae</strong></span> <span class='ocrx_word' id='word_1_312' title='bbox 532 2309 735 2361; x_wconf 85' lang='lat' dir='ltr'><strong>revocavi,</strong></span> <span class='ocrx_word' id='word_1_313' title='bbox 766 2308 929 2346; x_wconf 91' lang='lat' dir='ltr'><strong>nullum</strong></span> <span class='ocrx_word' id='word_1_314' title='bbox 961 2308 1011 2345; x_wconf 89' lang='lat' dir='ltr'><strong>ab</strong></span> <span class='ocrx_word' id='word_1_315' title='bbox 1043 2311 1214 2347; x_wconf 89' lang='lat' dir='ltr'><strong>auctore</strong></span> <span class='ocrx_word' id='word_1_316' title='bbox 1245 2308 1322 2347; x_wconf 90' lang='lat' dir='ltr'><strong>rite</strong></span> <span class='ocrx_word' id='word_1_317' title='bbox 1354 2307 1607 2347; x_wconf 83' lang='lat' dir='ltr'><strong>subductum</strong></span> <span class='ocrx_word' id='word_1_318' title='bbox 1628 2307 1817 2356; x_wconf 88' lang='lat' dir='ltr'><strong>invenio)</strong></span> <span class='ocrx_word' id='word_1_319' title='bbox 1853 2309 2102 2362; x_wconf 88' lang='lat' dir='ltr'><strong>conquisita,</strong></span> <span class='ocrx_word' id='word_1_320' title='bbox 2134 2311 2274 2347; x_wconf 88' lang='lat' dir='ltr'><strong>tamen</strong></span> <span class='ocrx_word' id='word_1_321' title='bbox 2304 2312 2401 2347; x_wconf 85' lang='lat' dir='ltr'><strong>tan-</strong></span> 
     </span>
    </p>
   </div>
   <div class='ocr_carea' id='block_1_6' title="bbox 140 2365 2401 2479">
    <p class='ocr_par' dir='ltr' id='par_1_8' title="bbox 140 2365 2401 2477">
     <span class='ocr_line' id='line_1_32' title="bbox 140 2365 2400 2424; baseline 0.001 -20"><span class='ocrx_word' id='word_1_322' title='bbox 140 2366 234 2405; x_wconf 87' lang='lat' dir='ltr'><strong>dem</strong></span> <span class='ocrx_word' id='word_1_323' title='bbox 262 2377 347 2405; x_wconf 92' lang='lat' dir='ltr'><strong>non</strong></span> <span class='ocrx_word' id='word_1_324' title='bbox 376 2365 594 2424; x_wconf 71' lang='lat' dir='ltr'><strong>satisfacit,</strong></span> <span class='ocrx_word' id='word_1_325' title='bbox 624 2366 726 2406; x_wconf 87' lang='lat' dir='ltr'><strong>adeo</strong></span> <span class='ocrx_word' id='word_1_326' title='bbox 756 2370 804 2406; x_wconf 86' lang='lat' dir='ltr'><strong>ut</strong></span> <span class='ocrx_word' id='word_1_327' title='bbox 820 2366 1040 2407; x_wconf 88' lang='lat' dir='ltr'><strong>Severinus</strong></span> <span class='ocrx_word' id='word_1_328' title='bbox 1072 2370 1255 2420; x_wconf 85' lang='lat' dir='ltr'><strong>cogatur,</strong></span> <span class='ocrx_word' id='word_1_329' title='bbox 1289 2367 1642 2406; x_wconf 87' lang='lat' dir='ltr'><strong>semidiametrum</strong></span> <span class='ocrx_word' id='word_1_330' title='bbox 1673 2367 1846 2407; x_wconf 85' lang='lat'>631000</span> <span class='ocrx_word' id='word_1_331' title='bbox 1876 2368 2059 2406; x_wconf 87' lang='lat' dir='ltr'><strong>mutuari</strong></span> <span class='ocrx_word' id='word_1_332' title='bbox 2104 2379 2125 2407; x_wconf 91' lang='lat' dir='ltr'><strong>e</strong></span> <span class='ocrx_word' id='word_1_333' title='bbox 2158 2368 2242 2407; x_wconf 87' lang='lat' dir='ltr'><strong>tuis</strong></span> <span class='ocrx_word' id='word_1_334' title='bbox 2274 2365 2400 2408; x_wconf 89' lang='lat' dir='ltr'><strong>Com·-</strong></span> 
     </span>
     <span class='ocr_line' id='line_1_33' title="bbox 141 2423 2401 2479; baseline 0 -16"><span class='ocrx_word' id='word_1_335' title='bbox 141 2425 373 2464; x_wconf 74' lang='lat' dir='ltr'><strong>mentm-iis.</strong></span> <span class='ocrx_word' id='word_1_336' title='bbox 436 2425 599 2476; x_wconf 85' lang='lat' dir='ltr'><strong>(Neque</strong></span> <span class='ocrx_word' id='word_1_337' title='bbox 627 2424 796 2479; x_wconf 82' lang='lat' dir='ltr'><strong>Martis,</strong></span> <span class='ocrx_word' id='word_1_338' title='bbox 829 2436 967 2475; x_wconf 88' lang='lat' dir='ltr'><strong>neque</strong></span> <span class='ocrx_word' id='word_1_339' title='bbox 997 2423 1170 2464; x_wconf 83' lang='lat' dir='ltr'><strong>Veneris</strong></span> <span class='ocrx_word' id='word_1_340' title='bbox 1202 2430 1274 2464; x_wconf 89' lang='lat' dir='ltr'><strong>aut</strong></span> <span class='ocrx_word' id='word_1_341' title='bbox 1302 2425 1499 2465; x_wconf 88' lang='lat' dir='ltr'><strong>Mercurii</strong></span> <span class='ocrx_word' id='word_1_342' title='bbox 1529 2426 1721 2476; x_wconf 81' lang='lat' dir='ltr'><strong>exempla</strong></span> <span class='ocrx_word' id='word_1_343' title='bbox 1751 2430 1817 2465; x_wconf 86' lang='lat' dir='ltr'><strong>sat</strong></span> <span class='ocrx_word' id='word_1_344' title='bbox 1847 2430 1992 2465; x_wconf 84' lang='lat' dir='ltr'><strong>exacte</strong></span> <span class='ocrx_word' id='word_1_345' title='bbox 2023 2429 2120 2465; x_wconf 87' lang='lat' dir='ltr'><strong>sunt</strong></span> <span class='ocrx_word' id='word_1_346' title='bbox 2151 2429 2401 2477; x_wconf 88' lang='lat' dir='ltr'><strong>supputata.)</strong></span> 
     </span>
    </p>
   </div>
   <div class='ocr_carea' id='block_1_7' title="bbox 139 2490 2403 2651">
    <p class='ocr_par' dir='ltr' id='par_1_9' title="bbox 139 2490 2403 2651">
     <span class='ocr_line' id='line_1_34' title="bbox 286 2490 2403 2579; baseline 0.003 -19"><span class='ocrx_word' id='word_1_347' title='bbox 286 2511 640 2575; x_wconf 83' lang='lat' dir='ltr'><strong>Keplerus.</strong></span> <span class='ocrx_word' id='word_1_348' title='bbox 695 2490 1059 2562; x_wconf 83' lang='lat' dir='ltr'><strong>Astronomiam</strong></span> <span class='ocrx_word' id='word_1_349' title='bbox 1096 2513 1338 2562; x_wconf 88' lang='lat' dir='ltr'><strong>Danicam</strong></span> <span class='ocrx_word' id='word_1_350' title='bbox 1387 2513 1565 2562; x_wconf 88' lang='lat' dir='ltr'><strong>cursim</strong></span> <span class='ocrx_word' id='word_1_351' title='bbox 1602 2513 1815 2579; x_wconf 87' lang='lat' dir='ltr'><strong>perlegi,</strong></span> <span class='ocrx_word' id='word_1_352' title='bbox 1863 2516 1925 2565; x_wconf 89' lang='lat' dir='ltr'><strong>ad</strong></span> <span class='ocrx_word' id='word_1_353' title='bbox 1966 2515 2179 2566; x_wconf 87' lang='lat' dir='ltr'><strong>calculos</strong></span> <span class='ocrx_word' id='word_1_354' title='bbox 2218 2523 2273 2566; x_wconf 89' lang='lat' dir='ltr'><strong>ut</strong></span> <span class='ocrx_word' id='word_1_355' title='bbox 2312 2531 2403 2566; x_wconf 90' lang='lat' dir='ltr'><strong>vo-</strong></span> 
     </span>
     <span class='ocr_line' id='line_1_35' title="bbox 139 2585 1739 2651; baseline 0.001 -16"><span class='ocrx_word' id='word_1_356' title='bbox 139 2600 244 2635; x_wconf 85' lang='lat' dir='ltr'><strong>cem</strong></span> <span class='ocrx_word' id='word_1_357' title='bbox 283 2585 419 2634; x_wconf 86' lang='lat' dir='ltr'><strong>deest</strong></span> <span class='ocrx_word' id='word_1_358' title='bbox 457 2588 623 2635; x_wconf 88' lang='lat' dir='ltr'><strong>otium.</strong></span> <span class='ocrx_word' id='word_1_359' title='bbox 702 2585 904 2636; x_wconf 87' lang='lat' dir='ltr'><strong>Gratam</strong></span> <span class='ocrx_word' id='word_1_360' title='bbox 942 2592 996 2634; x_wconf 92' lang='lat' dir='ltr'><strong>tu</strong></span> <span class='ocrx_word' id='word_1_361' title='bbox 1033 2587 1127 2636; x_wconf 89' lang='lat' dir='ltr'><strong>hac</strong></span> <span class='ocrx_word' id='word_1_362' title='bbox 1165 2589 1215 2635; x_wconf 93' lang='lat' dir='ltr'><strong>in</strong></span> <span class='ocrx_word' id='word_1_363' title='bbox 1253 2602 1304 2637; x_wconf 89' lang='lat' dir='ltr'><strong>re</strong></span> <span class='ocrx_word' id='word_1_364' title='bbox 1340 2589 1484 2650; x_wconf 88' lang='lat' dir='ltr'><strong>ponis</strong></span> <span class='ocrx_word' id='word_1_365' title='bbox 1525 2602 1739 2651; x_wconf 82' lang='lat' dir='ltr'><strong>operam.</strong></span> 
     </span>
    </p>
   </div>
   <div class='ocr_carea' id='block_1_8' title="bbox 138 2670 2402 2846">
    <p class='ocr_par' dir='ltr' id='par_1_10' title="bbox 138 2670 2402 2846">
     <span class='ocr_line' id='line_1_36' title="bbox 285 2670 2401 2730; baseline 0.002 -19"><span class='ocrx_word' id='word_1_366' title='bbox 285 2670 576 2723; x_wconf 83' lang='lat' dir='ltr'><strong>Griigerus:</strong></span> <span class='ocrx_word' id='word_1_367' title='bbox 607 2673 690 2714; x_wconf 86' lang='lat' dir='ltr'><strong>Sed</strong></span> <span class='ocrx_word' id='word_1_368' title='bbox 721 2675 904 2728; x_wconf 84' lang='lat' dir='ltr'><strong>obsecro,</strong></span> <span class='ocrx_word' id='word_1_369' title='bbox 939 2686 1022 2727; x_wconf 91' lang='lat' dir='ltr'><strong>quo</strong></span> <span class='ocrx_word' id='word_1_370' title='bbox 1045 2675 1204 2714; x_wconf 84' lang='lat' dir='ltr'><strong>calculo</strong></span> <span class='ocrx_word' id='word_1_371' title='bbox 1227 2687 1362 2728; x_wconf 88' lang='lat' dir='ltr'><strong>quave</strong></span> <span class='ocrx_word' id='word_1_372' title='bbox 1385 2676 1675 2716; x_wconf 90' lang='lat' dir='ltr'><strong>observatione</strong></span> <span class='ocrx_word' id='word_1_373' title='bbox 1705 2676 1854 2716; x_wconf 88' lang='lat' dir='ltr'><strong>nititur</strong></span> <span class='ocrx_word' id='word_1_374' title='bbox 1882 2677 1960 2716; x_wconf 88' lang='lat' dir='ltr'><strong>illa</strong></span> <span class='ocrx_word' id='word_1_375' title='bbox 1989 2677 2222 2727; x_wconf 87' lang='lat' dir='ltr'><strong>praecessio</strong></span> <span class='ocrx_word' id='word_1_376' title='bbox 2255 2678 2401 2730; x_wconf 86' lang='lat' dir='ltr'><strong>aequi-</strong></span> 
     </span>
     <span class='ocr_line' id='line_1_37' title="bbox 139 2731 2402 2788; baseline 0.002 -18"><span class='ocrx_word' id='word_1_377' title='bbox 139 2733 384 2781; x_wconf 89' lang='lat' dir='ltr'><strong>noctiorum,</strong></span> <span class='ocrx_word' id='word_1_378' title='bbox 415 2743 523 2784; x_wconf 88' lang='lat' dir='ltr'><strong>quae</strong></span> <span class='ocrx_word' id='word_1_379' title='bbox 563 2733 736 2772; x_wconf 86' lang='lat' dir='ltr'><strong>habetur</strong></span> <span class='ocrx_word' id='word_1_380' title='bbox 765 2744 858 2784; x_wconf 84' lang='lat' dir='ltr'><strong>pag.</strong></span> <span class='ocrx_word' id='word_1_381' title='bbox 891 2735 973 2773; x_wconf 84' lang='lat'><strong>221</strong></span> <span class='ocrx_word' id='word_1_382' title='bbox 1008 2734 1118 2773; x_wconf 88' lang='lat' dir='ltr'><strong>Astr.</strong></span> <span class='ocrx_word' id='word_1_383' title='bbox 1151 2734 1357 2788; x_wconf 85' lang='lat' dir='ltr'><strong>Danicae,</strong></span> <span class='ocrx_word' id='word_1_384' title='bbox 1400 2738 1470 2773; x_wconf 90' lang='lat' dir='ltr'><strong>aut</strong></span> <span class='ocrx_word' id='word_1_385' title='bbox 1507 2735 1553 2774; x_wconf 91' lang='lat' dir='ltr'><strong>in</strong></span> <span class='ocrx_word' id='word_1_386' title='bbox 1592 2735 1739 2774; x_wconf 82' lang='lat' dir='ltr'><strong>tabula</strong></span> <span class='ocrx_word' id='word_1_387' title='bbox 1768 2747 1859 2786; x_wconf 83' lang='lat' dir='ltr'><strong>pag.</strong></span> <span class='ocrx_word' id='word_1_388' title='bbox 1894 2737 1946 2775; x_wconf 86' lang='lat'><strong>55</strong></span> <span class='ocrx_word' id='word_1_389' title='bbox 1981 2735 2071 2779; x_wconf 85' lang='lat' dir='ltr'><strong>(III.</strong></span> <span class='ocrx_word' id='word_1_390' title='bbox 2103 2731 2402 2783; x_wconf 54' lang='grc'><strong>21111110111111</strong></span> 
     </span>
     <span class='ocr_line' id='line_1_38' title="bbox 138 2766 2401 2846; baseline 0.002 -17"><span class='ocrx_word' id='word_1_391' title='bbox 138 2788 283 2830; x_wconf 78' lang='lat' dir='ltr'><strong>Martis</strong></span> <span class='ocrx_word' id='word_1_392' title='bbox 315 2789 737 2830; x_wconf 73' lang='lat' dir='ltr'><strong>Commentariorum‘&gt;</strong></span> <span class='ocrx_word' id='word_1_393' title='bbox 798 2791 940 2845; x_wconf 87' lang='lat' dir='ltr'><strong>Neque</strong></span> <span class='ocrx_word' id='word_1_394' title='bbox 973 2794 1082 2832; x_wconf 90' lang='lat' dir='ltr'><strong>enim</strong></span> <span class='ocrx_word' id='word_1_395' title='bbox 1114 2805 1135 2833; x_wconf 89' lang='lat' dir='ltr'><strong>e</strong></span> <span class='ocrx_word' id='word_1_396' title='bbox 1166 2766 1442 2844; x_wconf 66' lang='lat' dir='ltr'><strong>Tychoni’cis,</strong></span> <span class='ocrx_word' id='word_1_397' title='bbox 1482 2805 1618 2846; x_wconf 89' lang='lat' dir='ltr'><strong>neque</strong></span> <span class='ocrx_word' id='word_1_398' title='bbox 1658 2806 1679 2833; x_wconf 92' lang='lat' dir='ltr'><strong>e</strong></span> <span class='ocrx_word' id='word_1_399' title='bbox 1710 2793 1962 2845; x_wconf 89' lang='lat' dir='ltr'><strong>Prutenicis,</strong></span> <span class='ocrx_word' id='word_1_400' title='bbox 2002 2805 2136 2846; x_wconf 89' lang='lat' dir='ltr'><strong>neque</strong></span> <span class='ocrx_word' id='word_1_401' title='bbox 2176 2806 2197 2833; x_wconf 91' lang='lat' dir='ltr'><strong>e</strong></span> <span class='ocrx_word' id='word_1_402' title='bbox 2228 2795 2401 2834; x_wconf 88' lang='lat' dir='ltr'><strong>Danicis</strong></span> 
     </span>
    </p>
   </div>
   <div class='ocr_carea' id='block_1_9' title="bbox 139 2849 2402 2962">
    <p class='ocr_par' dir='ltr' id='par_1_11' title="bbox 139 2849 2402 2962">
     <span class='ocr_line' id='line_1_39' title="bbox 139 2849 2402 2962; baseline 0.003 -75"><span class='ocrx_word' id='word_1_403' title='bbox 139 2852 307 2948; x_wconf 41' lang='lat' dir='ltr'><strong>tantqm</strong></span> <span class='ocrx_word' id='word_1_404' title='bbox 310 2861 466 2962; x_wconf 72' lang='lat' dir='ltr'><strong>)eruere</strong></span> <span class='ocrx_word' id='word_1_405' title='bbox 497 2861 680 2900; x_wconf 85' lang='lat' dir='ltr'><strong>possum.</strong></span> <span class='ocrx_word' id='word_1_406' title='bbox 742 2849 900 2904; x_wconf 81' lang='lat' dir='ltr'><strong>(Taceo</strong></span> <span class='ocrx_word' id='word_1_407' title='bbox 932 2852 1151 2891; x_wconf 89' lang='lat' dir='ltr'><strong>innumera</strong></span> <span class='ocrx_word' id='word_1_408' title='bbox 1181 2863 1445 2900; x_wconf 74' lang='lat' dir='ltr'><strong>numerorum</strong></span> <span class='ocrx_word' id='word_1_409' title='bbox 1477 2853 1781 2893; x_wconf 87' lang='lat' dir='ltr'><strong>tabulariorum</strong></span> <span class='ocrx_word' id='word_1_410' title='bbox 1821 2853 1922 2891; x_wconf 85' lang='lat' dir='ltr'><strong>vitia</strong></span> <span class='ocrx_word' id='word_1_411' title='bbox 1953 2852 2272 2907; x_wconf 76' lang='lat' dir='ltr'><strong>typographica,</strong></span> <span class='ocrx_word' id='word_1_412' title='bbox 2316 2854 2402 2893; x_wconf 92' lang='lat' dir='ltr'><strong>imo</strong></span> 
     </span>
     <span class='ocr_line' id='line_1_40' title="bbox 141 2912 295 2947; baseline 0 0"><span class='ocrx_word' id='word_1_413' title='bbox 141 2912 183 2947; x_wconf 83' lang='lat' dir='ltr'><strong>et</strong></span> <span class='ocrx_word' id='word_1_414' title='bbox 211 2920 235 2947; x_wconf 86' lang='lat' dir='ltr'><strong>a</strong></span> <span class='ocrx_word' id='word_1_415' title='bbox 255 2919 295 2947; x_wconf 85' lang='grc'><strong>10</strong></span> 
     </span>
    </p>
   </div>
   <div class='ocr_carea' id='block_1_10' title="bbox 79 2982 2403 3932">
    <p class='ocr_par' dir='ltr' id='par_1_12' title="bbox 141 2982 2403 3268">
     <span class='ocr_line' id='line_1_41' title="bbox 285 2982 2402 3049; baseline 0.001 -17"><span class='ocrx_word' id='word_1_416' title='bbox 285 2982 620 3047; x_wconf 83' lang='lat' dir='ltr'><strong>Keplerus:</strong></span> <span class='ocrx_word' id='word_1_417' title='bbox 693 2983 1092 3035; x_wconf 87' lang='lat' dir='ltr'><strong>Praecessionem</strong></span> <span class='ocrx_word' id='word_1_418' title='bbox 1157 2986 1577 3047; x_wconf 87' lang='lat' dir='ltr'><strong>aequinoctiorum</strong></span> <span class='ocrx_word' id='word_1_419' title='bbox 1646 3001 1758 3049; x_wconf 89' lang='lat' dir='ltr'><strong>pag.</strong></span> <span class='ocrx_word' id='word_1_420' title='bbox 1825 2985 1907 3034; x_wconf 82' lang='lat'><strong>55.</strong></span> <span class='ocrx_word' id='word_1_421' title='bbox 1974 2985 2159 3035; x_wconf 86' lang='lat' dir='ltr'><strong>Comm.</strong></span> <span class='ocrx_word' id='word_1_422' title='bbox 2228 2985 2402 3035; x_wconf 88' lang='lat' dir='ltr'><strong>Martis</strong></span> 
     </span>
     <span class='ocr_line' id='line_1_42' title="bbox 142 3058 2400 3125; baseline 0.002 -21"><span class='ocrx_word' id='word_1_423' title='bbox 142 3062 237 3120; x_wconf 81' lang='lat' dir='ltr'><strong>(vol.</strong></span> <span class='ocrx_word' id='word_1_424' title='bbox 269 3066 343 3106; x_wconf 89' lang='lat'><strong>111.</strong></span> <span class='ocrx_word' id='word_1_425' title='bbox 377 3063 634 3122; x_wconf 52' lang='lat' dir='ltr'><strong>211.)‚eg0</strong></span> <span class='ocrx_word' id='word_1_426' title='bbox 675 3072 783 3107; x_wconf 90' lang='lat' dir='ltr'><strong>cum</strong></span> <span class='ocrx_word' id='word_1_427' title='bbox 822 3065 926 3108; x_wconf 91' lang='lat' dir='ltr'><strong>tota</strong></span> <span class='ocrx_word' id='word_1_428' title='bbox 963 3059 1048 3108; x_wconf 90' lang='lat' dir='ltr'><strong>illa</strong></span> <span class='ocrx_word' id='word_1_429' title='bbox 1086 3058 1254 3107; x_wconf 90' lang='lat' dir='ltr'><strong>tabula</strong></span> <span class='ocrx_word' id='word_1_430' title='bbox 1292 3060 1361 3107; x_wconf 88' lang='lat' dir='ltr'><strong>sic</strong></span> <span class='ocrx_word' id='word_1_431' title='bbox 1399 3059 1726 3122; x_wconf 84' lang='lat' dir='ltr'><strong>transscripsi,</strong></span> <span class='ocrx_word' id='word_1_432' title='bbox 1779 3065 1832 3107; x_wconf 93' lang='lat' dir='ltr'><strong>ut</strong></span> <span class='ocrx_word' id='word_1_433' title='bbox 1871 3060 2037 3122; x_wconf 85' lang='lat' dir='ltr'><strong>accepi</strong></span> <span class='ocrx_word' id='word_1_434' title='bbox 2080 3075 2109 3109; x_wconf 94' lang='lat' dir='ltr'><strong>a</strong></span> <span class='ocrx_word' id='word_1_435' title='bbox 2149 3058 2400 3125; x_wconf 85' lang='lat' dir='ltr'><strong>Tychone,</strong></span> 
     </span>
     <span class='ocr_line' id='line_1_43' title="bbox 141 3130 2403 3197; baseline 0 -17"><span class='ocrx_word' id='word_1_436' title='bbox 141 3147 231 3183; x_wconf 89' lang='lat' dir='ltr'><strong>nec</strong></span> <span class='ocrx_word' id='word_1_437' title='bbox 270 3147 362 3182; x_wconf 87' lang='grc'><strong>11011</strong></span> <span class='ocrx_word' id='word_1_438' title='bbox 400 3133 535 3182; x_wconf 91' lang='lat' dir='ltr'><strong>venit</strong></span> <span class='ocrx_word' id='word_1_439' title='bbox 570 3131 834 3193; x_wconf 77' lang='grc'><strong>1100100110,</strong></span> <span class='ocrx_word' id='word_1_440' title='bbox 883 3138 939 3182; x_wconf 88' lang='grc'><strong>111</strong></span> <span class='ocrx_word' id='word_1_441' title='bbox 977 3146 1036 3182; x_wconf 90' lang='grc'><strong>00</strong></span> <span class='ocrx_word' id='word_1_442' title='bbox 1072 3137 1245 3181; x_wconf 87' lang='grc'><strong>1110101.</strong></span> <span class='ocrx_word' id='word_1_443' title='bbox 1322 3130 1448 3180; x_wconf 89' lang='lat' dir='ltr'><strong>Vide</strong></span> <span class='ocrx_word' id='word_1_444' title='bbox 1488 3146 1617 3195; x_wconf 89' lang='lat' dir='ltr'><strong>ergo,</strong></span> <span class='ocrx_word' id='word_1_445' title='bbox 1670 3146 1786 3181; x_wconf 91' lang='lat' dir='ltr'><strong>num</strong></span> <span class='ocrx_word' id='word_1_446' title='bbox 1825 3131 1941 3197; x_wconf 85' lang='lat' dir='ltr'><strong>quid</strong></span> <span class='ocrx_word' id='word_1_447' title='bbox 1979 3131 2043 3182; x_wconf 88' lang='lat' dir='ltr'><strong>ad</strong></span> <span class='ocrx_word' id='word_1_448' title='bbox 2082 3139 2218 3182; x_wconf 89' lang='lat' dir='ltr'><strong>tuam</strong></span> <span class='ocrx_word' id='word_1_449' title='bbox 2257 3131 2403 3182; x_wconf 89' lang='lat' dir='ltr'><strong>dubi-</strong></span> 
     </span>
     <span class='ocr_line' id='line_1_44' title="bbox 144 3202 1232 3268; baseline -0.003 -13"><span class='ocrx_word' id='word_1_450' title='bbox 144 3202 377 3255; x_wconf 84' lang='lat' dir='ltr'><strong>tationem</strong></span> <span class='ocrx_word' id='word_1_451' title='bbox 415 3205 660 3256; x_wconf 82' lang='lat' dir='ltr'><strong>conseram</strong></span> <span class='ocrx_word' id='word_1_452' title='bbox 697 3205 780 3254; x_wconf 83' lang='lat' dir='ltr'><strong>fol.</strong></span> <span class='ocrx_word' id='word_1_453' title='bbox 824 3206 925 3254; x_wconf 90' lang='grc'><strong>918</strong></span> <span class='ocrx_word' id='word_1_454' title='bbox 966 3205 1232 3268; x_wconf 78' lang='lat' dir='ltr'><strong>EpitomeS.</strong></span> 
     </span>
    </p>

    <p class='ocr_par' dir='ltr' id='par_1_13' title="bbox 79 3290 2403 3932">
     <span class='ocr_line' id='line_1_45' title="bbox 286 3290 2401 3346; baseline -0 -13"><span class='ocrx_word' id='word_1_455' title='bbox 286 3292 382 3333; x_wconf 81' lang='lat' dir='ltr'><strong>Jam</strong></span> <span class='ocrx_word' id='word_1_456' title='bbox 413 3291 616 3344; x_wconf 80' lang='lat' dir='ltr'><strong>Keplerus</strong></span> <span class='ocrx_word' id='word_1_457' title='bbox 647 3291 825 3342; x_wconf 84' lang='lat' dir='ltr'><strong>Griigero</strong></span> <span class='ocrx_word' id='word_1_458' title='bbox 856 3291 1071 3345; x_wconf 86' lang='lat' dir='ltr'><strong>quaerenti</strong></span> <span class='ocrx_word' id='word_1_459' title='bbox 1105 3290 1337 3340; x_wconf 78' lang='lat' dir='ltr'><strong>explicat„</strong></span> <span class='ocrx_word' id='word_1_460' title='bbox 1345 3301 1560 3330; x_wconf 90' lang='lat' dir='ltr'><strong>numerum</strong></span> <span class='ocrx_word' id='word_1_461' title='bbox 1598 3292 1844 3341; x_wconf 84' lang='lat' dir='ltr'><strong>mysticum‘</strong></span> <span class='ocrx_word' id='word_1_462' title='bbox 1877 3291 2061 3346; x_wconf 87' lang='lat' dir='ltr'><strong>Magini‚</strong></span> <span class='ocrx_word' id='word_1_463' title='bbox 2109 3304 2235 3346; x_wconf 86' lang='lat' dir='ltr'><strong>quam</strong></span> <span class='ocrx_word' id='word_1_464' title='bbox 2265 3292 2401 3343; x_wconf 84' lang='lat' dir='ltr'><strong>expli-</strong></span> 
     </span>
     <span class='ocr_line' id='line_1_46' title="bbox 79 3351 2402 3416; baseline 0 -17"><span class='ocrx_word' id='word_1_465' title='bbox 79 3404 82 3410; x_wconf 50' lang='grc'><strong>,</strong></span> <span class='ocrx_word' id='word_1_466' title='bbox 148 3360 352 3399; x_wconf 85' lang='lat' dir='ltr'><strong>cationem</strong></span> <span class='ocrx_word' id='word_1_467' title='bbox 383 3360 648 3399; x_wconf 81' lang='lat' dir='ltr'><strong>exhibuimus</strong></span> <span class='ocrx_word' id='word_1_468' title='bbox 679 3357 761 3400; x_wconf 90' lang='lat' dir='ltr'><strong>vol.</strong></span> <span class='ocrx_word' id='word_1_469' title='bbox 784 3358 856 3397; x_wconf 93' lang='lat'><strong>111.</strong></span> <span class='ocrx_word' id='word_1_470' title='bbox 888 3370 928 3408; x_wconf 88' lang='lat' dir='ltr'><strong>p.</strong></span> <span class='ocrx_word' id='word_1_471' title='bbox 960 3359 1059 3398; x_wconf 83' lang='lat'><strong>451.</strong></span> <span class='ocrx_word' id='word_1_472' title='bbox 1121 3356 1237 3404; x_wconf 83' lang='lat' dir='ltr'><strong>Quae</strong></span> <span class='ocrx_word' id='word_1_473' title='bbox 1268 3356 1433 3396; x_wconf 86' lang='lat' dir='ltr'><strong>addidit</strong></span> <span class='ocrx_word' id='word_1_474' title='bbox 1465 3357 1683 3411; x_wconf 86' lang='lat' dir='ltr'><strong>Keplerus,</strong></span> <span class='ocrx_word' id='word_1_475' title='bbox 1715 3358 1819 3398; x_wconf 88' lang='lat' dir='ltr'><strong>haec</strong></span> <span class='ocrx_word' id='word_1_476' title='bbox 1850 3362 1963 3398; x_wconf 85' lang='lat' dir='ltr'><strong>sunt:</strong></span> <span class='ocrx_word' id='word_1_477' title='bbox 2002 3351 2145 3401; x_wconf 85' lang='lat' dir='ltr'><strong>Hanc</strong></span> <span class='ocrx_word' id='word_1_478' title='bbox 2169 3366 2259 3416; x_wconf 84' lang='lat' dir='ltr'><strong>ego</strong></span> <span class='ocrx_word' id='word_1_479' title='bbox 2285 3367 2402 3415; x_wconf 87' lang='lat' dir='ltr'><strong>par-</strong></span> 
     </span>
     <span class='ocr_line' id='line_1_47' title="bbox 146 3424 2401 3489; baseline -0.002 -13"><span class='ocrx_word' id='word_1_480' title='bbox 146 3431 242 3476; x_wconf 87' lang='lat' dir='ltr'><strong>tem</strong></span> <span class='ocrx_word' id='word_1_481' title='bbox 281 3426 561 3476; x_wconf 87' lang='lat' dir='ltr'><strong>tabularum</strong></span> <span class='ocrx_word' id='word_1_482' title='bbox 598 3424 849 3488; x_wconf 86' lang='lat' dir='ltr'><strong>Rudolphi</strong></span> <span class='ocrx_word' id='word_1_483' title='bbox 887 3424 1094 3473; x_wconf 83' lang='lat' dir='ltr'><strong>feceram</strong></span> <span class='ocrx_word' id='word_1_484' title='bbox 1135 3430 1247 3472; x_wconf 88' lang='lat' dir='ltr'><strong>ante</strong></span> <span class='ocrx_word' id='word_1_485' title='bbox 1298 3438 1452 3473; x_wconf 83' lang='lat' dir='ltr'><strong>annos</strong></span> <span class='ocrx_word' id='word_1_486' title='bbox 1497 3426 1587 3486; x_wconf 91' lang='lat'><strong>13,</strong></span> <span class='ocrx_word' id='word_1_487' title='bbox 1639 3424 1725 3474; x_wconf 88' lang='lat' dir='ltr'><strong>sed</strong></span> <span class='ocrx_word' id='word_1_488' title='bbox 1777 3439 1873 3475; x_wconf 91' lang='lat' dir='ltr'><strong>non</strong></span> <span class='ocrx_word' id='word_1_489' title='bbox 1923 3427 2180 3489; x_wconf 84' lang='lat' dir='ltr'><strong>mysticos,</strong></span> <span class='ocrx_word' id='word_1_490' title='bbox 2233 3440 2401 3475; x_wconf 91' lang='lat' dir='ltr'><strong>verum</strong></span> 
     </span>
     <span class='ocr_line' id='line_1_48' title="bbox 147 3495 2398 3563; baseline 0 -17"><span class='ocrx_word' id='word_1_491' title='bbox 147 3500 278 3562; x_wconf 82' lang='lat' dir='ltr'><strong>ipsos</strong></span> <span class='ocrx_word' id='word_1_492' title='bbox 317 3501 594 3563; x_wconf 84' lang='lat' dir='ltr'><strong>quotientes</strong></span> <span class='ocrx_word' id='word_1_493' title='bbox 632 3500 681 3547; x_wconf 91' lang='lat' dir='ltr'><strong>in</strong></span> <span class='ocrx_word' id='word_1_494' title='bbox 731 3500 948 3561; x_wconf 86' lang='lat' dir='ltr'><strong>margine</strong></span> <span class='ocrx_word' id='word_1_495' title='bbox 996 3495 1194 3546; x_wconf 89' lang='lat' dir='ltr'><strong>tabulae</strong></span> <span class='ocrx_word' id='word_1_496' title='bbox 1240 3511 1513 3560; x_wconf 85' lang='lat' dir='ltr'><strong>posueram.</strong></span> <span class='ocrx_word' id='word_1_497' title='bbox 1591 3497 1861 3562; x_wconf 88' lang='lat' dir='ltr'><strong>Postquam</strong></span> <span class='ocrx_word' id='word_1_498' title='bbox 1911 3498 2194 3563; x_wconf 88' lang='lat' dir='ltr'><strong>prodierunt</strong></span> <span class='ocrx_word' id='word_1_499' title='bbox 2231 3499 2398 3562; x_wconf 90' lang='lat' dir='ltr'><strong>Loga-</strong></span> 
     </span>
     <span class='ocr_line' id='line_1_49' title="bbox 147 3570 2403 3637; baseline 0 -18"><span class='ocrx_word' id='word_1_500' title='bbox 147 3573 311 3622; x_wconf 86' lang='lat' dir='ltr'><strong>rithmi</strong></span> <span class='ocrx_word' id='word_1_501' title='bbox 334 3573 528 3637; x_wconf 85' lang='lat' dir='ltr'><strong>Neperi,</strong></span> <span class='ocrx_word' id='word_1_502' title='bbox 567 3571 730 3635; x_wconf 74' lang='lat' dir='ltr'><strong>abJeci</strong></span> <span class='ocrx_word' id='word_1_503' title='bbox 765 3571 891 3620; x_wconf 88' lang='lat' dir='ltr'><strong>hanc</strong></span> <span class='ocrx_word' id='word_1_504' title='bbox 917 3576 1104 3634; x_wconf 88' lang='lat' dir='ltr'><strong>partem</strong></span> <span class='ocrx_word' id='word_1_505' title='bbox 1131 3575 1179 3618; x_wconf 91' lang='lat' dir='ltr'><strong>et</strong></span> <span class='ocrx_word' id='word_1_506' title='bbox 1215 3570 1265 3618; x_wconf 88' lang='lat' dir='ltr'><strong>in</strong></span> <span class='ocrx_word' id='word_1_507' title='bbox 1290 3572 1504 3634; x_wconf 85' lang='lat' dir='ltr'><strong>margine</strong></span> <span class='ocrx_word' id='word_1_508' title='bbox 1542 3573 1685 3635; x_wconf 88' lang='lat' dir='ltr'><strong>posui</strong></span> <span class='ocrx_word' id='word_1_509' title='bbox 1722 3571 1892 3621; x_wconf 89' lang='lat' dir='ltr'><strong>horum</strong></span> <span class='ocrx_word' id='word_1_510' title='bbox 1920 3574 2223 3636; x_wconf 89' lang='lat' dir='ltr'><strong>quotientum</strong></span> <span class='ocrx_word' id='word_1_511' title='bbox 2260 3572 2403 3634; x_wconf 87' lang='lat' dir='ltr'><strong>loga-</strong></span> 
     </span>
     <span class='ocr_line' id='line_1_50' title="bbox 150 3641 2396 3708; baseline -0.001 -17"><span class='ocrx_word' id='word_1_512' title='bbox 150 3645 367 3695; x_wconf 82' lang='lat' dir='ltr'><strong>rithmos.</strong></span> <span class='ocrx_word' id='word_1_513' title='bbox 443 3645 511 3693; x_wconf 89' lang='lat' dir='ltr'><strong>At</strong></span> <span class='ocrx_word' id='word_1_514' title='bbox 545 3659 674 3695; x_wconf 92' lang='lat' dir='ltr'><strong>nunc</strong></span> <span class='ocrx_word' id='word_1_515' title='bbox 711 3646 858 3694; x_wconf 88' lang='lat' dir='ltr'><strong>etiam</strong></span> <span class='ocrx_word' id='word_1_516' title='bbox 897 3644 1023 3693; x_wconf 88' lang='lat' dir='ltr'><strong>hanc</strong></span> <span class='ocrx_word' id='word_1_517' title='bbox 1060 3641 1277 3692; x_wconf 87' lang='lat' dir='ltr'><strong>tabulam</strong></span> <span class='ocrx_word' id='word_1_518' title='bbox 1317 3644 1475 3707; x_wconf 89' lang='lat' dir='ltr'><strong>abjeci</strong></span> <span class='ocrx_word' id='word_1_519' title='bbox 1512 3646 1705 3708; x_wconf 87' lang='lat' dir='ltr'><strong>penitus</strong></span> <span class='ocrx_word' id='word_1_520' title='bbox 1746 3651 1794 3695; x_wconf 91' lang='lat' dir='ltr'><strong>et</strong></span> <span class='ocrx_word' id='word_1_521' title='bbox 1831 3647 2022 3694; x_wconf 89' lang='lat' dir='ltr'><strong>tertiam</strong></span> <span class='ocrx_word' id='word_1_522' title='bbox 2048 3645 2307 3706; x_wconf 85' lang='lat' dir='ltr'><strong>introduxi,</strong></span> <span class='ocrx_word' id='word_1_523' title='bbox 2348 3646 2396 3691; x_wconf 92' lang='lat' dir='ltr'><strong>in</strong></span> 
     </span>
     <span class='ocr_line' id='line_1_51' title="bbox 152 3714 2400 3785; baseline -0 -20"><span class='ocrx_word' id='word_1_524' title='bbox 152 3717 290 3780; x_wconf 77' lang='lat' dir='ltr'><strong>cnjus</strong></span> <span class='ocrx_word' id='word_1_525' title='bbox 326 3720 542 3782; x_wconf 85' lang='lat' dir='ltr'><strong>margine</strong></span> <span class='ocrx_word' id='word_1_526' title='bbox 581 3720 644 3767; x_wconf 87' lang='grc'><strong>011</strong></span> <span class='ocrx_word' id='word_1_527' title='bbox 680 3717 962 3782; x_wconf 82' lang='lat' dir='ltr'><strong>simpliciter</strong></span> <span class='ocrx_word' id='word_1_528' title='bbox 999 3718 1152 3779; x_wconf 82' lang='lat' dir='ltr'><strong>ipsius</strong></span> <span class='ocrx_word' id='word_1_529' title='bbox 1196 3716 1258 3779; x_wconf 96' lang='grc' dir='ltr'>Θ</span> <span class='ocrx_word' id='word_1_530' title='bbox 1300 3714 1342 3783; x_wconf 64' lang='lat' dir='ltr'><strong>S?</strong></span> <span class='ocrx_word' id='word_1_531' title='bbox 1381 3720 1631 3780; x_wconf 91' lang='lat' dir='ltr'><strong>proportio</strong></span> <span class='ocrx_word' id='word_1_532' title='bbox 1670 3717 1733 3766; x_wconf 87' lang='lat' dir='ltr'><strong>ad</strong></span> <span class='ocrx_word' id='word_1_533' title='bbox 1776 3719 1838 3781; x_wconf 99' lang='grc' dir='ltr'>Θ</span> <span class='ocrx_word' id='word_1_534' title='bbox 1879 3719 1950 3785; x_wconf 63' lang='grc' dir='ltr'><strong>ὅ,</strong></span> <span class='ocrx_word' id='word_1_535' title='bbox 2000 3719 2069 3767; x_wconf 86' lang='grc'><strong>010</strong></span> <span class='ocrx_word' id='word_1_536' title='bbox 2107 3724 2293 3782; x_wconf 85' lang='lat' dir='ltr'><strong>tamen,</strong></span> <span class='ocrx_word' id='word_1_537' title='bbox 2348 3722 2400 3765; x_wconf 93' lang='lat' dir='ltr'><strong>ut</strong></span> 
     </span>
     <span class='ocr_line' id='line_1_52' title="bbox 152 3789 2399 3855; baseline 0.001 -18"><span class='ocrx_word' id='word_1_538' title='bbox 152 3791 299 3839; x_wconf 81' lang='lat' dir='ltr'><strong>etiam</strong></span> <span class='ocrx_word' id='word_1_539' title='bbox 328 3790 427 3841; x_wconf 75' lang='lat' dir='ltr'><strong>&#39;hac</strong></span> <span class='ocrx_word' id='word_1_540' title='bbox 463 3790 631 3841; x_wconf 85' lang='lat' dir='ltr'><strong>tabula</strong></span> <span class='ocrx_word' id='word_1_541' title='bbox 667 3793 912 3855; x_wconf 78' lang='lat' dir='ltr'><strong>possimus</strong></span> <span class='ocrx_word' id='word_1_542' title='bbox 952 3802 1142 3851; x_wconf 87' lang='lat' dir='ltr'><strong>carere,</strong></span> <span class='ocrx_word' id='word_1_543' title='bbox 1188 3791 1231 3838; x_wconf 84' lang='lat' dir='ltr'><strong>si</strong></span> <span class='ocrx_word' id='word_1_544' title='bbox 1281 3789 1508 3840; x_wconf 80' lang='lat' dir='ltr'><strong>volumus</strong></span> <span class='ocrx_word' id='word_1_545' title='bbox 1555 3792 1628 3840; x_wconf 90' lang='lat' dir='ltr'><strong>uti</strong></span> <span class='ocrx_word' id='word_1_546' title='bbox 1674 3791 1845 3855; x_wconf 85' lang='lat' dir='ltr'><strong>regula</strong></span> <span class='ocrx_word' id='word_1_547' title='bbox 1878 3791 1990 3841; x_wconf 86' lang='lat' dir='ltr'><strong>falsi</strong></span> <span class='ocrx_word' id='word_1_548' title='bbox 2024 3791 2399 3855; x_wconf 85' lang='lat' dir='ltr'><strong>parabilissima,</strong></span> 
     </span>
     <span class='ocr_line' id='line_1_53' title="bbox 153 3859 2397 3932; baseline 0.001 -23"><span class='ocrx_word' id='word_1_549' title='bbox 153 3862 202 3910; x_wconf 89' lang='lat' dir='ltr'><strong>in</strong></span> <span class='ocrx_word' id='word_1_550' title='bbox 240 3877 338 3926; x_wconf 87' lang='lat' dir='ltr'><strong>qua</strong></span> <span class='ocrx_word' id='word_1_551' title='bbox 373 3866 570 3928; x_wconf 84' lang='lat' dir='ltr'><strong>ponitur</strong></span> <span class='ocrx_word' id='word_1_552' title='bbox 605 3861 676 3931; x_wconf 93' lang='grc' dir='ltr'>Θ</span> <span class='ocrx_word' id='word_1_553' title='bbox 716 3862 759 3932; x_wconf 68' lang='grc' dir='ltr'>ὅ</span> <span class='ocrx_word' id='word_1_554' title='bbox 798 3861 842 3932; x_wconf 61' lang='lat' dir='ltr'><strong>S?</strong></span> <span class='ocrx_word' id='word_1_555' title='bbox 882 3863 1043 3914; x_wconf 80' lang='lat' dir='ltr'><strong>minus</strong></span> <span class='ocrx_word' id='word_1_556' title='bbox 1080 3859 1264 3914; x_wconf 79' lang='lat' dir='ltr'><strong>scilicet</strong></span> <span class='ocrx_word' id='word_1_557' title='bbox 1314 3862 1515 3915; x_wconf 86' lang='lat' dir='ltr'><strong>dimidio</strong></span> <span class='ocrx_word' id='word_1_558' title='bbox 1567 3859 1723 3928; x_wconf 83' lang='lat' dir='ltr'><strong>ipsius</strong></span> <span class='ocrx_word' id='word_1_559' title='bbox 1770 3864 2110 3928; x_wconf 88' lang='lat' dir='ltr'><strong>complementi</strong></span> <span class='ocrx_word' id='word_1_560' title='bbox 2148 3862 2191 3930; x_wconf 68' lang='grc' dir='ltr'><em>ὃ</em></span> <span class='ocrx_word' id='word_1_561' title='bbox 2228 3859 2298 3930; x_wconf 83' lang='grc' dir='ltr'>Θ</span> <span class='ocrx_word' id='word_1_562' title='bbox 2338 3859 2397 3929; x_wconf 63' lang='lat' dir='ltr'><strong>Q,</strong></span> 
     </span>
    </p>
   </div>
  </div>
 </body>
</html>
