2554 4140
856 150 993 196 Liber
1024 150 1233 208 Quartus,
1295 150 1538 197 Praefatio,
2213 155 2316 203 30⁷
2357 218 2361 220 s

68 302 135 354 Ut
175 305 237 365 is,
273 303 356 365 qui
394 296 662 349 delectatur
699 301 1117 364 occupationibus,
1156 315 1265 350 raro
1295 302 1432 362 socii,
1473 314 1724 364 nunquam
1762 303 1837 351 sui
1877 315 2029 350 causa
2067 298 2317 350 descendit

70 377 134 426 ad
169 377 329 424 lusum
367 373 507 422 aleae
549 379 633 421 aut
670 371 1077 435 latrunculorum,
1120 376 1188 422 ita
1224 373 1342 422 mihi
1382 376 1431 421 in
1470 375 1598 423 veris
1637 374 1842 423 aliorum
1871 374 2195 437 dogmatibus»,
2236 379 2321 422 aut

70 453 117 497 in
158 445 448 511 corrigendis
491 447 652 507 etiam,
695 461 821 509 quae
858 461 955 495 non
994 448 1309 510 undiquaque
1349 446 1473 496 bene
1514 453 1752 508 constant,
1792 454 1978 496 tantum
2020 454 2093 499 est
2119 448 2317 509 negotii,

67 530 122 571 ut
157 534 405 584 nunquam
442 525 584 567 vacet
623 521 818 581 ingenio
856 519 1025 569 ludere
1062 522 1220 582 novis,
1261 533 1485 568 verorum
1526 522 1793 581 contrariiS,
1835 536 1894 570 ex
1931 536 2008 569 me
2041 523 2150 584 ipso
2178 523 2319 568 inve-

66 593 267 644 niendis
347 591 593 655 Quicquid
631 592 747 640 foris
785 592 1028 655 profiteor,
1068 595 1198 641 intus
1238 591 1405 642 credo:
1446 591 1583 640 nulla
1621 592 1740 640 mihi
1777 594 1936 655 major
1974 607 2118 651 crux,
2156 608 2318 657 quam,

66 682 163 716 non
201 666 308 714 dico
349 667 593 714 contraria
630 667 779 714 menti
815 664 1055 728 proloqui,
1095 666 1182 714 sed
1221 667 1391 715 intima
1428 680 1573 715 sensa
1610 679 1705 713 non
1746 665 1947 729 prodere
1981 680 2141 728 posse.
2207 666 2319 715 Scio

67 740 246 793 multos
283 738 461 787 affectu
499 737 646 786 simili
683 745 947 788 novatores
984 738 1102 799 fieri,
1142 738 1228 788 sed
1268 740 1303 785 ii
1342 739 1529 799 erroris,
1569 739 1653 801 qui
1691 752 1776 787 eos
1814 737 2017 799 seducit,
2060 738 2199 787 facile
2241 754 2321 787 re-

68 813 388 876 darguuntur3
444 811 563 859 mihi
614 825 823 860 errorem
868 825 1010 861 nemo
1060 811 1382 873 demonstrat,
1432 810 1729 860 subtilitates
1767 826 1926 860 rerum
1974 810 2154 876 aliqui,
2203 813 2320 874 quia

65 887 161 951 ipsi
198 899 297 934 non
337 885 550 947 capiunt,
590 884 706 933 mihi
747 887 796 932 in
836 886 1014 933 crimen
1051 886 1330 934 novationis
1368 887 1626 948 imputant.

207 957 466 1007 Descende
504 972 632 1006 nunc
669 957 734 1006 ad
773 971 894 1020 opus
934 959 1094 1022 ipsum
1131 957 1469 1007 Harmouices,
1532 957 1642 1006 Non
1681 955 1849 1004 dubito
1889 967 2016 1017 eum,
2057 958 2142 1019 qui
2181 955 2321 1004 dam-

67 1038 152 1082 nat
187 1032 484 1095 pruriginem
518 1045 652 1079 nova
690 1030 1102 1092 comminiscendi,
1142 1030 1394 1080 audaciam
1431 1045 1565 1080 nova
1598 1036 1646 1079 et
1670 1043 1909 1094 pomposa
1933 1028 2203 1092 profitendi,
2246 1032 2322 1077 in-

66 1108 322 1154 venturum
359 1106 410 1152 in
447 1100 643 1167 epilogo
678 1104 792 1152 libri
823 1101 886 1165 V,
925 1103 1058 1189 quod
1098 1105 1319 1153 censoria
1358 1103 1549 1166 virgula
1586 1108 1736 1151 notet.
1792 1100 1897 1175 Hic
1935 1103 2063 1170 enim
2099 1102 2322 1152 maculae

69 1254 165 1300 sint
202 1229 458 1321 analogae
463 1223 848 1322 exhalationum
886 1265 944 1299 ex
967 1249 1160 1318 Terra,
1193 1236 1306 1319 ,13)ρό
1326 1251 1710 1320 generatlonum
1740 1243 2023 1297 animalium
2061 1249 2324 1299 slmulacra

21 1312 344 1392 statuuntur
380 1323 431 1370 in
469 1320 707 1393 pIanetis3
723 1318 826 1371 hic
862 1307 1130 1408 tanguntur
1168 1323 1380 1372 confinia
1417 1324 1758 1387 mysteriorum
1793 1322 2043 1384 religionis
2083 1310 2323 1374 Christia-

66 1412 184 1460 nae,
229 1387 511 1460 pulsantur*
518 1359 740 1459 ’ρῗιῗῖἶιθε
776 1397 996 1458 magiae,
1036 1395 1317 1459 theurgiae,
1357 1394 1666 1445 idololatriae
1697 1395 1990 1457 Persarum,
2031 1394 2197 1463 Sqlem
2234 1410 2322 1470 pro

59 1471 179 1528 ,ugo
220 1469 513 1541 colentium,
565 1469 697 1532 quod
746 1470 941 1518 crebrae
979 1469 1262 1531 interjectae
1302 1469 1556 1518 cautiones
1593 1483 1690 1517 non
1732 1468 2054 1517 dissimulant.
2110 1459 2211 1517 De
2243 1461 2322 1516 his

67 1546 212 1608 igitur
250 1534 639 1603 curiositatibuS,
680 1544 723 1591 si
759 1556 855 1591 non
895 1542 1196 1591 satisfacient
1233 1558 1319 1605 ea,
1359 1557 1487 1605 quae
1529 1543 1764 1591 hactenus
1803 1547 1917 1590 sunt
1956 1541 2111 1601 dicta,
2150 1541 2323 1611 saltem

67 1617 118 1666 id
147 1616 466 1666 Serenissimo
505 1615 799 1664 inculcetur:
840 1621 988 1678 caput
1023 1614 1144 1664 illud
1180 1617 1289 1679 ipso
1327 1615 1472 1664 titulo
1510 1615 1580 1663 nil
1618 1615 1831 1679 profiteri
1870 1616 1963 1663 nisi
2003 1604 2321 1677 conjecturas,

70 1697 118 1740 et
154 1690 379 1754 quamvis
417 1688 467 1736 id
503 1689 765 1753 plurimum
804 1689 1020 1738 conferat
1057 1687 1119 1737 ad
1158 1690 1370 1754 speciem
1410 1690 1597 1753 operis,
1654 1689 1795 1752 quia,
1845 1694 1899 1737 ut
1952 1688 2101 1736 habet
2149 1690 2323 1751 capitis

71 1763 343 1823 exordium,
396 1777 426 1810 a
461 1761 620 1810 Musis
671 1761 734 1811 ad
774 1761 1056 1824 Apollinem
1094 1764 1219 1812 ratio
1258 1764 1366 1825 ipsa
1405 1760 1561 1822 ducit,
1612 1767 1774 1811 tamen
1815 1775 1925 1810 cum
1965 1767 2125 1810 cetera
2164 1763 2322 1824 operis

74 1842 296 1885 constent
332 1836 435 1884 suis
475 1834 983 1896 demonstrationibUS,
1025 1841 1172 1898 caput
1211 1836 1372 1898 ipsum
1410 1849 1497 1884 seu
1535 1835 1784 1898 epilogum
1821 1834 1958 1882 illum
1995 1848 2082 1898 pro
2121 1834 2323 1884 absecto
2388 1827 2391 1830 ’

68 1909 237 1959 haberi
273 1923 435 1972 posse.
509 1908 635 1957 Nam
687 1909 835 1957 etiam
884 1909 989 1957 sine
1031 1921 1089 1957 eo
1127 1908 1295 1957 thema
1330 1907 1424 1957 hoc
1462 1909 1656 1957 invictis
1693 1906 2190 1957 demonstrationibus
2231 1908 2324 1956 ob-

0 1955 5 2030 }
69 1989 255 2032 tentum
303 1982 419 2030 suit:
470 1983 532 2028 in
583 1983 889 2031 extremis
942 1981 1230 2043 binorum
1280 1980 1682 2044 planetarum
1729 1981 2013 2030 motibus
2065 1982 2324 2029 univer-

70 2070 207 2104 sum
260 2060 557 2104 ornatum
610 2055 1101 2118 proportionum
1161 2055 1662 2103 harmonicarum
1718 2068 2101 2119 expressum
2159 2069 2325 2118 esse,

11 2167 13 2174 .
70 2128 386 2192 adeoque,
438 2134 507 2176 ut
551 2127 654 2176 hic
701 2133 965 2177 ornatus
1003 2128 1283 2177 motibus
1322 2126 1661 2176 conciliari
1698 2133 1956 2191 posset,
2009 2129 2325 2176 eccentri-

72 2203 307 2250 citates
367 2199 648 2265 planetis
698 2199 855 2250 illas
904 2202 1114 2264 ipsas,
1185 2215 1340 2264 quas
1397 2214 1512 2265 pro
1572 2215 1638 2250 se
1688 2202 1964 2285 quisque
2034 2202 2326 2248 sortitus

7 2262 13 2333 ξ
69 2280 187 2335 est,
226 2273 671 2323 conciliandas
710 2274 931 2323 fuisse.
994 2273 1107 2323 Hoc
1140 2279 1373 2337 quantam
1413 2274 1562 2323 faciat
1600 2275 1930 2324 accessionem
1970 2271 2034 2321 ad
2073 2265 2325 2322 illustran-

0 2337 18 2431 1
69 2346 180 2397 dam
217 2346 426 2410 gloriam
462 2348 621 2411 operis
658 2346 890 2396 mundani
930 2346 1124 2411 Deique
1169 2347 1442 2407 architecti,
1483 2347 1872 2440 sapientissimus
1912 2346 2171 2410 Princeps
2184 2346 2326 2396 facile

0 2413 18 2480 ll
69 2419 360 2470 aestimabit.

213 2490 301 2542 Sin
338 2497 503 2541 autem
543 2493 690 2549 etiam
726 2491 822 2541 hoc
858 2494 1019 2556 ipsum
1056 2493 1350 2542 curiositatis
1388 2499 1643 2543 accusetur
1682 2494 1950 2557 inquirere,
1990 2492 2147 2541 fateor
2184 2493 2326 2555 equi-

73 2565 213 2626 dem,
252 2566 380 2614 feriri
420 2570 567 2627 caput
603 2567 961 2628 astronomiae3
1001 2579 1128 2628 quae
1168 2580 1277 2614 cum
1316 2572 1403 2614 aut
1438 2573 1638 2630 propter
1676 2567 1803 2615 hanc
1840 2565 2202 2629 philosophiam
2242 2571 2327 2614 aut

73 2645 269 2703 propter
305 2637 626 2700 astrologicae
663 2638 1021 2700 praedictiones
1049 2638 1261 2688 discatur
1299 2635 1564 2706 (quantum
1599 2639 1661 2689 ad
1688 2640 1816 2689 hanc
1843 2637 2178 2700 scrupulosam
2205 2639 2326 2686 sub-

26 2694 31 2764 1
72 2712 295 2761 tilitatem
335 2717 384 2759 et
421 2709 675 2774 physicam
716 2725 972 2760 causarum
1012 2713 1365 2774 excussionem,
1405 2727 1532 2775 quae
1571 2727 1624 2761 se
1663 2715 1714 2761 in
1751 2727 1870 2761 usus
1911 2713 2043 2760 vitae
2078 2710 2327 2774 quotidia-

29 2768 36 2848 ἰ
70 2798 159 2835 nos
195 2798 297 2833 non
335 2786 403 2833 ita
440 2782 690 2833 evidenter
726 2783 956 2847 profert),
995 2787 1312 2848 posteriorem
1351 2791 1479 2835 certe
1517 2785 1664 2834 finem
1703 2785 2049 2835 serenissimus
2087 2787 2208 2847 ipse,
2248 2798 2326 2832 me

73 2859 200 2908 circa
235 2858 398 2906 sutura
436 2859 767 2919 contingentia
804 2857 1115 2920 suffragante,
1154 2857 1400 2921 repudiat:
1439 2860 1571 2922 prior
1609 2860 1754 2922 igitur
1781 2857 1894 2906 mihi
1921 2863 2130 2919 ereptus,
2172 2862 2326 2907 totam

35 2916 43 2988 l
75 2937 245 2982 enecat
282 2931 629 2979 astronomiam
668 2930 920 2990 (subtilem
958 2930 1112 2999 hanc)
1150 2930 1393 2994 planeque
1432 2932 1550 2981 facit
1587 2931 1823 2982 inutilem
1865 2943 1867 2946 ’

214 3001 283 3053 Ut
322 3012 485 3053 tamen
524 3005 673 3051 etiam
712 3005 759 3050 in
797 3002 926 3052 hunc
965 3010 1195 3053 eventum
1232 3019 1310 3053 me
1349 3005 1588 3054 muniam:
1636 3004 1832 3067 largiar,
1871 3003 1965 3052 hoc
2003 3017 2164 3051 meum
2202 3018 2327 3067 opus

8 3092 46 3128 ιι
76 3074 416 3126 Harmonicum
466 3075 587 3123 nihil
635 3090 741 3124 esse
786 3078 881 3127 nisi
933 3076 1177 3140 quandam
1226 3076 1380 3126 veluti
1428 3078 1670 3162 picturam
1726 3074 1937 3126 aedificii
1994 3078 2323 3136 astronomici,

45 3150 173 3212 ‘’qna
207 3148 273 3200 ad
306 3149 522 3199 lubitum
561 3150 830 3213 respuentis
871 3147 1057 3211 derasa,
1097 3155 1196 3198 stat
1232 3156 1394 3199 tamen
1432 3150 1540 3214 ipsa
1577 3164 1662 3214 per
1699 3164 1752 3198 se
1793 3148 1982 3216 domne,
2021 3151 2323 3199 astronomia

20 3224 57 3268 if
78 3220 230 3283 dicta,
269 3236 416 3286 quam
453 3225 556 3271 scio
597 3236 627 3271 a
665 3222 983 3271 Serenissimo
1020 3236 1118 3271 non
1159 3222 1403 3283 damnari,
1443 3222 1530 3272 sed
1567 3228 1764 3286 propter
1801 3221 2142 3273 certitudinem
2180 3238 2326 3287 prae-

78 3292 300 3344 dictionis
333 3303 554 3345 motuum
592 3297 789 3344 maximi
829 3294 948 3346 fieri.
1023 3296 1248 3344 Forsitan
1302 3297 1449 3358 igitur
1489 3295 1595 3380 ejus
1634 3294 1949 3345 architectum
1992 3301 2040 3345 et
2077 3297 2326 3345 instaura-

55 3372 231 3436 §torem
265 3374 378 3430 post
411 3370 700 3432 magistrum
736 3368 1020 3432 Tychonem
1058 3381 1183 3431 pene
1222 3368 1445 3429 unicum,
1499 3369 1583 3432 qui
1630 3368 1726 3417 huc
1766 3369 1916 3419 vitam
1958 3383 2097 3418 snam
2135 3371 2327 3434 impen-

59 3436 191 3489 dere
229 3438 452 3504 dignans
490 3444 567 3502 sit,
606 3455 703 3490 non
743 3441 995 3504 indignum
1032 3454 1122 3489 suo
1161 3440 1330 3490 favore
1369 3442 1600 3491 censebit.

62 3520 64 3527 “
156 3542 161 3550 ι
221 3508 468 3563 Ηιιοιειιιιε
506 3530 565 3564 ex
605 3514 826 3579 epistola,
868 3529 994 3576 quae
1034 3511 1266 3577 pleraque
1306 3515 1453 3563 etiam
1492 3514 1551 3563 de
1588 3514 1818 3577 indagine
1847 3519 2101 3564 causarum
2129 3515 2326 3563 abstru-

0 3602 7 3635 ι
64 3572 389 3646 mmmmm,
426 3586 519 3637 hoc
558 3587 725 3638 libello
768 3585 1128 3650 conspicienda,
1169 3586 1301 3635 dicta
1337 3592 1386 3636 et
1425 3586 1673 3638 intellecta
1711 3595 1872 3651 sunt0,
1911 3588 1972 3637 ad
2015 3603 2158 3651 quem
2199 3601 2326 3634 nunc

0 3660 11 3715 ἰ
68 3655 271 3720 {tempus
306 3663 394 3720 est,
431 3665 488 3708 ut
518 3659 670 3711 lector
706 3666 936 3710 transeat.
1323 3684 1325 3686 ·

0 3745 11 3785 ῃ
72 3738 80 3768 t

0 3791 10 3814 ί

75 3812 82 3868 ,
1030 3831 1369 3843 m

0 3878 85 3934 κ(

1814 3967 1941 4015 20⁴*
