2554 4140
803 129 942 174 Liber
971 129 1185 185 Quartus.
1246 128 1358 173 Pars
1390 127 1608 174 Secunda.
2222 129 2322 179 351

72 283 249 327 teram·
287 275 535 340 periodica
570 277 720 339 igitur
757 283 977 340 tempora
1010 279 1198 326 suntin
1224 276 1534 341 proportione
1571 275 1937 325 intervallorum
1975 273 2326 338 sesquialtera:

74 356 128 398 ut
170 353 214 398 si
250 352 349 399 sint
386 351 613 399 continue
641 349 1035 413 proportionales
1073 349 1185 410 SD,
1223 349 1334 410 SK,
1375 347 1473 408 SA,
1512 347 1619 410 SL,
1660 351 1749 397 erit
1788 355 1841 396 ut
1879 348 1957 397 SL
1996 347 2059 397 ad
2097 346 2208 409 SD,
2258 349 2329 396 sic

72 421 301 485 periodus
338 424 631 486 temporaria
667 421 895 484 planetae
935 423 980 471 A
1018 422 1082 471 ad
1119 422 1323 472 alteram
1359 421 1587 484 planetae
1626 421 1690 473 D
1706 418 1782 486 ⁵⁵)

218 496 420 555 Proba,
475 498 551 542 in
587 498 968 556 comparatione
1005 496 1244 545 binorum
1275 496 1609 557 planetarum
1648 500 1816 543 eoeaete
1851 496 2060 554 pensari
2097 493 2328 542 debilita-

73 570 257 616 tionem
296 570 501 616 virtutis
536 570 782 617 moventis
818 569 882 617 ab
921 567 1281 631 amplitudine,
1333 581 1438 629 qua
1485 580 1702 628 corpora
1747 566 2080 628 planetarum
2120 566 2329 614 mobilia

73 655 188 688 eam
223 646 490 702 occupant.
556 639 825 705 Corporum
864 641 1016 690 moles
1054 655 1141 689 seu
1179 641 1340 704 spatia
1375 645 1490 688 sunt
1527 640 1575 686 in
1613 639 1928 702 proportione
1962 638 2330 687 intervallorum

74 712 253 775 simpla
301 720 349 762 et
388 711 593 774 directa,
648 719 702 761 ut
737 728 886 776 supra
925 721 999 762 est
1036 713 1435 763 demonstratum.
1511 710 1621 760 Hoc
1661 718 1756 772 est,
1803 712 1930 759 sicut
1968 725 2020 759 se
2058 710 2208 759 habet
2245 710 2329 759 SA

74 784 136 832 ad
164 786 264 842 SD,
302 788 373 833 sic
410 801 464 834 se
501 786 652 835 habet
687 785 842 835 moles
882 789 1096 849 corporis
1135 786 1364 850 planetae
1401 788 1450 833 in
1477 785 1521 832 A
1560 784 1623 833 ad
1661 783 1841 834 molem
1879 782 2078 831 alterius
2102 782 2330 849 planetae

76 860 122 904 in
152 858 217 907 D.
272 857 390 907 Jam
428 872 545 907 vero
583 861 729 907 etiam
769 861 923 908 virtus
961 860 1138 908 motrix
1177 858 1328 909 densa
1365 863 1414 907 et
1449 853 1589 907 fortis
1627 863 1700 907 est
1737 858 1786 904 in
1813 857 2124 920 proportione
2150 870 2329 905 eorun-

75 930 185 979 dem
222 930 587 980 intervallorum
626 931 827 994 simpla,
866 931 955 981 sed
993 946 1193 993 eversa3
1248 934 1373 980 sicut
1410 933 1538 980 enim
1576 945 1628 980 se
1668 929 1817 979 habet
1854 928 1980 978 idem
2021 929 2330 978 intervallum

73 1003 157 1052 SA
195 1003 259 1054 ad
297 1004 406 1065 SD,
460 1006 532 1053 sic
578 1019 631 1053 se
678 1004 827 1053 habet
871 1004 1103 1053 tortitudo
1153 1006 1334 1067 speciei
1373 1003 1461 1052 CA
1513 1003 1577 1053 ad
1629 1001 1962 1053 fortitudinem
2003 1003 2185 1065 speciei
2223 1001 2329 1050 FD.

73 1078 203 1139 Ergo
244 1092 342 1139 qua
377 1079 690 1140 proportione
730 1079 883 1126 virtus
921 1079 1018 1125 ista
1056 1077 1353 1136 debilitatur,
1394 1076 1565 1126 eadem
1602 1078 1819 1126 vicissim
1859 1080 2149 1138 occupatum
2192 1076 2328 1124 verbi

75 1164 225 1198 causa
247 1150 485 1198 Saturnus
522 1165 554 1198 a
592 1149 801 1213 decuplo
840 1149 1154 1199 imbecilliore
1193 1152 1373 1198 virtute
1413 1149 1607 1198 vehitur
1644 1164 1793 1213 quam
1818 1148 1985 1210 Terra,
2023 1153 2076 1209 at
2113 1149 2329 1197 vicissim

75 1237 276 1286 corpore
316 1238 406 1272 suo
446 1225 593 1272 etiam
635 1221 843 1285 decuplo
881 1221 991 1285 plus
1031 1221 1090 1272 de
1128 1223 1307 1273 virtute
1341 1237 1463 1273 suae
1501 1224 1714 1286 regionis
1754 1228 1975 1285 occupat,
2015 1236 2162 1284 quam
2181 1220 2331 1270 Terra

74 1309 163 1344 suo
203 1309 405 1358 corpore
443 1295 503 1344 de
541 1310 661 1344 suae
698 1296 911 1358 regionis
950 1296 1158 1358 virtute3
1209 1301 1259 1346 et
1306 1295 1466 1345 divisa
1503 1302 1609 1345 tota
1645 1299 1851 1356 virtute,
1909 1309 2054 1357 quam
2093 1293 2330 1344 Saturnus

75 1376 284 1432 occupat
319 1368 448 1418 mole
485 1383 589 1430 sua,
630 1371 678 1415 in
717 1374 879 1432 partes
919 1368 1099 1429 decem,
1141 1383 1267 1431 quae
1304 1371 1404 1418 sint
1443 1371 1531 1418 toti
1570 1370 1752 1429 virtuti,
1794 1383 1940 1432 quam
1973 1365 2143 1417 Tellus
2183 1382 2332 1416 occu-

74 1448 188 1504 pat,
240 1443 401 1504 spatio
455 1441 714 1504 aequales,
768 1441 1019 1503 quaelibet
1055 1442 1226 1491 harum
1263 1443 1474 1506 partium
1511 1457 1600 1492 seu
1640 1443 1910 1506 spatiorum
1950 1443 2143 1490 virtutis
2181 1440 2332 1490 habet

0 1577 3 1580 ,
75 1513 315 1564 decimam
351 1513 659 1564 solummodo
697 1521 884 1578 partem
922 1514 1218 1564 fortitudinis
1257 1515 1379 1578 ejus,
1420 1530 1566 1578 quam
1604 1515 1754 1565 habet
1784 1530 1884 1564 una
1921 1513 2021 1575 illa,
2063 1528 2332 1577 quamac-

77 1594 225 1651 cupat
262 1587 444 1637 Terra:
497 1602 645 1650 quare
694 1587 862 1637 decem
900 1586 1043 1649 illae,
1084 1587 1252 1638 decem
1288 1590 1392 1637 suis
1432 1588 1631 1638 decimis
1669 1591 1716 1637 in
1756 1603 1905 1638 unum
1943 1587 2186 1649 collectis,
2237 1601 2332 1650 po-

75 1667 253 1710 testate
291 1667 404 1710 sunt
440 1660 674 1723 aequales
713 1660 783 1708 illi
821 1662 1021 1719 unicae,
1076 1675 1174 1724 qua
1212 1661 1364 1711 Terra
1402 1661 1611 1711 vehitur.
1686 1662 1862 1724 Itaque
1906 1662 1949 1710 si
1986 1662 2035 1708 in
2074 1660 2160 1710 illa
2196 1660 2333 1724 globi

75 1733 293 1783 Saturnii
328 1735 525 1783 rarioris
561 1732 882 1797 amplitudine
920 1748 1017 1782 non
1056 1741 1185 1783 esset
1221 1733 1333 1798 plus
1370 1737 1628 1795 materiae,
1682 1750 1829 1799 quam
1867 1736 1916 1783 in
1953 1735 2185 1797 angustia
2223 1747 2333 1782 cor-

70 1808 207 1872 poris
245 1806 425 1856 Terrae
465 1805 727 1867 densioris,
773 1806 970 1855 Saturni
1008 1807 1188 1868 globus
1225 1810 1275 1856 in
1312 1822 1410 1857 uno
1447 1823 1574 1858 anno
1611 1822 1698 1871 per
1734 1814 1923 1857 tantum
1960 1808 2174 1870 spatium
2210 1820 2332 1870 pro-

76 1879 333 1930 veheretur
371 1879 501 1928 orbis
538 1882 630 1941 sui,
670 1885 852 1942 quanta
887 1886 962 1928 est
996 1879 1252 1943 longitudo
1293 1883 1442 1930 totius
1469 1882 1654 1932 orbitae
1682 1881 1878 1943 Terrae,
1919 1886 1968 1930 et
1992 1875 2138 1929 sicin
2167 1878 2334 1929 decem

75 1955 216 2002 annis
266 1952 524 2002 conficeret
570 1967 711 2002 suam
755 1954 1003 2016 propriam
1050 1954 1277 2006 orbitam.
1352 1956 1418 2004 At
1455 1969 1584 2004 nunc
1622 1956 1810 2005 circiter
1844 1952 1991 2018 triplo
2029 1952 2141 2017 plus
2179 1952 2332 2003 habet

75 2027 309 2077 materiae
347 2033 396 2076 et
431 2025 674 2090 ponderis,
716 2040 863 2090 quam
890 2026 1055 2088 Terra,
1097 2041 1247 2090 quare
1284 2028 1430 2091 triplo
1467 2027 1661 2093 longius
1702 2034 1894 2092 tempus
1920 2027 2134 2090 requirit,
2175 2041 2332 2076 annos

76 2114 144 2151 sc.
171 2100 396 2162 triginta.

226 2172 366 2236 Quid
407 2186 536 2234 opus
580 2172 708 2235 fuit,
759 2172 893 2221 hanc
937 2173 1396 2234 compensationem
1434 2173 1645 2224 docere?
1697 2176 1784 2223 An
1821 2188 1928 2224 non
1967 2187 2125 2236 aeque
2160 2172 2337 2236 fuisset

71 2245 223 2309 facile
259 2245 330 2293 ad
364 2244 727 2306 expediendam
766 2245 1260 2306 demomtrationem,
1298 2253 1533 2308 statuere,
1573 2247 1712 2310 quod
1739 2248 1890 2296 nulla
1908 2247 2067 2309 plane
2091 2248 2155 2294 sit
2180 2259 2334 2294 causa

71 2318 363 2380 ,inaequalis
411 2318 527 2366 talis
576 2324 767 2379 motus,
822 2333 914 2367 nec
956 2320 1013 2366 in
1051 2318 1261 2367 diversis
1295 2320 1541 2382 aradibus
1578 2324 1783 2370 virtutis
1819 2323 2068 2370 motoriae
2080 2356 2097 2381 ,
2151 2333 2243 2367 nec
2279 2321 2335 2367 in

75 2391 277 2441 diversa
311 2390 579 2452 yloborum
611 2391 1028 2453 planetariorum
1071 2392 1446 2454 amplitudine?
1506 2392 1585 2443 Ad
1621 2394 1750 2444 hanc
1788 2393 1986 2457 quidem
2024 2392 2333 2443 demonstra-

77 2466 257 2514 tionem
305 2462 607 2513 diversarum
654 2465 701 2511 in
754 2463 967 2527 planetis
1016 2463 1325 2526 periodorum
1377 2480 1640 2530 earumque
1685 2467 2037 2531 proportionis,
2091 2464 2223 2528 quod
2273 2467 2336 2513 sit

0 2562 1 2599 ;
76 2535 403 2599 sesquialtera
438 2537 767 2598 proportionis
806 2535 1189 2598 intervallorum,
1225 2537 1348 2586 nihil
1388 2540 1617 2602 interfuit,
1656 2540 1751 2590 hoc
1777 2555 1838 2590 an
1868 2539 1988 2588 illud
2013 2543 2334 2588 statueretur:

0 2628 2 2669 ς
77 2616 129 2660 at
162 2612 204 2658 si
237 2610 344 2671 jam
382 2608 446 2659 ad
484 2610 627 2657 unius
666 2615 714 2658 et
750 2609 968 2672 ejusdem
1005 2609 1234 2672 planetae
1273 2610 1494 2661 diversas
1531 2626 1691 2663 moras
1729 2615 1779 2662 in
1819 2612 2024 2662 diversis
2062 2610 2335 2660 intervallis

76 2683 319 2745 progressi
359 2682 639 2741 fuissemus,
676 2696 874 2733 causam
912 2681 1139 2745 expedire
1175 2697 1273 2732 non
1313 2686 1666 2748 potuissemus,
1708 2701 1769 2737 ex
1806 2685 1979 2736 eodem
2018 2683 2216 2748 quidem
2253 2698 2334 2733 re-

76 2770 182 2804 rum
218 2769 411 2817 genere,
451 2768 535 2803 cur
572 2768 738 2805 morae
777 2757 825 2804 in
862 2756 1072 2805 arcubus
1110 2758 1329 2819 praecise
1366 2759 1658 2822 aequalibus
1697 2765 2015 2823 sequerentur
2051 2758 2333 2821 proportio-

77 2842 190 2879 nem
229 2827 613 2878 intervallorum.

226 2901 371 2965 Quae
408 2907 478 2950 est
514 2903 673 2963 ἱρέων
709 2914 889 2962 eausa,
941 2915 1060 2958 eur,
1102 2916 1202 2964 quo
1239 2903 1440 2965 lonyius
1475 2919 1510 2953 a
1547 2904 1662 2955 Sole
1697 2904 1851 2953 distat
1886 2917 2038 2955 araus
2075 2902 2335 2952 eceentriei

78 2974 287 3036 quilibet
323 2989 385 3024 ex
422 2973 748 3036 aequalibus,
795 2973 887 3023 hoe
923 2974 1170 3037 tonyiores
1205 2977 1262 3024 in
1299 2990 1356 3025 eo
1393 2991 1564 3027 moras
1598 2978 1808 3040 planeta
1845 2981 2038 3037 nectat,
2089 2975 2241 3039 idque
2277 2977 2334 3024 in

78 3049 329 3109 ipsissima
371 3048 703 3109 proportione
747 3046 1179 3097 intervallorum?
1239 3047 1356 3134 Ipsa
1408 3051 1633 3099 nimirum
1686 3049 1771 3098 illa
1828 3047 2100 3099 debilitatio
2140 3049 2334 3098 virtutis

6 3131 8 3155 Ξ
78 3122 317 3182 motrieis,
375 3126 431 3170 ut
468 3134 594 3182 quae
632 3133 730 3168 non
768 3132 910 3168 secus
949 3133 1096 3181 quam
1132 3118 1217 3169 lux
1263 3123 1312 3169 in
1351 3120 1434 3170 SD
1471 3122 1682 3185 longiori
1719 3121 1978 3173 intervallo
2017 3136 2049 3171 a
2083 3121 2201 3172 Sole
2241 3136 2331 3172 ex·-

7 3233 10 3239 ,
45 3246 57 3258 .
80 3192 290 3242 tenditur
336 3194 385 3241 in
436 3192 639 3256 longum
676 3192 764 3240 ΕΙ)
802 3190 1068 3256 prolixius,
1115 3206 1263 3254 quam
1300 3198 1375 3242 est
1411 3193 1501 3243 ΒΑ
1541 3196 1761 3245 extensio
1800 3193 2021 3258 ejusdem
2061 3200 2242 3258 quotae
2281 3196 2331 3243 in

8 3286 9 3291 =
81 3263 289 3315 breviori
328 3265 587 3316 intervallo
612 3264 725 3328 SA3
765 3267 929 3327 itaque
967 3263 1100 3327 quod
1140 3271 1256 3315 tunc
1291 3265 1353 3315 de
1392 3280 1452 3315 ea
1488 3274 1755 3331 occupatur
1791 3284 1820 3317 a
1859 3281 2061 3332 corpore
2085 3267 2332 3332 planetae,

81 3343 136 3389 ut
172 3338 286 3399 FD,
324 3338 374 3388 id
411 3345 486 3388 est
523 3337 760 3399 debilius,
802 3352 949 3400 quam
988 3335 1120 3400 quod
1159 3338 1224 3387 ab
1260 3337 1431 3388 eodem
1469 3339 1572 3403 CA,
1610 3342 1826 3442 propiori
1863 3341 2021 3404 facto,
2066 3346 2335 3405 occupatur

82 3407 142 3461 de
179 3412 356 3462 virtute
395 3411 623 3462 densiori.

224 3483 320 3534 Hic
357 3486 486 3534 enim
522 3491 620 3535 tres
658 3483 876 3545 reliquae
915 3496 1093 3532 causae
1132 3482 1274 3532 nobis
1314 3481 1504 3533 desunt.
1582 3484 1738 3536 Arcus
1788 3488 1915 3537 enim
1954 3501 2044 3537 seu
2081 3488 2173 3536 iter
2210 3501 2333 3550 sup-

12 3555 15 3609 {
82 3557 276 3616 ponitur
321 3559 547 3620 utrinque
595 3556 813 3619 ejusdem
863 3554 1204 3617 longitudinis,
1256 3560 1310 3603 ut
1347 3554 1472 3613 DH,
1509 3557 1607 3620 A13
1661 3562 1876 3623 corporis
1914 3558 2130 3610 densitas
2168 3565 2334 3609 manet

86 3626 282 3689 eadem,
321 3629 504 3693 figurae
542 3631 792 3693 quantitas
831 3628 1024 3687 itidem,
1075 3630 1191 3690 quia
1229 3628 1317 3677 ΡΙ)
1355 3635 1405 3678 et
1443 3629 1528 3680 CA
1569 3637 1644 3681 est
1680 3631 1761 3683 hic
1800 3647 1924 3683 unus
1963 3640 2013 3682 et
2050 3632 2178 3683 idem
2216 3633 2330 3696 pla-

15 3730 18 3740 .
86 3707 227 3749 neta:
265 3707 415 3753 restat
449 3703 558 3753 sola
594 3701 828 3752 tortitudo
868 3701 1075 3751 virtutis.
1151 3698 1249 3750 Sed
1287 3699 1347 3751 de
1386 3701 1479 3752 hoc
1515 3703 1657 3767 plura
1695 3707 1742 3755 in
1781 3706 2113 3769 sequentibus.

241 3772 451 3824 Videtur
493 3776 572 3824 hic
617 3789 880 3826 occurrere
929 3772 1201 3836 difficultas
1257 3774 1437 3837 aliqua
1494 3791 1664 3837 mayor
1708 3792 1867 3841 quam
1913 3793 2092 3841 supra.
2193 3776 2332 3826 Nam

17 3811 317 3908 manaa,
361 3850 706 3911 propinquior
745 3848 851 3899 Soti
893 3848 1083 3911 faetus,
1138 3860 1245 3896 non
1289 3846 1536 3912 lonqiores
1583 3856 1786 3900 tantum
1832 3866 1985 3901 arcus
2034 3851 2095 3901 de
2131 3850 2332 3899 circulis
