2554 4140
858 121 1000 168 Liber
1016 96 1216 167 Sextus.⁴
1273 102 1388 167 Pars
1418 110 1585 192 Tertia.
1714 106 1719 113 ’
2246 114 2353 176 '455

98 269 402 320 sensibilem'
416 271 603 319 obtinet
640 269 1082 331 eccentricitatem‚
1118 243 1391 331 Mercurius
1430 271 1646 318 omnium
1684 271 1948 319 maximam
1998 275 2048 320 et
2084 270 2354 331 evidentis·-

99 345 288 391 simam.
361 341 415 408 2)
453 341 582 405 Quia
621 343 861 392 Venerem
900 345 1027 393 circa
1064 335 1246 406 aphelii
1282 321 1445 396 locum
1482 341 1588 409 (seu
1626 345 1674 391 in
1714 343 1797 405 l,
1840 343 1923 409 ὅ,
1972 352 2067 396 m
2083 342 2355 392 incidente

98 415 232 466 11333
271 431 331 465 ex
369 415 484 464 Sole
529 426 615 479 per
651 413 817 481 sidus)
846 405 1157 466 observatam
1204 424 1304 463 non
1331 411 1710 477 adscripserunt
1757 422 1970 476 vetereS,
2022 418 2071 463 in
2105 406 2352 465 Mercurio
2410 423 2413 426 ’

97 489 260 550 plnres
299 496 348 538 et
385 489 736 561 commodiores
773 489 972 539 relictae
1009 496 1123 538 sunt
1163 479 1548 537 observatione&
1615 487 1690 555 ”3)
1727 487 1857 572 Quia
1906 488 2095 538 theoria
2133 489 2263 539 Solis
2302 491 2352 537 in
2395 522 2397 524 -

97 563 394 610 astronomia
433 564 588 611 veteri
623 576 717 609 non
758 569 889 617 caret
928 565 1098 612 erroris
1136 557 1414 631 suspicione
1464 563 1594 609 cirea
1629 562 1840 623 apogaei
1877 558 2039 610 locum
2093 568 2141 611 et
2179 560 2363 611 33333-’
2394 574 2397 578 ·

78 632 320 694 ,31333ιί3
358 636 709 697 quantitatem3
755 642 807 684 at
844 649 961 684 vero
1001 641 1224 685 vetustae
1265 624 1473 682 Veneris*
1507 635 1572 682 et'.
1593 630 1821 682 Mercurii
1870 632 2206 696 elongationes
2243 649 2374 685 ma·
2440 669 2443 672 >
2507 628 2519 638 ”

94 708 255 755 ximae
301 709 405 756 sine
453 711 728 771 cognitione
778 709 881 773 veri
929 707 1043 756 1031
1065 706 1193 757 Solis
1244 706 1332 754 ad
1345 706 1432 755 illa
1471 706 1699 779 tempora
1734 709 2000 755 mensurari
2047 714 2226 771 exacte
2254 723 2362 764 non,
2424 729 2426 731 ·

96 785 314 842 possunt,
357 782 528 829 vitium
568 795 682 829 vero
723 780 835 830 hinc
863 770 1029 829 ortum
1054 786 1210 851 nocet
1247 793 1430 843 parvae
1468 774 1701 858 Veneris
1709 771 2097 842 eccentr-icitati3
2146 790 2253 830 ιι.οιι
2281 783 2353 831 ita

94 858 238 925 nocet
273 867 480 916 magnae
517 853 761 903 Mercurii.
1565 869 1573 877 ·

169 955 174 960 ·
240 940 380 989 Num
419 947 589 991 tamen
627 949 674 991 et
709 947 892 990 veteres
927 937 1297 1004 subolfecerunt
1327 938 1445 990 loca
1471 928 1789 1004 apheliorum
1804 938 1998 997 horum
2021 938 2352 1003 planetarum

94 1019 141 1061 et
177 1028 283 1075 qua
321 1014 417 1063 re?
489 1014 611 1063 Cum
660 1021 851 1064 veteres
889 1013 1037 1083 illos,
1094 1028 1217 1076 quos
1261 1008 1343 1062 hic
1378 1003 1683 1077 appellamus
1731 998 2051 1073 3333331303,
2106 1012 2351 1077 epicyclos

94 1084 389 1157 appellatos
407 1088 677 1150 aequaliter
716 1089 841 1136 circa
879 1090 1087 1151 puncta,
1140 1085 1301 1142 medio
1341 1084 1470 1141 Solis
1509 1084 1630 1135 loco
1671 1084 2039 1151 respondentia,
2090 1082 2370 1135 ordinave-⁴

93 1160 210 1218 rint,
265 1162 348 1225 qui
386 1166 548 1210 tamen
588 1167 635 1210 et
675 1161 800 1209 circa
836 1158 922 1208 illa
959 1165 1144 1222 puncta
1182 1164 1230 1209 et
1267 1160 1395 1207 circa
1432 1160 1591 1224 ipsum
1639 1160 1809 1217 verum
1847 1156 2008 1207 1033ιιι
2048 1154 2179 1207 Solis
2217 1158 2353 1207 ordi-

93 1230 241 1279 nandi
279 1233 471 1282 fuerunt
507 1233 845 1295 inaequalibus
884 1232 1175 1292 intervalliS,
1228 1239 1288 1291 ex
1327 1231 1444 1280 orbe
1483 1246 1600 1282 vero
1630 1219 1820 1293 ,magno
1859 1232 2034 1291 33130,
2082 1233 2165 1296 qui
2205 1233 2352 1299 etiam

95 1307 390 1355 eceentricus
441 1313 515 1355 est
551 1321 583 1355 3
620 1305 762 1366 Sole,
818 1304 939 1363 duos
979 1304 1212 1354 iecerint
1232 1305 1526 1372 eecentricos
1563 1304 1870 1353 inferiorum:
1910 1304 2091 1353 factum
2145 1310 2247 1364 est,
2293 1310 2355 1356 ut

92 1384 297 1441 utraque
337 1381 684 1439 eecentricitas,
724 1386 823 1427 tam
865 1378 1011 1427 orbis'
1033 1379 1224 1442 magni,
1250 1367 1418 1445 quam
1459 1371 1713 1430 eecen'trici
1752 1376 1979 1445 planetae
2017 1375 2179 1446 (nobis
2219 1373 2354 1443 dicti)

95 1448 500 1501 confunderentur
537 1454 586 1500 in
626 1453 926 1501 astronomia
964 1452 1117 1501 veteri
1155 1451 1205 1507 in
1242 1460 1406 1511 unam,
1447 1451 1589 1518 cujus
1623 1451 1846 1514 respectu
1875 1441 2189 1499 Ptolemaeus
2223 1465 2372 1514 apo-v

91 1535 266 1585 gaeum
305 1523 512 1574 Veneris
548 1527 597 1573 in
640 1523 734 1573 25⁰
782 1524 828 1585 ὅ
872 1524 1119 1589 prodidit,
1173 1522 1400 1573 Mercurii
1439 1525 1488 1571 in
1533 1511 1788 1585 10⁰½1ss3
1837 1521 1887 1570 13
1925 1523 2000 1573 his
2047 1519 2194 1585 igitur
2230 1523 2354 1572 locis

92 1596 243 1645 latent
291 1600 501 1661 vestigia
547 1598 848 1663 apheliorum
900 1603 1195 1659 nostrorum.
1275 1596 1400 1645 Nam
1453 1599 1570 1660 quia
1618 1592 1951 1653 eccentricitas
2003 1597 2133 1646 orbis
2186 1591 2353 1659 magni
2435 1643 2439 1646 ,
2508 1628 2512 1632 -

33 1705 43 1712 .
90 1669 243 1719 multo
285 1672 440 1734 major
477 1678 550 1721 est
587 1672 943 1721 eccentrici-tate
957 1669 1212 1737 Veneris,
1242 1669 1371 1727 ,ideo
1411 1676 1600 1720 veteres
1650 1674 1926 1735 apogaeum
1966 1669 2172 1719 Veneris
2209 1659 2372 1719 inve·
2462 1687 2465 1691 ·

91 1749 265 1792 nerunt
302 1744 456 1793 multo
496 1745 695 1810 propius
734 1758 956 1809 apogaeo
997 1743 1311 1811 Solis,tur10
1348 1745 1396 1791 in
1442 1741 1532 1792 10ο
1572 1745 1638 1805 Π
1680 1744 1918 1804 versanti,
1963 1756 2118 1806 quam
2156 1739 2352 1808 aphelio

93 1816 310 1889 Veneris,
351 1821 399 1865 in
442 1819 502 1884 ,ὅ
550 1819 789 1878 versanti,
808 1819 952 1867 -inter
990 1823 1248 1879 utrumque
1271 1819 1475 1877 tamen,
1517 1817 1656 1880 qu'ia,
1704 1810 1759 1864 ut
1792 1815 1921 1875 dixi,
1977 1815 2207 1865 confusae
2244 1816 2354 1865 fue·

93 1895 200 1938 rant
236 1892 285 1937 in
327 1905 472 1940 unam
511 1890 636 1941 duae
675 1892 1075 1940 eecentricitates.
1095 1944 1102 1952 ,
1151 1890 1381 1951 Vicissim
1424 1891 1540 1952 quia
1573 1889 1905 1939 eccentricitas
1933 1888 2161 1939 Mercurii
2199 1889 2355 1955 multo

27 1985 29 1992 ι
92 1962 248 2026 major
286 1965 362 2013 es't
400 1965 756 2014 eceentricitate
796 1964 927 2029 orbis
946 1965 1155 2026 magni,
1196 1947 1310 2011 ideo
1348 1960 1578 2012 Mercurii
1617 1972 1918 2038 apogaeum,
1973 1963 2151 2024 veteris
2191 1952 2353 2011 astro-

92 2038 285 2086 nomiae
322 2039 592 2088 intentione
631 2025 970 2098 constitutum,
1022 2035 1176 2085 multo
1227 2037 1428 2122 propius
1467 2036 1720 2085 inventum
1768 2034 1844 2085 est
1882 2018 2079 2099 aphelio
2117 2035 2348 2085 Mercurii

95 2111 146 2156 in
184 2107 243 2156 4⁰
282 2113 348 2175 m
388 2113 639 2173 existenti,
693 2123 838 2174 quam
887 2123 1109 2178 apogaeo
1149 2102 1278 2159 Solis
1321 2110 1373 2157 iii
1417 2106 1508 2157 10ο
1547 2110 1614 2170 Π
1654 2107 1893 2170 versanti,
1947 2120 2161 2157 rursum
2189 2114 2375 2158 tamen-

94 2184 217 2231 inter
262 2189 518 2247 utrumque
568 2190 785 2248 propter·
812 2184 1038 2233 confusas
1087 2181 1485 2257 eccentricitates.
1554 2180 1786 2244 Alterum
1838 2187 2204 2245 argumentum,
2257 2196 2353 2245 quo

93 2254 405 2306 Ptolemaeus
454 2259 782 2317 convincitur,
837 2251 1154 2308 observasse
1176 2246 1461 2320 epicyclos
1457 2263 1586 2329 'suos
1638 2266 1668 2305 a
1714 2262 1944 2319 suscepto
1998 2253 2353 2306 mediocritatis

95 2335 276 2426 puncto
315 2333 631 2392 eccentricos,
672 2328 783 2379 vide
819 2330 944 2379 infra
981 2332 1030 2377 in
1070 2328 1341 2379 latitudine.
1761 2359 1766 2362 -
1994 2362 2000 2369 -

245 2402 457 2466 Quanta
497 2408 566 2452 est
602 2404 937 2453 eccentricitas
974 2391 1295 2467 mser-iorum,
1336 2406 1382 2450 et
1418 2414 1549 2463 quae
1585 2399 1787 2458 orbium
1825 2399 2086 2463 dimensio,
2125 2415 2356 2454 commu·
2385 2414 2389 2419 ·

96 2476 179 2524 πίε
216 2490 331 2524 cum
371 2477 488 2526 orbe
523 2476 752 2540 mayno?
823 2474 968 2525 Hanc
1005 2484 1203 2539 quoque
1242 2481 1384 2524 vetus
1423 2475 1616 2537 ignorat
1643 2475 1973 2533 astronomia,
1989 2473 2120 2524 adeo
2155 2480 2209 2522 ut
2247 2487 2358 2523 cum

97 2549 239 2597 trium
278 2551 581 2611 superiorum
620 2549 762 2599 orbes
801 2554 849 2598 et
887 2548 1103 2613 epieylos
1140 2552 1303 2610 tantos
1340 2548 1503 2607 faeiat,
1525 2551 1781 2610 quantum
1806 2549 1964 2610 poscit
1999 2547 2125 2596 ratio
2152 2543 2354 2605 mecha,-

98 2623 221 2681 niea‚
262 2624 519 2685 contiguas
558 2622 772 2672 theorias
809 2626 999 2671 struens
1041 2615 1260 2686 (quippe.
1281 2621 1487 2668 sursum'
1510 2618 1578 2667 illi
1618 2619 1738 2668 nihil
1772 2620 2011 2680 obstante,
2050 2619 2142 2669 sed
2182 2619 2353 2680 liber0,

97 2701 351 2757 quousque
388 2695 538 2756 lubet,
578 2695 775 2745 aethere
811 2694 1053 2758 patente),
1089 2695 1193 2756 jam
1232 2694 1354 2741 infra
1368 2691 1544 2743 Solem
1583 2692 1737 2742 10333
1759 2694 1887 2741 hunc
1922 2695 2046 2741 inter
2084 2692 2132 2742 et
2159 2691 2349 2741 Lunam

96 2781 192 2825 non
230 2767 439 2816 sufficiat
477 2767 780 2831 recipiendis,
822 2780 945 2831 quos
984 2770 1138 2816 vetus
1166 2765 1464 2815 astronomia
1501 2765 1577 2814 his
1615 2765 1922 2828 inferioribus
1962 2758 2166 2829 affingit,
2214 2766 2349 2825 orbi-

97 2840 215 2901 hus3
253 2846 413 2893 stante
453 2840 650 2904 quidem
689 2840 1008 2889 dimensione
1028 2838 1215 2889 orbium
1255 2839 1411 2899 Solis,
1459 2851 1605 2901 quam
1642 2826 1716 2887 1111
1754 2830 2078 2888 tradiderunt,
2147 2837 2213 2886 At
2245 2837 2355 2888 Co·
2382 2859 2411 2867 ·⁴
2452 2883 2455 2893 ,

85 2914 360 2979 peruicacia
398 2914 696 2963 astronomia
732 2915 1096 2983 proportiones
1107 2912 1197 2962 has
1234 2910 1420 2977 prodit.

73 3006 229 3067 ,Orbis
260 3011 410 3067 'magni
433 3017 483 3055 ut
505 3025 642 3082 supra
663 3011 769 3056 dist.
790 3007 972 3068 aphelia
999 3011 1168 3056 101800
1226 3004 1568 3062 Eccentrieitas,
1573 3006 1799 3088 qualium
1821 2975 2153 3063 semidiameter
2177 2986 2356 3067 100000

4 3126 7 3131 ,
98 3072 338 3120 Mediocris
375 3109 414 3131 ,·
476 3111 486 3121 .
549 3110 560 3120 .
599 3131 602 3137 Ι
624 3109 927 3121 .....
990 3076 1162 3122 100000
1223 3111 1233 3122 .
1297 3109 1306 3119 .
1371 3108 1380 3118 .
1446 3109 1456 3119 .
1594 3108 1603 3119 .
1667 3106 1676 3117 .
1740 3103 1758 3118 .-
1814 3107 2121 3120 .....
2240 3077 2357 3127 1800

4 3138 8 3181 ἔ
98 3139 324 3186 Perihelia
406 3176 416 3186 .
483 3174 491 3183 .
566 3183 569 3186 .
612 3176 637 3203 η.
703 3177 713 3188 .
776 3175 784 3184 .
830 3174 859 3198 ,.
921 3173 931 3184 .
1022 3138 1166 3185 98200
1217 3157 1221 3161 ·
1339 3138 1346 3144 ’
1705 3151 1713 3159 ·
1866 3165 1867 3169 =
1952 3158 1954 3160 ·
2074 3155 2079 3162 ·

6 3244 8 3253 r
82 3205 286 3262 θἱῖ333ι13
316 3205 495 3264 aphelia
562 3244 571 3254 ,
627 3242 638 3252 .
701 3242 710 3251 .
775 3238 787 3250 .
847 3237 856 3247 .
917 3239 927 3250 .
1012 3205 1182 3251 72900·
1554 3244 1569 3258 .,
1725 3253 1733 3261 ‚
1979 3221 1983 3226 ·
2051 3238 2054 3242 .
2413 3260 2416 3263 Ι

100 3270 361 3317 Mediocris·
403 3302 922 3318 ........
1013 3270 1158 3315 72400
1218 3306 1227 3316 .
1251 3268 1259 3317 f
1294 3302 1305 3315 .
1344 3272 1377 3315 ’.
1441 3304 1451 3315 .
1480 3308 1486 3314 .
1514 3304 1523 3313 .
1588 3303 1600 3317 .
1663 3305 1675 3317 .
1732 3281 1749 3316 ἱ.
1811 3306 1822 3318 .
1886 3306 1898 3318 .
1961 3267 1972 3318 .’
2032 3305 2045 3319 .
2073 3276 2079 3283 ’
2105 3306 2117 3320 .
2248 3274 2352 3326 ,694

102 3337 326 3383 Perihelia
405 3363 983 3384 .........
1015 3334 1161 3380 71900
1283 3368 1289 3374 -
1665 3353 1667 3355 ·
1709 3336 1715 3342 ’
2086 3344 2089 3349 “
2248 3357 2256 3367 ·

77 3398 313 3449 ‘Mercurii
340 3403 522 3461 'aphelia
553 3432 931 3448 ......
967 3419 972 3430 1
1019 3399 1162 3445 46955
1251 3423 1258 3434 ι
1553 3413 1557 3417 ·
1595 3451 1599 3456 ff
1700 3425 1703 3429 -
1734 3443 1736 3446 ,
1791 3461 1794 3465 Δ
2119 3450 2124 3460 ι
2255 3401 2258 3405 ’
2463 3443 2468 3447 ,
2504 3424 2506 3427 -

100 3468 343 3515 Mediocris
404 3499 931 3516 ........
1020 3465 1163 3510 38806
1222 3498 1234 3514 .
1296 3480 1315 3509 .·
1366 3495 1823 3515 ........
1883 3476 1894 3516 ’.
1959 3501 1970 3516 .
2032 3485 2073 3518 .·
2111 3500 2125 3519 ι.
2206 3473 2352 3520 21000
2415 3523 2418 3527 ,
2462 3467 2464 3469 ’

9 3564 12 3576 ,
87 3533 326 3605 ruthena
364 3567 640 3581 .....
662 3521 667 3528 ’
702 3552 1046 3578 ......
1022 3527 1185 3576 0657·

253 3623 561 3688 Caper-nicus
599 3631 771 3674 tamen
808 3627 912 3685 ipse
950 3625 1108 3671 etiam
1144 3623 1318 3685 plures
1354 3623 1494 3672 orbes
1541 3626 1598 3673 in
1634 3587 1962 3689 inferioribus
1997 3631 2201 3690 statuit,
2255 3629 2350 3677 ad-

11 3743 13 3751 ,
100 3698 223 3758 jecto
284 3701 434 3746 etiam
491 3705 712 3748 eoseum-o
781 3698 1004 3745 eoseum-i.
1095 3694 1152 3742 Id
1215 3694 1318 3742 illi
1349 3696 1569 3746 accidit.
1598 3706 1790 3762 propter
1847 3701 2118 3764 ignoratam
2182 3712 2348 3752 veram

11 3823 15 3860 1

102 3769 236 3817 orbis
273 3773 433 3835 magni
472 3772 902 3828 eccentricitatem,
942 3767 1095 3830 quod
1110 3763 1239 3817 esset
1276 3766 1447 3818 saltem
1486 3769 1685 3835 dimidia
1724 3773 1854 3835 ejus,
1909 3785 2054 3838 quam
2094 3775 2198 3837 ipse
2237 3787 2346 3823 cum

12 3879 14 3890 .
108 3843 354 3904 veteribus
390 3843 616 3904 eredidit,
670 3843 907 3907 reliquum
945 3841 1202 3905 perficeret
1230 3853 1462 3939 aequans
1535 3829 1752 3908 Quanto
1766 3847 1915 3911 igitur
1962 3848 2090 3902 ultra
2127 3846 2345 3902 debitum
