2554 4140
857 151 993 198 Liber
1024 151 1205 196 Sextus.
1264 150 1376 194 Pars
1408 117 1586 207 Quinta.
2217 140 2221 142 ’
2249 157 2346 204 511

100 304 318 352 diversos
356 301 486 351 Solis
523 302 646 349 situs
683 301 735 347 in
773 308 948 362 quarta
986 303 1145 350 ortiva
1183 298 1262 348 vel
1301 297 1529 360 occidua,
1585 297 1764 347 circulo
1802 299 2070 349 meridiano
2111 278 2350 360 distincta,

99 382 315 440 praestat
352 391 411 423 ex
448 374 775 423 schematibus
818 380 902 422 aut
941 374 1177 437 sphaerae
1217 387 1302 421 seu
1349 371 1482 433 globi
1536 374 1776 433 contuitu,
1834 387 1980 436 quam
2029 371 2209 436 regulis
2250 371 2351 420 dis-

103 463 224 498 cere.
300 448 362 495 Et
416 453 575 496 exstat
626 446 821 496 schema
869 448 1099 496 idoneum
1153 445 1283 509 apud
1332 443 1613 519 Tychonem
1664 445 1822 494 Brahe
1861 445 2351 510 Progymnasmatum

6 552 8 555 -
102 521 186 571 sol.
230 522 346 571 136.

249 593 389 641 Doce
439 598 736 654 computa-re
793 593 1047 655 anyulum
1092 589 1232 639 RSE
1275 589 1528 651 eclipticae
1582 604 1698 637 cum
1744 591 1971 639 verticali
2013 607 2110 654 per
2161 597 2352 639 certum

104 668 211 728 ejus
239 673 508 728 punctum,
547 671 717 728 utpote
748 682 845 729 per
882 671 1111 713 centrum
1151 663 1279 712 Solis
1302 661 1339 711 S
1376 661 1621 711 traducto.
1683 662 1819 712 Modi
1858 664 2003 726 hujus
2041 664 2353 727 computandi

104 745 217 790 sunt
265 744 489 802 quatuor.
571 741 615 786 1.
665 739 719 788 Si
767 739 974 788 habetur
1024 735 1229 785 altitudo
1268 734 1396 784 Solis
1449 740 1496 784 et
1547 734 1753 784 altitudo
1793 739 2097 798 nonagesimi
2135 752 2222 786 seu
2261 752 2352 785 an-

104 811 247 876 gulus
300 813 524 872 otientiS,
578 825 636 860 ex
683 814 743 860 iis
791 810 1150 874 computabitur
1198 807 1404 870 angulus
1459 808 1722 857 secundum
1775 809 2042 858 doctrinam
2092 810 2174 858 fol.
2231 812 2351 858 241.

104 886 216 935 libri
253 885 343 933 III.
385 884 464 933 vel
502 883 751 934 additione
792 881 1304 946 antilogarithmorum
1337 883 1601 944 utriusque,
1641 887 1695 930 ut
1732 880 1819 930 fiat
1843 881 2159 945 logarithmus
2200 897 2354 945 quaea-

107 959 203 1008 siti.
280 960 329 1005 2.
370 957 423 1006 Si
460 957 667 1007 habetur
705 958 921 1007 azimuth
951 955 1079 1005 Solis
1118 962 1165 1003 et
1202 954 1408 1003 altitudo
1445 956 1746 1020 nonagesimi
1785 970 1871 1004 scu
1908 956 2116 1018 angulus
2155 958 2352 1004 orientis

105 1037 151 1082 et
177 1030 411 1079 distantia
449 1031 555 1092 ejus
594 1047 625 1079 a
662 1032 1008 1094 nonagesimo:
1050 1029 1183 1076 aufer
1222 1028 1365 1089 hujus
1403 1027 1746 1091 logarithmum
1786 1043 1845 1077 ex
1879 1028 2169 1091 logarithmo
2208 1028 2353 1090 illius,

107 1103 357 1154 residuum
396 1103 522 1153 adde
561 1103 623 1152 ad
662 1103 1109 1166 antilogarithmum
1150 1100 1418 1150 altitudinis
1443 1103 1757 1164 nonagesimi,
1797 1102 1882 1152 fiet
1905 1096 2225 1164 logarithmus
2264 1116 2355 1150 an-

3 1174 13 1191 ⁰
107 1177 210 1242 guli
260 1179 482 1239 quaesiti.
561 1178 608 1224 3.
662 1177 716 1226 Si
762 1177 969 1225 habetur
1005 1174 1146 1223 RVA
1194 1173 1402 1236 angulus
1451 1174 1696 1223 verticalis
1734 1174 1827 1223 RV
1878 1190 1987 1224 cum
2035 1175 2131 1224 AV
2182 1176 2354 1238 aequi-

103 1249 303 1300 noctiali
341 1250 423 1313 (de
463 1249 600 1311 cujus
640 1251 1000 1313 computatione
1037 1249 1175 1296 varia
1212 1246 1323 1295 vide
1361 1247 1483 1296 libro
1509 1247 1600 1295 III.
1634 1248 1719 1297 fol.
1750 1247 1907 1313 224.),
1948 1249 2125 1298 adhibe
2165 1249 2235 1296 illi
2262 1263 2355 1297 an-

34 1337 38 1346 *
109 1323 276 1388 gulum
330 1322 495 1371 circuli
535 1321 871 1372 declinationis
911 1337 1017 1370 cum
1058 1320 1302 1383 ecliptica,
1356 1335 1463 1368 cum
1503 1334 1598 1383 quo
1647 1322 1856 1384 procede
1895 1323 1977 1370 vel
2015 1322 2238 1372 addendo
2277 1321 2357 1370 vel

110 1395 436 1446 subtrahendo
447 1433 464 1457 ,
504 1403 648 1458 prout
685 1402 733 1445 te
774 1397 991 1445 docuerit
1026 1395 1264 1457 inspectio
1303 1392 1538 1456 sphaerae
1577 1393 1658 1443 vel
1694 1395 1844 1457 globi.
1920 1395 2018 1444 Hic
2055 1395 2229 1445 modus
2268 1397 2359 1444 etsi

110 1469 249 1534 plura
285 1469 435 1518 habet
471 1471 705 1531 requisita
756 1475 803 1518 et
842 1469 1088 1532 operosior
1126 1472 1220 1528 est,
1273 1481 1415 1523 suum
1453 1473 1615 1516 tamen
1669 1482 1810 1516 usum
1862 1468 2038 1531 habet,
2092 1470 2177 1518 ubi
2215 1468 2357 1531 plura

11 1592 14 1593 a
106 1548 351 1592 momenta
389 1542 532 1597 simul
569 1548 682 1590 sunt
722 1540 1061 1605 computanda.
1137 1542 1186 1588 4.
1227 1539 1279 1588 Si
1317 1539 1524 1589 habetur
1561 1541 1768 1604 angulus
1794 1543 1989 1591 orientis
2027 1557 2114 1591 seu
2149 1541 2357 1591 altitudo

110 1616 410 1678 nonagesimi
449 1621 497 1663 et
536 1614 769 1666 distantia
805 1615 934 1665 Solis
973 1614 1033 1663 ab
1073 1627 1155 1675 ec,
1197 1627 1323 1675 quae
1363 1612 1459 1662 duo
1498 1613 1781 1678 plerumque
1821 1617 1953 1679 prius
1994 1614 2195 1676 dantur,
2245 1621 2359 1664 tunc

110 1689 171 1739 ab
219 1688 353 1737 illius
404 1688 743 1751 complementi
790 1686 1216 1751 mesologarithmo
1266 1685 1401 1736 aufer
1450 1686 1600 1749 hujus
1644 1688 2014 1752 logarithmum‚
2071 1689 2360 1751 relinquitur

52 1807 56 1809 ,
111 1761 568 1825 mesologarithmus
605 1764 816 1825 quaesiti
854 1761 1035 1824 anguli.
1111 1759 1292 1808 Verum
1342 1752 1423 1809 hic
1475 1760 1683 1823 plurima
1732 1765 1895 1812 cautio
1943 1770 2016 1812 est
2053 1765 2180 1812 circa
2218 1764 2360 1825 signa

115 1834 441 1886 abundantiae
480 1835 562 1884 vel
600 1836 831 1897 defectae,
870 1836 1053 1883 usitata
1090 1835 1321 1882 cossistis.
2070 1864 2073 1866 a

53 1910 59 1914 ’
255 1908 392 1958 Doce
442 1915 488 1956 et
525 1916 817 1972 computare
865 1908 1114 1970 anyulum
1159 1904 1290 1955 OSE
1338 1906 1591 1968 eclipticac
1640 1922 1755 1956 cum
1791 1910 1990 1959 circulo
2032 1925 2124 1973 per
2171 1915 2360 1959 centra.

110 1981 478 2044 Logarithmum
522 1982 803 2046 logisticum
856 1981 1113 2030 distantiae
1166 1984 1435 2028 centrorum
1475 1979 1573 2041 CS,
1624 1980 1726 2043 LS,
1773 1981 1882 2043 DS,
1939 1997 2064 2045 quae
2116 1984 2362 2032 invenitur

121 2057 293 2118 quovis
332 2061 603 2117 momento,
652 2056 789 2105 auser
827 2070 856 2103 a
893 2049 1182 2117 logarithmo
1232 2052 1456 2115 logistico
1509 2052 1779 2102 latitudinis
1829 2056 2036 2105 visibilis
2088 2056 2219 2104 illius
2257 2070 2366 2105 mo-

113 2131 275 2189 menti,
316 2134 372 2177 ut
409 2128 513 2190 CH,
555 2128 659 2192 LS,
710 2130 828 2191 DF,
878 2132 1093 2177 remanet
1129 2125 1447 2189 logarithmus
1487 2127 1653 2189 anguli
1692 2127 1845 2189 CSH,
1896 2128 2018 2178 LSL
2070 2129 2181 2194 (seu
2227 2126 2362 2196 recti)

114 2207 163 2251 et
196 2201 339 2254 DSF.

258 2277 389 2337 Quot
423 2271 551 2324 sunt'
579 2290 766 2338 ymera
801 2275 1046 2324 solarium
1085 2271 1383 2335 cclipsium?
1419 2271 1559 2322 Tria:
1599 2273 1678 2322 vel
1698 2276 1834 2325 enim
1872 2279 2004 2325 totus
2043 2274 2128 2325 Sol
2167 2277 2362 2340 tegitur,

118 2346 198 2397 vel
234 2347 439 2398 circulus
478 2350 664 2411 integer
700 2348 921 2398 residuus
960 2348 1105 2409 lucet,
1148 2346 1228 2396 vel
1253 2360 1363 2410 pars
1402 2345 1636 2395 residua·
1623 2362 1672 2394 m
1713 2361 1894 2427 cornua
1929 2350 2042 2411 exit,
2082 2364 2208 2413 quae
2246 2363 2364 2413 pro-

116 2422 217 2484 prie
251 2421 473 2485 partialis
512 2421 685 2471 dicitur
722 2422 928 2485 eclipsis.

258 2494 316 2544 Si
364 2494 521 2544 Luna
566 2501 709 2545 tanto
756 2498 925 2543 minor
962 2499 1030 2541 est
1068 2491 1205 2553 Sole,
1256 2498 1509 2553 quantum
1556 2493 1684 2543 libro
1725 2492 1822 2544 JV.
1875 2496 1965 2559 fol.
2004 2496 2122 2544 328.
2174 2495 2364 2544 dictum

116 2573 208 2629 est,
258 2568 509 2631 quomodo
554 2575 718 2616 totum
757 2568 918 2618 Solem
967 2573 1124 2628 teyere
1160 2564 1351 2627 potest?
1407 2563 1602 2626 Quanto
1655 2573 1728 2616 est
1772 2569 1929 2617 minor
1978 2569 2083 2631 ejus
2134 2568 2366 2617 diameter

120 2638 350 2691 diametro
390 2640 533 2702 Solis,
575 2648 710 2690 tanto
750 2641 1061 2706 propinquior
1100 2644 1173 2687 est
1210 2637 1370 2686 Terris
1410 2652 1555 2699 quam
1593 2640 1698 2703 ipse
1736 2640 1850 2702 Sol,
1899 2647 1951 2690 ut
1988 2640 2171 2690 ibidem
2208 2641 2390 2698 habe-,
2434 2672 2441 2678 -

40 2775 54 2783 ,
123 2717 224 2777 tur3
262 2716 535 2779 propinqua
573 2729 691 2763 vero
729 2715 901 2777 majori
940 2713 1171 2761 diametro
1211 2709 1451 2772 videntur,
1490 2726 1636 2774 quam
1675 2711 1716 2763 si
1742 2714 1925 2773 *eadem
1965 2720 2126 2764 essent
2162 2720 2363 2763 remota.

262 2788 474 2848 Quando
511 2793 668 2851 potest
704 2802 799 2836 esse
836 2787 1052 2835 circulus
1101 2783 1370 2833 residuus?
1424 2783 1630 2846 Quando
1670 2787 1812 2837 Luna
1859 2802 2083 2852 apogaea
2134 2793 2232 2849 est,
2282 2786 2369 2836 Sol

123 2859 243 2909 infra
277 2876 419 2910 suum
459 2875 761 2924 apogaeum,
811 2860 1018 2909 maxime
1057 2873 1165 2908 cum
1216 2859 1265 2905 in
1317 2859 1562 2922 perigaeo.
1638 2860 1763 2909 Nam
1814 2865 1929 2910 tunc
1967 2860 2096 2911 Solis
2136 2861 2370 2909 diameter

123 2938 194 2982 est
231 2935 317 2982 31‘
360 2935 438 2994 6“‚
479 2934 648 2983 Lunae
688 2935 775 2983 30‘
816 2935 899 2982 O“.
1566 2963 1571 2967 -

262 3006 611 3070 Nunquamne
648 3008 738 3057 hoc
773 3007 842 3069 fit,
879 3007 978 3053 nisi
999 3004 1151 3053 Luna
1189 3006 1244 3052 in
1284 3017 1508 3066 apoyaco
1546 3007 1849 3055 constituta?
1897 3008 2001 3056 Imo
2040 3021 2168 3056 anno
2215 3007 2368 3056 1567.

126 3078 173 3126 7.
209 3077 389 3142 Aprilis
426 3082 534 3129 visa
572 3086 645 3129 est
682 3080 866 3128 Romae
902 3078 1012 3126 talis
1051 3077 1241 3140 eclipsis
1281 3090 1389 3124 cum
1438 3077 1617 3127 circulo
1659 3079 1788 3128 Solis
1827 3080 2043 3142 residUO,
2085 3080 2280 3143 quando
2321 3086 2367 3128 et

130 3148 214 3199 Sol
251 3159 299 3201 et
337 3153 476 3202 Luna
513 3152 844 3215 longitudines
885 3151 1168 3200 obtinebant
1204 3148 1389 3199 medias
1429 3154 1476 3200 et
1513 3153 1582 3200 sic
1621 3151 1853 3201 diameter
1879 3153 2049 3204 Lunae
2087 3154 2242 3217 major
2280 3168 2371 3218 ap-

128 3225 327 3285 parebat
367 3225 600 3276 diametro
629 3225 772 3274 Solis.
837 3228 926 3284 (cfr.
956 3228 1050 3270 v01.
1085 3230 1136 3269 11.
1167 3241 1207 3279 p.
1242 3229 1354 3283 316.)

267 3300 404 3358 Quae
439 3302 599 3361 iyitur
636 3299 787 3353 huius
832 3298 1167 3359 phaenomem’
1218 3312 1374 3346 causa
1418 3297 1556 3362 suit?
1608 3298 1714 3345 Non
1756 3298 1978 3360 equidem
2029 3301 2367 3358 astronomica,

130 3367 310 3418 valeret
348 3374 475 3420 enim
513 3373 560 3419 in
603 3372 842 3420 consimili
890 3370 1195 3418 luminarium
1249 3370 1565 3433 dispositione
1605 3378 1852 3433 perpetuo.
1929 3374 1995 3421 At
2042 3389 2169 3422 anno
2218 3374 2369 3422 1605.

131 3437 208 3490 die
246 3444 332 3492 22.
360 3443 494 3508 Sept.
535 3449 581 3494 2.
628 3444 734 3494 Oct.
763 3445 901 3493 Luna
938 3442 1081 3491 altior
1119 3458 1201 3490 seu
1242 3457 1462 3506 apogaeo
1509 3445 1711 3492 vicinior
1744 3450 1899 3493 totum
1925 3445 2088 3495 Solem
2127 3450 2174 3494 in
2201 3446 2371 3495 eadem

131 3516 393 3566 remotione
432 3518 495 3566 ab
534 3532 756 3582 apogaeo
788 3531 875 3566 suo
915 3516 1124 3578 positum
1164 3517 1282 3563 texit
1306 3515 1510 3580 Neapoli
1551 3519 1597 3563 in
1627 3516 1784 3566 ltalia.
1839 3526 1925 3573 (cfr.
1960 3525 2055 3568 Vol.
2087 3527 2139 3567 11.
2174 3538 2213 3577 p.
2248 3524 2369 3579 696.)

124 3592 128 3593 ⁷
267 3587 396 3651 Ergo
434 3604 631 3640 causam
668 3596 859 3654 oportet
896 3602 1124 3651 quaerere
1161 3588 1428 3652 physicam,
1470 3592 1517 3638 in
1552 3589 1746 3638 sublimi
1783 3596 1943 3641 tamen
1984 3592 2204 3655 aethere3
2246 3608 2370 3655 qua-

134 3670 238 3708 rum
276 3660 400 3711 duae
440 3671 708 3725 occurrunt,
748 3678 893 3748 supra
932 3663 1076 3711 etiam
1114 3662 1160 3708 in
1201 3661 1459 3725 eclipsibus
1498 3664 1666 3711 lunae
1705 3666 2006 3729 conspicuae.
2082 3666 2246 3714 Prima
2285 3672 2371 3726 est,

133 3730 177 3778 ti
210 3732 482 3785 substantia
529 3737 777 3798 aetherea,
827 3739 874 3783 in
927 3736 1033 3799 ipsa
1070 3733 1184 3783 sede
1223 3737 1436 3798 corporis
1483 3737 1655 3785 solaris
1707 3737 1834 3787 circa
1873 3752 2046 3802 corpus
2082 3738 2208 3787 Solis
2248 3738 2367 3797 fusa,

135 3802 366 3854 interdum
404 3810 725 3859 crassiuscula
773 3811 835 3857 sit
872 3809 1234 3869 flammeturque
1288 3815 1511 3858 contactu
1566 3812 1777 3873 cor-ponis
1827 3811 2030 3860 solaris,
2078 3817 2192 3860 tunc
2242 3816 2368 3859 tecto

135 3872 248 3926 Sole
285 3881 523 3943 prominet
559 3882 785 3947 splendor
823 3882 1099 3942 flammeus,
1139 3894 1234 3929 non
1274 3882 1435 3932 sinens
1476 3882 1623 3932 altam
1662 3884 1956 3948 nimiamque
1994 3884 2098 3934 fieri
2134 3884 2368 3946 umbram,
