2554 4140
988 133 1218 204 Praefatio
1251 141 1297 182 et
1325 133 1578 195 Epistolae.
1880 142 1883 146 ·
2308 136 2408 188 31⁴9

290 285 614 350 Keplerus
650 283 1084 347 Berneggero:
1120 287 1414 337 ‘Clarissime
1451 285 1540 334 vir.
1618 282 1752 347 Quas
1800 283 1864 334 ad
1901 298 1977 333 me
2015 285 2067 336 4.
2104 282 2229 333 Julii
2272 284 2410 332 1626

146 359 339 420 misisti,
366 358 563 409 tandem
579 355 753 406 Ulmae
774 357 852 405 his
873 357 1044 407 diebus
1070 363 1251 425 accepi,
1275 357 1539 426 'postquam
1556 356 1895 420 Mutschelius,
1922 355 2069 408 Ulma
2092 357 2279 418 abiens,
2302 355 2410 406 Ra-

146 432 391 480 tisbonam
416 432 631 480 venisset
653 429 717 478 ad
752 444 954 480 uxorem
979 448 1150 485 meam
1204 435 1281 483 Ni
1291 432 1450 493 fallor,
1489 431 1781 494 deposuerat
1807 431 1918 480 illas
1942 430 2260 492 Ratisbonae‚
2301 443 2411 479 cum

144 519 222 553 1110
246 505 405 554 Lincii
431 502 712 554 conclusum
740 482 974 555 audisset.
1016 505 1143 574 Quia
1166 502 1315 593 igitur
1339 510 1477 554 tuum
1503 509 1552 569 01
1577 504 1639 551 D.
1645 504 1708 552 D
1735 503 2087 567 Lingelshemii
2114 502 2410 552 desiderium

147 576 206 625 de
253 592 363 627 meo
413 583 544 626 statu
593 575 864 639 significas,
915 577 1008 627 hoc
1046 582 1261 630 vicissim
1311 594 1342 628 a
1384 593 1463 627 me
1513 564 1758 637 habitote,
1809 591 1885 626 me
1924 577 2018 625 Dei
2067 575 2310 639 praesidio
2365 581 2414 625 et

144 649 299 699 tutela
336 650 620 712 angelorum
660 650 964 699 obsidionem
1002 653 1050 699 in
1095 655 1160 701 14
1198 654 1496 718 septimanas
1533 648 1826 698 incolumem
1865 649 2115 709 tolerasse,
2154 664 2245 710 nec
2282 649 2410 708 fame

145 722 382 772 afflictum
418 723 595 783 fuisse,
643 724 734 771 etsi
774 723 833 772 de
870 725 1051 786 equina
1088 725 1232 788 nihil
1247 727 1459 789 gustavi.
1534 723 1610 772 Ea
1647 721 1765 770 mihi
1802 718 2010 772 felicitas
2049 723 2252 784 contigit
2289 717 2414 771 inter

143 809 293 844 raros.
372 795 495 844 Cum
525 796 629 858 jam
656 795 993 858 languesceret
1031 799 1238 861 obsidi0‚
1280 799 1503 848 Caesaris
1543 795 1835 845 exercitibus
1864 794 2260 856 adventantibuS‚
2300 796 2411 844 misi

143 868 367 917 libellum
412 868 684 932 supplicem
728 871 778 916 in
816 868 1002 931 aulam,
1054 873 1485 939 veniamjtineris
1524 868 1720 920 Ulmam
1760 874 1809 919 et
1846 866 2167 917 transferendi
2206 881 2264 916 eo
2305 869 2413 932 typi

145 947 348 1004 petens;
401 957 498 1005 qua
535 944 809 1006 impetrata,
851 957 960 996 cum
998 959 1166 1006 uxore,
1207 945 1386 1006 liber-se,
1420 944 1572 1006 libris,
1613 940 2013 1009 supellectilibus
2044 941 2268 989 omnibus
2306 940 2441 995 No-V

143 1015 331 1064 vembri
371 1014 572 1065 discessi
600 1016 774 1064 Lincio·
795 1021 842 1064 et
864 1014 1034 1066 relicta
1072 1032 1220 1067 uxore
1260 1033 1370 1068 cum
1410 1020 1440 1067 3
1474 1017 1639 1067 liberis
1679 1016 1728 1063 iu
1766 1014 1924 1082 glacie
1950 1012 2268 1070 Ratisbonae,
2310 1016 2413 1077 ipse

142 1102 284 1137 curru
330 1088 571 1138 conducto
617 1103 726 1137 cum
774 1089 905 1152 typis
954 1080 1213 1140 numericis
1264 1097 1311 1140 et
1358 1105 1504 1154 opere
1542 1088 1967 1151 Rudolphinarum
2016 1089 2130 1137 veni
2188 1085 2408 1150 Ulmam;

142 1161 235 1217 hic,
243 1162 349 1224 jam
374 1163 673 1225 imprimitur·
688 1163 808 1210 meis
837 1163 1092 1224 sumtibuS‚
1119 1163 1206 1214 sed
1233 1164 1382 1228 duplo
1409 1164 1691 1226 majoribuS,
1722 1177 1869 1224 quam
1895 1160 2055 1210 Lincii
2080 1175 2210 1210 eram
2238 1162 2414 1224 opina-

143 1241 239 1284 tus,
314 1235 460 1284 Faxit
497 1235 634 1283 Deus
671 1249 732 1283 ne
778 1235 827 1280 iri
866 1234 1039 1284 medio-
1067 1243 1248 1286 conatu
1293 1237 1634 1295 succumbam!
1689 1231 1871 1297 Ingens
1917 1241 2079 1284 tamen
2119 1234 2298 1284 vulnus
2336 1235 2416 1280 in-

141 1307 327 1355 flictum
365 1315 439 1357 est
477 1308 706 1356 Austriae
745 1312 956 1368 nostrae,
998 1324 1058 1358 ex
1096 1325 1207 1372 quo·
1232 1312 1447 1359 animam
1485 1324 1629 1372 agere
1668 1307 1890 1377 videtur3
1919 1309 2104 1370 -itaque
2143 1306 2207 1356 ad
2245 1320 2413 1357 omnes

142 1394 286 1428 casus
339 1385 530 1443 oportet
579 1395 686 1429 esse
734 1386 1056 1443 attemperata
1107 1382 1309 1432 consilia
1343 1383 1836 1444 ,deliberationesque
1887 1395 2036 1449 meas.
2116 1380 2193 1429 Tu
2242 1382 2410 1444 itaque

146 1467 254 1501 cum
280 1453 552 1502 fautoribus
577 1453 687 1501 aliis
713 1454 940 1517 subjicite
969 1456 1172 1505 consilia
1196 1464 1375 1517 vestra,
1416 1470 1645 1518 quonam,
1685 1457 1727 1504 si
1761 1457 1830 1504 ita
1866 1454 1990 1502 ferat
2028 1469 2161 1515 118118,
2202 1468 2279 1509 me
2306 1469 2415 1504 cum

141 1540 289 1588 grege
339 1541 425 1577 sex
472 1525 735 1575 liberorum
782 1529 1030 1590 recipiam.
1106 1529 1264 1579 Editis
1301 1529 1628 1592 Rudolphinis
1678 1532 1793 1591 opto
1833 1527 1951 1576 mihi
1988 1525 2153 1577 locum
2192 1541 2276 1576 eas
2321 1527 2413 1577 do-

23 1627 61 1673 l·
143 1598 284 1648 cendi
319 1600 369 1647 in
408 1598 575 1662 aliqua
612 1600 910 1663 frequentia,
955 1603 998 1649 si
1035 1608 1198 1664 potest
1236 1605 1285 1650 in
1326 1602 1602 1664 Germania,
1643 1603 1718 1650 sin
1755 1602 1928 1661 minuS‚
1969 1602 2116 1651 etiam
2154 1600 2204 1658 in
2241 1600 2412 1663 Italia,

20 2511 25 2515 .
19 2452 30 2468 0
19 2373 34 2432 -“-
15 2322 32 2359 ⁶
16 2237 29 2299 7.ss
21 2219 27 2223 .
14 2019 30 2163 ‚at-,qrns-‹

44 2566 56 2575 ι
47 2458 57 2532 *v—
41 2224 60 2435 -v-·-=1*'⁷.··

145 1670 326 1733 Gallia,
363 1671 538 1735 Belgio
578 1673 659 1721 vel
696 1673 898 1737 Anglia,
941 1673 1202 1725 dummodo
1242 1677 1474 1738 salarium
1513 1672 1596 1725 sit'
1623 1675 1852 1724 idoneum
1890 1676 2164 1738 peregrino.
2243 1672 2411 1738 Ephe-

62 1754 68 1759 ·
142 1744 379 1795 meridum
416 1751 798 1810 computatorem
824 1761 977 1811 spero
1016 1763 1093 1798 me
1131 1749 1388 1814 Tubingae
1427 1752 1750 1800 inventurum.

285 1833 477 1883 Valete.
553 1833 729 1884 Saluta
776 1836 837 1884 D.
877 1836 1315 1899 Martrenckerum,
1371 1853 1532 1893 meum
1569 1838 1830 1900 patrimum
1869 1834 2196 1899 spiritualem,
2251 1840 2300 1885 et
2346 1835 2411 1884 D.

143 1906 403 1968 Waisium,
444 1908 585 1970 cujus
622 1914 791 1969 mater,
831 1915 886 1958 ut
923 1925 1145 1960 moerens
1185 1912 1337 1974 audii,
1377 1926 1505 1960 nunc
1542 1913 1719 1960 iterum
1760 1916 1835 1959 est
1860 1909 2026 1969 vidua,
2067 1911 2249 1959 amisso
2288 1911 2415 1959 intra

150 1982 180 2028 6
219 1982 522 2044 septimanas
559 1983 749 2044 marito,
791 1982 988 2032 homine
1029 1987 1233 2052 optimo,
1271 1985 1334 2035 D.
1376 1984 1601 2034 Buchero
1640 1983 1846 2044 medico,
1886 1983 1948 2031 D.
1955 1982 2017 2031 D.
2049 1975 2414 2046 Lingelshemio

145 2105 255 2141 mea
292 2090 467 2141 officia.
541 2092 738 2142 Dabam
773 2091 948 2144 Ulmae
988 2097 1037 2143 in
1076 2095 1279 2145 aedibus
1306 2094 1585 2144 Horstianis
1626 2092 1672 2142 d.
1712 2056 1915 2171 {253¹}
1950 2107 2079 2142 anno
2123 2094 2278 2143 1627.

320 2198 452 2247 Quem
482 2201 627 2242 dicunt
656 2203 936 2252 Bemeggerus
969 2207 1009 2243 et
1037 2202 1242 2255 Keplerus
1271 2200 1640 2253 Lingelshemium‚
1672 2203 1851 2243 historia
1881 2203 2062 2242 virorum
2095 2203 2141 2242 in
2162 2213 2206 2242 re
2225 2201 2416 2242 literaria

144 2254 372 2301 illustrium
411 2260 563 2299 imbuti
601 2261 798 2316 laudant3
842 2273 1010 2302 munere
1050 2264 1300 2312 fungebatur
1337 2262 1411 2302 illo
1460 2266 1644 2331 tempore
1696 2261 1926 2301 consiliarii
1970 2261 2172 2301 Electoris
2216 2260 2413 2303 Palatini.

146 2314 296 2364 Quoad
325 2328 399 2356 res
432 2317 566 2358 Lincii
596 2323 749 2373 gestas,
782 2324 989 2368 notamus
1021 2323 1242 2372 agrestium
1272 2320 1498 2361 tumultum
1528 2322 1573 2360 in
1605 2320 1774 2360 Austria
1806 2320 2040 2371 superiore,
2078 2320 2234 2370 partim
2268 2319 2319 2358 ob
2350 2331 2414 2362 res

145 2373 199 2412 ad
230 2373 463 2415 doctrinam
493 2389 653 2418 sacram
682 2380 951 2430 pertinentur,
981 2382 1136 2431 partim
1170 2382 1222 2420 ob
1243 2382 1484 2420 vexationes
1515 2380 1835 2429 magistratuum
1857 2382 2042 2417 coortum
2073 2389 2180 2417 anno
2221 2378 2334 2418 1626
2366 2389 2414 2417 eo

144 2442 278 2484 usque
309 2435 541 2483 profectum
565 2448 667 2490 esse,
699 2441 747 2475 ut
767 2438 936 2492 Bavari,
969 2440 1043 2491 qui
1065 2443 1246 2488 agrestes
1270 2440 1507 2490 oppressuri
1528 2438 1840 2478 archiducatum
1871 2437 2121 2485 invaserant,
2152 2437 2349 2476 Lincium
2370 2447 2415 2475 se

143 2492 327 2541 recipere
359 2499 610 2542 cogerentur
673 2496 849 2536 Obsidio
882 2497 1019 2536 Lincii
1051 2497 1214 2537 duravit
1245 2509 1317 2549 per
1350 2500 1404 2538 14
1436 2498 1688 2548 septimanas
1719 2500 1760 2536 et
1789 2494 1950 2535 incolae
1990 2508 2037 2535 eo
2079 2507 2211 2546 usque
2250 2495 2410 2535 redacti

146 2554 266 2602 sunt,
307 2554 354 2589 ut
385 2563 534 2592 canum
566 2557 607 2592 et
635 2551 780 2594 felium
812 2566 931 2594 carno
960 2560 1238 2598 vescerentur.
1300 2556 1531 2597 Obsidione
1561 2556 1725 2596 liberati
1758 2558 1856 2595 sunt
1887 2554 2072 2629 adventu
2101 2554 2414 2608 Pappenhemii,

146 2609 220 2660 qui
251 2608 303 2647 ad
331 2610 455 2649 finem
487 2611 730 2652 Novembris
763 2615 941 2653 cruentis
972 2616 1123 2665 pugnis
1155 2614 1383 2656 tumultum
1414 2614 1628 2654 exstinxit

320 2678 714 2737 Berneggerus
754 2683 1007 2740 Keplero
1055 2685 1102 2731 S
1147 2686 1196 2729 P.
1242 2686 1297 2732 D.
1394 2683 1525 2740 Quod
1570 2683 1647 2728 diu
1701 2687 1857 2739 optata
1902 2682 2057 2740 pluvia
2107 2683 2238 2728 siccis
2284 2682 2401 2728 arvis
2440 2688 2443 2691 ’

143 2746 263 2792 idem
292 2743 401 2789 mihi
431 2745 557 2792 fuere
587 2747 746 2793 literae
776 2753 882 2795 tuae
913 2756 1019 2808 post
1057 2756 1234 2796 tantum
1273 2749 1441 2797 silentii
1479 2750 1722 2808 pertinacis
1765 2747 2054 2794 intervallum
2086 2745 2271 2806 allatae,
2311 2762 2413 2794 oum

145 2809 442 2856 absterserint
472 2825 626 2858 omnes
658 2812 897 2860 diuturnae
929 2816 1242 2861 sollicitudinis
1273 2814 1518 2861 molestias.
1579 2814 1715 2859 Haud
1753 2827 1912 2870 parum
1955 2814 2073 2858 enim
2103 2815 2313 2872 verebar,
2355 2827 2412 2860 110

98 2917 102 2922 .
143 2875 227 2920 tibi
256 2877 565 2922 communibus
596 2879 808 2924 Austriae
850 2879 1179 2926 calamitatibus
1210 2881 1413 2926 involuto
1445 2881 1630 2937 sequius
1662 2878 1832 2936 aliquid
1869 2878 2102 2934 acciderit,
2142 2880 2412 2937 praesertim

36 2946 70 3006 Α*
146 2954 250 2986 011111
278 2940 421 2999 fama,
462 2943 507 2987 in
547 2944 694 3000 majus
725 2950 777 2991 ut
807 2945 922 2991 solet
951 2948 1101 2992 omnia
1132 2947 1385 3001 extollens,
1428 2946 1483 2991 de
1514 2951 1561 2990 te
1602 2946 1702 3002 ipso
1736 2943 1959 3000 quaedam
1990 2945 2140 2991 tristia
2170 2947 2412 2994 minitaret.

35 3021 43 3076 J
83 3027 87 3031 ·
144 3007 312 3053 Verum
342 3008 410 3052 uti
446 3009 642 3053 evasisse
670 3012 922 3066 periculum
954 3013 1180 3087 gratulor,
1217 3014 1281 3058 ita
1310 3013 1429 3077 bono
1460 3011 1645 3068 publico
1676 3010 1927 3056 diutissime
1957 3012 2246 3067 superstitem
2276 3025 2411 3070 agere

145 3085 287 3117 voveo
328 3078 374 3117 01
414 3085 505 3117 11118
533 3087 707 3119 mecum
738 3090 916 3131 omnes,
957 3079 1036 3134 qui
1064 3085 1110 3124 te
1139 3085 1308 3136 tuaque
1339 3071 1471 3123 unice
1502 3076 1766 3132 aestimant,
1807 3089 1832 3120 0
1865 3077 2029 3132 quibus
2059 3077 2114 3122 D.
2146 3077 2411 3135 Lingelshe-

145 3139 260 3185 mins
291 3140 484 3198 plurima
513 3148 558 3186 te
589 3142 737 3188 salute
766 3145 964 3203 impertit
996 3159 1270 3204 operamque
1299 3145 1648 3204 promtissimam
1680 3142 1825 3200 offert,
1859 3143 1897 3189 si
1929 3155 2017 3198 qua
2047 3156 2097 3190 re
2114 3143 2272 3219 ‘juvari
2303 3159 2330 3191 a
2361 3158 2410 3191 se

147 3204 272 3251 velis.
332 3207 396 3252 Et
433 3221 537 3253 vero
576 3208 737 3265 Juvare
769 3211 807 3255 si
838 3213 939 3268 quis
969 3213 1084 3258 alius
1115 3220 1288 3270 potest,
1322 3226 1404 3270 per
1433 3211 1558 3256 illam
1588 3210 1850 3267 amicitiam,
1892 3221 2006 3265 quae
2037 3210 2126 3268 ipsi
2154 3210 2202 3258 in
2230 3211 2410 3270 Anglia,

59 3310 69 3331 .
149 3270 313 3329 Gallia,
343 3273 502 3331 Belgio
534 3276 638 3322 viris
670 3277 909 3323 intercedit
937 3280 1201 3325 arctissima.
1265 3279 1467 3334 Quorum
1498 3276 1554 3322 ad
1584 3276 1785 3320 locorum
1823 3274 2020 3331 aliquem
2054 3274 2092 3319 si
2123 3274 2243 3332 quod
2275 3276 2409 3333 signi-

68 3348 76 3397 2
148 3338 256 3384 ficas
287 3339 486 3397 aspiraS,
524 3342 624 3399 ipso
666 3343 1005 3399 commendante
1045 3345 1166 3401 quod
1209 3343 1332 3388 voles
1362 3356 1455 3388 non
1487 3341 1731 3387 difficulter
1762 3340 1999 3386 obtinebis.
2063 3345 2280 3388 Praesens
2310 3342 2408 3400 ipse

149 3404 250 3459 vidi,
280 3411 447 3463 quanta
477 3408 598 3464 apud
631 3407 878 3453 Galliarum
920 3410 1038 3464 regis
1068 3409 1267 3467 legatos,
1298 3409 1344 3454 in
1375 3408 1659 3454 Germaniam
1691 3405 1883 3451 antehac
1912 3406 2093 3463 missos,
2137 3406 2408 3453 auctoritate
2488 3461 2492 3464 ⁴

149 3467 296 3516 valeat
327 3477 372 3516 et
400 3473 557 3528 gratia.
619 3474 708 3518 Sed
740 3478 784 3518 et
815 3474 1051 3529 Ilugonem
1074 3474 1291 3531 Grotium,
1325 3486 1427 3518 cum
1448 3473 1603 3529 Belgio
1637 3485 1718 3516 suo
1752 3471 2035 3526 excessisset,
2065 3472 2111 3516 in
2137 3471 2283 3518 Gallia
2314 3473 2406 3518 scio

70 3559 80 3566 ‹
148 3547 230 3592 per
260 3550 481 3582 summum
512 3539 651 3584 otium
682 3539 842 3584 studiis
867 3539 961 3595 jam
992 3551 1166 3595 vacare,
1197 3539 1428 3585 luculento
1460 3538 1579 3594 regis
1611 3535 1833 3594 stipendio
1865 3536 2159 3595 conductum,
2198 3551 2288 3583 non
2329 3537 2406 3581 ob-

106 3619 110 3626 ·
148 3605 299 3646 stante
312 3646 317 3649 ,
330 3601 588 3649 diversitate
618 3604 861 3661 religionis.

322 3675 392 3719 Ne
423 3676 531 3732 quid
560 3682 607 3721 te
639 3677 795 3734 celem,
828 3692 927 3723 cum
960 3690 1015 3722 ex
1046 3677 1135 3723 tuis
1167 3677 1288 3722 haud
1320 3678 1509 3723 obscure
1540 3676 1832 3734 conjicerem,
1874 3675 2175 3723 academicam
2199 3675 2404 3733 aliquam

152 3737 410 3783 cathedram
440 3740 652 3787 docendis
683 3742 984 3799 Rudolphinis
1015 3743 1103 3788 tuis
1124 3749 1169 3787 te
1201 3757 1291 3787 non
1315 3748 1674 3800 aspernaturum,
1704 3755 1794 3787 non
1816 3743 1957 3800 omisi,
1989 3748 2163 3789 secreto
2195 3755 2295 3788 cum
2315 3742 2404 3799 pri-

89 3835 97 3842 .
154 3802 309 3848 mariis
323 3805 686 3853 scholarcharum
715 3814 969 3854 nostrorum
992 3820 1137 3865 agere,
1170 3823 1275 3853 num
1297 3822 1384 3863 qua
1412 3809 1586 3854 ratione
1617 3808 1861 3866 palladium
1882 3811 1970 3857 hoc
1990 3810 2220 3858 academia
2249 3815 2403 3854 nostra

145 3867 488 3927 ‘sibisindioare
508 3879 670 3931 queat.
733 3873 904 3932 Quodsi
934 3873 1133 3922 incolatu
1164 3873 1342 3934 placeat
1374 3873 1529 3924 urbem
1557 3873 1806 3938 bonorare,
1827 3890 1935 3926 -non
1967 3876 2134 3932 dubito,
2165 3879 2210 3921 te
2239 3874 2402 3932 gratis-
