2560 4100
126 124 192 172 88
1057 113 1247 174 Kepleri
1276 115 1436 163 Studia

122 269 314 318 nomiae
352 267 532 316 morbis
569 266 854 315 inveteratis
891 265 1106 315 medicas
1143 265 1449 329 applicamus
1486 279 1676 328 manus,
1745 265 1862 316 dum
1884 267 1961 316 'I'u
2001 267 2150 318 decus
2172 267 2388 333 Imperii,

124 341 408 405 dignitatem
458 342 564 403 ipse
615 340 847 388 scientiae
892 353 980 402 per
1031 340 1272 388 sectiones
1324 344 1374 388 et
1422 339 1643 388 ustiones
1694 341 2003 403 expedimus:
2053 341 2110 390 fit
2159 342 2388 404 utrinque

126 414 244 463 mali
283 413 589 462 contumacia
638 425 734 461 non
776 414 1003 476 opinata,
1054 419 1110 460 ut
1147 418 1342 474 tempus
1392 411 1537 460 nobis
1576 412 1816 461 elabatur.
1890 414 2005 463 Tibi
2043 422 2279 476 quantum
2329 428 2388 462 ex

123 489 328 536 victoria
363 486 573 549 gloriae,
631 491 819 533 tantum
859 487 1066 534 accessit
1105 490 1161 533 et
1193 483 1372 532 doloris
1426 498 1486 532 ex
1525 483 1691 533 dolore
1729 484 1928 549 publico
1966 486 2286 551 populorum,
2341 493 2389 535 et

123 563 207 624 qui
245 559 467 609 volentes
506 559 594 606 tibi
634 565 807 622 parent
844 564 892 607 et
932 559 1015 621 qui
1054 558 1364 620 subiguntur,
1406 570 1611 619 quorum
1650 556 1764 607 illos
1797 551 1975 623 diligis,
2013 567 2247 622 utrosque
2287 559 2390 608 sal·

120 648 211 682 vos
251 639 298 681 et
335 631 604 681 incolumes
641 630 819 681 velles:
866 637 922 678 ut
958 645 1020 679 ne
1059 629 1294 693 gratulari
1346 628 1542 692 quidem
1580 630 1771 680 Victori
1811 631 1992 681 dolenti
2031 635 2241 696 possim,
2294 634 2388 680 nisi

126 721 235 772 cum
276 705 472 766 doloris,
514 705 653 768 cujus
692 703 755 753 ad
794 718 871 752 me
912 717 1107 766 quoque
1135 717 1305 751 sensus
1332 705 1572 766 pervenit,
1612 703 1832 754 officiosa
1855 705 2223 768 significatione.
2286 705 2389 754 Nec

126 781 287 827 minus
328 784 376 827 et
413 777 532 827 mihi
571 783 808 840 quantum
847 778 1083 825 successit
1129 777 1178 822 in
1217 775 1430 824 eruenda
1469 777 1675 825 veritate
1724 776 2127 842 detergendisque
2164 785 2389 828 vetusta-

126 867 234 901 rum
273 851 670 900 observationum
708 851 975 909 erroribus,
1014 853 1204 897 tantum
1243 849 1460 898 invidiae
1493 849 1597 911 jam
1635 862 1765 899 nunc
1803 853 1915 899 oriri
1952 851 2231 915 prospici03
2274 851 2388 899 dum

126 926 410 986 astronomi,
452 924 694 987 deJectum
734 938 763 971 a
801 937 877 971 me
915 922 1254 971 Ptolemaeum
1295 924 1605 986 possessione
1645 926 1977 973 vetustissima
2018 926 2390 974 existimationis

118 1000 432 1063 praecipuae,
474 1002 737 1060 occupatas
787 1003 835 1044 et
872 1001 1062 1044 tantum
1107 1009 1204 1044 non
1245 994 1430 1044 dirutas
1479 996 1880 1045 observationum
1926 998 2192 1063 priscarum
2229 997 2387 1057 sedes,

123 1073 305 1135 quibus
347 1077 575 1120 constans
626 1067 867 1118 certitudo
904 1075 1125 1116 motuum
1165 1068 1451 1118 coelestium
1496 1069 1740 1131 innititur,
1797 1070 2007 1134 denique
2045 1071 2389 1120 labefactatam

121 1145 591 1194 demonstrationum
630 1141 1087 1191 mathematicarum
1124 1141 1285 1202 fidem,
1326 1155 1533 1204 quarum
1558 1141 2002 1193 substructionibus
2029 1143 2146 1193 elati
2185 1146 2234 1192 in
2274 1158 2389 1192 coe-

120 1218 220 1267 lum
262 1217 580 1276 enitebamur‚
623 1222 671 1265 et
708 1215 997 1263 mussabunt
1035 1215 1160 1263 clam
1198 1229 1364 1265 secum
1403 1222 1453 1265 et
1490 1215 1887 1279 expostulabunt.

267 1291 494 1340 Ceterum
531 1289 609 1338 Tu
648 1289 897 1337 actionum
936 1287 1153 1337 Tuarum
1191 1290 1406 1337 rationes
1445 1291 1524 1337 cui
1560 1288 1753 1350 reddas,
1793 1291 2093 1353 superiorem
2131 1291 2255 1340 inter
2292 1289 2386 1338 ho-

120 1366 276 1414 mines
315 1377 410 1412 non
452 1363 638 1424 habes3
676 1361 797 1410 mihi
835 1361 930 1410 hoc
967 1362 1128 1410 oneris
1154 1362 1406 1423 incumbit,
1447 1368 1501 1410 ut
1535 1363 1820 1424 provinciae
1844 1362 1991 1426 hujus
2017 1365 2389 1424 astronomicae,

118 1452 246 1501 quae
284 1437 403 1486 mihi
441 1438 503 1485 ab
544 1435 936 1484 antecessoribus
976 1435 1089 1496 tuis,
1130 1433 1396 1498 Rudolpho
1437 1441 1483 1483 et
1521 1434 1735 1484 Matthia
1774 1435 1967 1498 tradita,
2006 1453 2037 1486 a
2074 1436 2146 1487 Te
2184 1450 2279 1486 non
2319 1440 2390 1485 ita

115 1511 297 1559 dudum
347 1515 612 1574 prorogata
663 1508 780 1571 suit,
832 1522 919 1572 per
966 1506 1098 1558 hunc
1151 1522 1333 1557 annum
1386 1507 1753 1558 administratae
1791 1511 2006 1559 rationes
2058 1511 2381 1561 serenissimis

115 1584 234 1633 Tuis
274 1583 430 1634 oculis
471 1594 728 1646 exponam.

260 1657 420 1721 Igitur
457 1656 612 1705 hiems
651 1653 771 1703 mihi
811 1651 1037 1704 traducta
1071 1652 1327 1703 formando
1353 1667 1662 1704 numerorum
1701 1656 1941 1719 exercitu3
1980 1655 2111 1719 legio
2149 1655 2235 1705 illa
2261 1654 2385 1705 Sco-

119 1733 229 1791 tica,
271 1729 456 1779 Chilias
485 1727 852 1793 Logarithmica
891 1725 1043 1793 dicta,
1082 1725 1326 1793 suppleta,
1364 1726 1558 1791 legibus
1597 1734 1646 1778 et
1671 1729 1903 1778 institutis
1943 1729 2153 1779 formata
2187 1731 2385 1792 triginta

116 1804 469 1853 theorematum
493 1803 902 1866 geometricorum
926 1802 1314 1862 concinnatione,
1337 1814 1465 1865 quae
1490 1814 1633 1866 spero
1659 1808 1870 1852 aetatem
1895 1802 2019 1852 serre
2039 1817 2200 1867 posse.
2255 1801 2387 1852 Huic

114 1877 262 1926 aliam
301 1876 505 1939 adjunxi
527 1875 790 1939 ‘legionem
830 1874 890 1924 de
933 1886 1066 1923 novo
1105 1876 1512 1938 conscriptorum,
1554 1877 1631 1924 cui
1671 1889 1847 1924 nomen
1887 1889 1914 1926 e
1953 1889 2005 1926 re
2043 1878 2151 1938 feci,
2190 1874 2385 1941 Hepta-

114 1952 274 2000 cosias
313 1947 739 2013 Logaritbmorum
782 1947 1052 2013 Logistica.
1126 1945 1243 1997 Jam
1297 1961 1407 1997 cum
1447 1947 1574 1998 desit
1622 1948 1757 2013 operi
1795 1947 2095 1999 Tabularum
2134 1948 2385 2014 Rudolphi

116 2030 263 2088 caput
300 2025 643 2088 praecipuum,
698 2021 917 2086 epochae
969 2027 1242 2085 temporum
1294 2022 1634 2085 antiquorum,
1690 2021 1834 2072 facile
1886 2021 2083 2088 quidem
2132 2025 2385 2087 negotium

114 2098 271 2159 suerit,
312 2096 456 2147 fidem
495 2094 767 2145 Ptolemaei
806 2095 945 2159 sequi
985 2099 1036 2143 et
1073 2095 1367 2144 constitutas
1406 2094 1620 2159 epochas
1667 2096 1730 2145 ab
1770 2094 1856 2145 illo
1893 2102 2250 2158 transsumere,
2306 2098 2386 2145 vi-

116 2170 350 2235 deturque
405 2171 562 2219 omnis
618 2167 795 2218 calculi
848 2169 1160 2219 astronomici
1214 2174 1406 2217 curator
1456 2171 1505 2217 in
1556 2167 1668 2217 illas
1713 2169 1853 2233 quasi
1893 2169 2028 2233 leges
2079 2176 2384 2220 sacramento

116 2242 320 2294 adactus
358 2258 492 2307 esse3
549 2248 601 2291 at
637 2242 760 2290 mihi
813 2241 985 2305 religio
1026 2241 1143 2303 suit,
1182 2243 1509 2305 suspiciones,
1561 2254 1685 2305 quas
1724 2241 1915 2292 idoneis
1957 2242 2018 2292 de
2056 2244 2217 2293 causis
2264 2256 2385 2294 con-

116 2331 364 2381 ceperam,
421 2314 753 2378 dissimulare3
807 2315 993 2380 placita
1029 2314 1303 2365 Ptolemaei
1358 2314 1509 2364 infida
1546 2316 1698 2365 totius
1735 2322 2006 2371 structurae
2045 2315 2224 2366 damno
2262 2318 2385 2367 inter

115 2389 436 2440 fundamenta
472 2390 686 2453 recipere
724 2387 859 2455 vidi,
910 2401 1070 2451 neque
1107 2389 1212 2452 regi
1246 2386 1426 2438 molem
1465 2387 1592 2438 banc
1629 2387 1804 2439 calculi
1841 2391 2175 2453 astronomici,
2224 2404 2383 2454 neque

115 2463 271 2527 redigi
310 2465 359 2511 in
399 2469 582 2513 certum
623 2460 839 2511 ordinem
877 2468 1039 2511 motus
1078 2460 1316 2512 coelestes
1352 2475 1512 2526 posse,
1551 2463 1646 2511 nisi
1671 2460 1897 2512 libertate
1924 2470 2085 2513 sumta
2110 2463 2385 2528 inquirendi

118 2539 166 2584 in
206 2535 476 2586 Ptolemaei
514 2535 856 2598 fundamenta3
903 2549 1053 2584 ausus
1092 2534 1289 2585 tandem
1328 2549 1460 2596 sum,
1501 2537 1683 2599 eripere
1721 2534 2007 2587 Ptolemaeo
2044 2551 2192 2587 unam
2231 2535 2376 2599 diem,

117 2626 265 2674 quam
304 2610 366 2659 ab
405 2609 489 2659 illo
529 2622 786 2673 perperam
823 2610 1051 2658 insertam
1103 2609 1153 2657 in
1191 2609 1611 2671 aequinoctiorum
1655 2611 1971 2660 annotatione
2014 2610 2119 2675 jam
2157 2625 2189 2660 a
2224 2609 2380 2660 multo

115 2691 332 2747 tempore
381 2698 478 2732 non
528 2683 749 2732 obscuris
799 2682 1092 2746 conjecturis
1131 2682 1481 2731 concluseram.
1559 2682 1731 2731 Annus
1771 2689 1870 2744 est,
1928 2698 1987 2733 ex
2025 2697 2122 2747 quo
2171 2684 2378 2748 primum

116 2757 444 2821 conjecturam
480 2771 640 2806 meam
679 2755 738 2806 de
776 2757 1050 2816 occasione,
1093 2770 1218 2819 quae
1243 2754 1581 2806 Ptolemaeum
1620 2757 1669 2804 in
1706 2755 1836 2806 hunc
1870 2770 2079 2806 errorem
2117 2757 2376 2819 induxerit,

116 2829 314 2894 publico
352 2829 520 2879 libello
559 2829 811 2894 Epitomes
850 2829 1172 2878 Atronomiae
1210 2827 1572 2892 Copernicanae
1609 2831 1871 2894 proposui3
1918 2830 2246 2881 ratiocinabar
2281 2832 2382 2880 sci-

123 2904 263 2964 licet,
323 2902 579 2968 deceptum
630 2903 781 2953 fuisse
833 2901 1195 2964 Ptolemaeum,
1253 2902 1470 2967 Aegypti
1523 2901 1760 2963 incolam,
1819 2903 2111 2954 Calendario
2155 2903 2380 2954 Romano

118 2976 411 3039 licentiaque
447 2975 732 3041 pontificum
772 2981 820 3026 et
844 2976 1082 3026 violentia
1113 2975 1391 3040 praesidum
1416 2976 1643 3041 Aegypti,
1684 2988 1889 3039 quorum
1928 2976 2001 3024 illi
2026 2977 2381 3027 intercalabant

117 3049 306 3099 Romae
359 3064 457 3098 non
494 3055 548 3099 ut
586 3049 775 3101 coelum
827 3049 1133 3113 requirebat,
1187 3049 1275 3100 sed
1310 3055 1457 3114 prout
1492 3049 1836 3114 superstitione
1873 3048 2041 3114 aliqua
2077 3049 2249 3115 gentili
2284 3050 2381 3100 huc

117 3123 236 3173 illuc
285 3123 643 3185 invitabantur,
691 3125 773 3173 isti
811 3137 929 3173 vero
980 3124 1219 3173 mensium
1258 3122 1674 3188 Aegyptiacorum
1719 3122 2092 3185 aequalissimos
2147 3123 2379 3175 decursus

118 3199 312 3260 penitus
350 3195 724 3258 abrogaverant,
763 3195 1015 3246 Romanos
1052 3197 1206 3246 fastos
1243 3199 1293 3245 in
1318 3212 1460 3246 usum
1485 3197 1727 3246 sorensem
1748 3195 2125 3246 introduxerant.
2204 3197 2379 3260 Itaque

120 3269 410 3319 Calendaria
449 3268 645 3318 annalia
681 3284 778 3318 non
820 3270 1227 3333 computabantur
1266 3269 1421 3332 domi,
1480 3269 1567 3319 sed
1604 3269 2015 3318 submittebantur
2053 3270 2232 3332 Roma,
2273 3285 2379 3320 scr-

121 3345 290 3391 vitutis
330 3342 621 3391 documento
660 3357 755 3390 non
794 3349 1057 3405 postremo.
1134 3343 1455 3406 ConJecturae
1493 3357 1589 3392 non
1626 3344 1819 3406 ineptae
1859 3342 2018 3391 solum
2044 3345 2377 3393 testimonium

122 3416 274 3466 defuit
309 3415 607 3477 historicum,
648 3430 746 3479 quo
773 3416 1149 3477 confirmaretur,
1190 3430 1318 3467 anno
1356 3424 1470 3481 post
1496 3416 1741 3466 Christum
1773 3416 1892 3466 139.-
1931 3415 2012 3465 vel
2035 3417 2184 3479 priori
2211 3432 2378 3466 exem-

120 3497 223 3538 tum
275 3488 424 3537 fuisse
469 3504 620 3537 unum
658 3488 787 3538 diem
825 3495 961 3539 extra
999 3489 1230 3539 ordinem.
1304 3491 1431 3541 Ecce
1469 3504 1587 3540 vero
1622 3503 1723 3539 rem
1759 3490 1932 3552 ipsam,
1969 3491 2062 3538 nisi
2100 3503 2176 3538 me
2218 3492 2375 3538 omnis

123 3577 244 3612 sana
281 3561 407 3626 fugit
444 3563 599 3611 ratio:
637 3576 765 3611 anno
806 3564 933 3611 enim
958 3568 1070 3626 post
1091 3562 1334 3613 Christum
1366 3565 1482 3625 138,
1522 3563 1770 3612 Antonino
1795 3561 1887 3611 Pio
1912 3561 1977 3611 ΙΙ.
2007 3562 2198 3611 Bruttio
2225 3563 2377 3614 Prae-

122 3641 259 3686 sente
279 3634 590 3697 ConsulibuS,
611 3634 919 3698 Censorinus,
939 3641 1210 3700 temporum
1236 3643 1526 3703 supputator
1552 3635 1951 3700 diligentissimus
1978 3641 2027 3686 et
2053 3636 2376 3701 circumspec-

121 3711 364 3772 tissimus,
415 3709 624 3772 primum
670 3708 834 3758 Thoth
881 3711 1062 3759 mensis
1112 3708 1406 3776 Aegyptiaci
1459 3709 1689 3761 adscribit
1742 3707 1806 3758 ad
1853 3708 1974 3758 XII.
2016 3708 2120 3760 Cal.
2163 3709 2376 3774 Augusti

123 3797 211 3833 seu
249 3785 348 3833 21.Χ
372 3780 523 3845 Julii,
581 3783 665 3847 qui
705 3782 871 3833 ordine
910 3788 1133 3849 servato,
1194 3798 1340 3847 quem
1391 3784 1510 3835 alibi
1548 3783 1841 3835 Censorinus
1889 3786 2051 3846 tenet,
2106 3781 2275 3835 debuit
2312 3782 2376 3834 ad
