2554 4140
96 854 423 914 Admodum
470 839 843 923 Revereudis‚
891 850 1232 920 illustribuS,
1282 847 1607 918 GenerosiS‚
1657 845 2051 918 NobiIIssimiS‚
2085 847 2349 905 Sireuuis

97 962 207 1017 etc.
257 957 538 1027 DominiS,
602 954 1032 1027 Archiducatus
1078 951 1351 1011 Austriae
1402 949 1832 1024 Supranisanae
1874 947 2185 1008 Ordinibus
2234 951 2344 1007 etc.

748 1056 1002 1115 Dominis
1046 1054 1188 1114 meis
1234 1053 1682 1126 gratiosissimis,

237 1229 358 1278 Post
395 1227 764 1292 quadriennium
813 1225 876 1274 ab
915 1224 1128 1275 editione
1164 1225 1350 1287 primae
1387 1225 1538 1288 partis
1580 1223 1920 1273 Astronomiae
1961 1222 2342 1286 Copernicanae‚

24 1303 29 1305 ’
97 1316 223 1366 quae
272 1301 539 1350 doctrinam
584 1299 887 1363 sphaericam
923 1297 1060 1345 libris
1099 1298 1253 1347 tribus
1290 1298 1582 1362 explicatam
1624 1298 1863 1358 continet,
1915 1303 2028 1360 post
2066 1309 2245 1345 annum
2284 1296 2348 1344 ab

19 3831 23 3864 i

95 1374 225 1424 edito
263 1374 389 1423 libro
427 1380 627 1437 quart0,
668 1386 765 1436 quo
803 1370 1057 1434 physicam
1095 1370 1370 1430 coelestem,
1415 1384 1503 1420 seu
1538 1370 1778 1433 principia
1817 1369 2064 1419 doctrinae
2103 1368 2349 1418 theoricae

95 1446 156 1497 de
194 1448 406 1496 motibus
443 1447 747 1510 planetarum
786 1443 986 1505 tradidi,
1027 1444 1246 1507 sequitur
1282 1442 1481 1493 tandem
1519 1441 1784 1506 aliquando
1812 1457 1925 1506 pars
1962 1441 2193 1504 theorica,
2226 1432 2348 1506 ¹spe·
2437 1438 2439 1443 ’

96 1516 337 1582 culativa,
386 1521 457 1570 sic
495 1518 626 1568 dicta
661 1533 693 1567 a
729 1517 951 1577 theoriis,
1001 1516 1095 1565 hoc
1131 1522 1206 1566 est
1242 1518 1572 1566 instrumentis
1609 1517 1904 1580 manuariis‚
1952 1518 2001 1564 in
2040 1515 2218 1580 quibus
2260 1529 2349 1565 ceu
2416 1518 2429 1528 ·

95 1593 307 1658 speculis
344 1599 506 1642 motus
544 1590 847 1655 singulorum
884 1590 1189 1653 planetarum
1231 1596 1669 1653 repraesentantur.
2288 1600 2291 1601 ’

237 1665 288 1716 Si
339 1666 570 1730 temporis
618 1665 1004 1713 circumstantias
1055 1664 1289 1726 respicio,
1340 1677 1469 1723 sera„
1500 1669 1574 1712 cst
1625 1660 1810 1725 oppido·
1855 1661 1980 1724 proh
2022 1659 2161 1711 dolor
2199 1660 2348 1711 editio

96 1741 216 1800 ista,
269 1746 530 1803 postquam
578 1737 707 1786 bello
744 1734 921 1786 ‘coorto
970 1737 1380 1800 perniciosissimo
1428 1742 1596 1786 coetus
1649 1735 1964 1796 discentium,
2017 1735 2197 1798 quibus
2250 1736 2345 1783 ista

94 1812 390 1874 scribuntur,
439 1810 522 1862 vel
569 1810 792 1873 dissipati
838 1814 950 1858 sunt
1002 1809 1155 1858 turbis
1203 1808 1418 1871 bellicis„
1472 1810 1550 1858 vel
1590 1811 1829 1857 attenuati
1866 1809 2192 1872 emaciatique
2231 1806 2349 1856 belli

99 1887 485 1949 exspectatione3
526 1889 788 1947 postquam
827 1882 1048 1942 Austria,
1089 1882 1324 1931 hactenus
1364 1882 1507 1931 altrix
1547 1888 1595 1930 et
1632 1881 1929 1931 benefactrix
1964 1895 2099 1943 mea,
2142 1879 2348 1930 durissi—

98 1971 228 2006 mum
275 1961 322 2006 iu
369 1958 624 2021 scopulum
675 1955 829 2016 illisa,
882 1970 912 2003 a
958 1954 1184 2004 decorum
1234 1955 1436 2003 istorum
1479 1954 1634 2004 tutela
1681 1953 1745 2004 ad
1793 1956 1968 2004 seriam
2016 1955 2191 2003 salutis
2227 1968 2348 2002 suae

97 2044 261 2081 euram
308 2031 504 2080 avocari
548 2028 766 2091 videtur;
812 2034 1071 2091 postquam
1119 2029 1223 2092 ipse
1263 2028 1675 2093 quoqueprivati
1715 2041 1933 2077 meorum
1969 2026 2126 2076 hostis
2166 2028 2349 2076 atroci-

97 2110 196 2153 tate
235 2103 480 2153 domicilio
519 2117 627 2152 meo
668 2102 901 2150 Linciano
940 2103 1140 2163 excitum
1180 2115 1359 2150 annum
1397 2115 1522 2164 pene
1560 2105 1717 2150 totum
1755 2101 1872 2150 foris
1912 2101 2184 2150 discursito.
2206 2095 2276 2163 ⁵⁹)

103 2229 105 2232 ,
242 2177 296 2226 Si
349 2191 528 2226 causae
573 2181 815 2224 tantarum
864 2187 1108 2223 morarum
1145 2180 1259 2223 sunt
1296 2173 1558 2236 dicendae,
1611 2187 1709 2222 non
1750 2188 1841 2237 ego
1881 2176 2116 2223 curatoris
2153 2174 2346 2238 supini-

98 2255 275 2310 tatem,
327 2263 454 2312 quae
491 2248 604 2298 inde
641 2248 704 2297 ab
745 2247 957 2298 editione
997 2247 1279 2310 sphaericae
1320 2247 1567 2298 doctrinae
1605 2252 1738 2296 tenet
1776 2247 2052 2311 hucusque,
2096 2261 2194 2296 non
2231 2245 2348 2297 belli

99 2323 175 2371 vel
226 2323 548 2371 incumbentis
598 2319 904 2370 incommoda
951 2320 1031 2369 vel
1081 2322 1373 2370 imminentis
1424 2326 1582 2370 metus
1622 2320 1880 2384 allegab03
1933 2320 2221 2371 beneficium
2261 2327 2348 2381 est,

102 2409 197 2443 non
236 2393 404 2457 culpa,
455 2393 586 2458 quod
624 2393 858 2442 hactenus
899 2391 1132 2456 impedita
1169 2394 1261 2442 fuit
1297 2393 1420 2444 haec
1457 2393 1623 2443 editio.
1702 2393 1831 2456 Quid
1870 2395 2019 2458 igitur
2056 2408 2233 2447 causae
2273 2393 2350 2441 di-

0 2481 3 2535 ξ
99 2482 231 2526 cam,
286 2481 385 2530 quo
432 2473 570 2516 tuear
607 2467 1012 2515 existimationem
1049 2481 1209 2516 meam
1247 2467 1524 2530 crimenque
1559 2466 1886 2531 negligentiae
1926 2466 2144 2517 diluam?
2207 2466 2352 2516 Nosti

0 2537 6 2592 ἰ
97 2554 260 2589 mores
294 2540 588 2598 mulierum,
631 2541 788 2601 inquit
813 2538 1057 2603 Comicus,
1095 2539 1219 2587 dum
1241 2540 1541 2601 moliuntur,
1580 2541 1704 2592 dum
1741 2547 2028 2597 comuntur,
2070 2554 2242 2588 annus
2266 2547 2346 2588 est.

104 2614 253 2674 Atqui
303 2614 345 2660 si
393 2613 469 2660 cni
524 2612 626 2659 noti
663 2617 775 2659 sunt
812 2625 969 2660 mores
1008 2613 1356 2674 astronomiae,
1411 2611 1568 2662 dicere
1606 2615 1648 2662 is
1686 2614 1884 2676 poterit,
1937 2612 2122 2662 nullam
2160 2627 2213 2662 se
2252 2626 2347 2660 un-

2 2679 5 2687 '
98 2698 245 2748 quam
284 2687 479 2733 novisse
517 2697 676 2745 neque
714 2685 1093 2733 cunctantiorem
1131 2698 1288 2747 neque
1325 2685 1732 2749 scrupulosiorem
1771 2687 2014 2736 feminam.
2073 2684 2216 2748 Quod
2254 2687 2348 2733 nisi

100 2756 193 2805 hoc
230 2758 459 2821 temporis
497 2755 669 2805 suisset
706 2758 1056 2820 interpositum,
1103 2771 1200 2820 quo
1239 2757 1444 2807 consilia
1481 2773 1591 2808 mea
1627 2760 1958 2810 maturitatem
1995 2773 2134 2808 suam
2173 2751 2348 2808 conse-

5 2834 9 2870 ?
99 2838 254 2893 quuta
301 2836 491 2893 essent,
546 2830 592 2875 in
641 2828 855 2891 periculo
903 2843 979 2879 res
1027 2830 1358 2891 versabatur„
1389 2845 1450 2880 ne
1489 2830 1752 2881 delicatula
1787 2831 1903 2891 illa,
1956 2830 2174 2881 fastidito
2215 2832 2346 2880 omni

6 2902 9 2952 ἰ
97 2902 294 2962 mundo,
333 2915 491 2950 novos
528 2907 731 2961 sumtus,
770 2915 952 2950 novum
991 2908 1212 2951 ornatum
1250 2903 1555 2968 efflagitaret.
1621 2904 1780 2954 Multa
1818 2904 2007 2954 scilicet
2042 2918 2120 2953 me
2159 2906 2347 2954 monuit

6 2969 11 3018 Τ
98 2977 398 3039 computatio
426 2973 811 3036 Ephemeridum,
850 2974 1004 3023 multa
1022 2973 1170 3024 editio
1210 2974 1440 3025 librorum
1468 2976 1885 3037 Harmonicorum‚
1919 2976 2191 3027 intermedii
2217 2983 2344 3027 tem-

99 3049 230 3111 poris
269 3062 442 3111 opera,
482 3052 535 3094 ut
573 3047 796 3108 quamvis
835 3046 1090 3110 pleraque,
1129 3062 1256 3111 quae
1295 3048 1358 3097 ad
1396 3063 1481 3100 sex
1519 3048 1741 3113 planetas
1778 3051 2046 3112 pertinent,
2089 3050 2195 3112 ,iam
2232 3057 2345 3101 ante

9 3150 11 3153 ,
98 3134 251 3169 annos
290 3118 545 3168 duodecim
586 3119 632 3165 in
673 3118 1042 3169 Commentariis
1082 3119 1250 3170 Martis
1289 3121 1366 3170 vel
1418 3124 1684 3171 constituta
1724 3122 1801 3171 vel
1840 3122 2014 3172 saltem
2052 3123 2227 3174 affecta
2262 3138 2346 3174 es-

99 3201 231 3251 seut,
283 3192 508 3255 quamvis
554 3189 667 3239 inde
718 3196 1011 3240 transsumta
1060 3193 1207 3256 inque
1255 3193 1458 3243 sormam
1510 3195 1828 3244 institutionis
1867 3197 2140 3260 composita
2171 3197 2276 3260 jam
2314 3212 2345 3246 a

101 3272 287 3328 septem
328 3266 468 3312 aunis
505 3262 757 3313 haererent
795 3265 842 3311 in
880 3265 1068 3313 scriniis
1105 3265 1240 3326 meis,
1282 3280 1454 3329 operas
1492 3269 1824 3330 exspectantia
1864 3270 2095 3319 curatoris
2133 3276 2182 3319 et
2208 3269 2345 3320 chal-

99 3336 358 3399 cographi:
413 3338 797 3399 quotiescunque
835 3341 994 3385 tamen
1035 3337 1120 3386 illa
1153 3337 1454 3400 relegebam,
1494 3339 1573 3388 vel
1614 3342 2108 3405 augmentationibus,
2150 3343 2228 3393 vel
2267 3343 2344 3392 di-

13 3413 16 3450 !
101 3407 503 3468 lucidationibus,
551 3409 629 3458 vel
676 3409 1134 3471 transpositionibus
1187 3414 1347 3459 textus
1391 3412 1654 3461 necessitas
1693 3414 2017 3477 imponeretur
2053 3429 2216 3466 novae
2255 3414 2344 3466 de-

98 3482 388 3544 scriptionis.
451 3481 529 3530 lta
565 3481 760 3541 factum,
802 3488 854 3529 ut
893 3480 952 3530 de
991 3483 1143 3545 primo
1174 3482 1437 3547 exemplari
1461 3498 1522 3533 ne
1548 3487 1810 3549 vestigium
1835 3486 2035 3551 quidem
2068 3495 2346 3553 superesset

16 3575 17 3583 κ
102 3554 149 3601 iu
188 3566 263 3614 eo,
302 3552 432 3615 quod
471 3552 737 3602 exhibitum
777 3561 851 3602 est
888 3553 1261 3619 chalcographo.
1325 3554 1439 3605 Jam
1479 3556 1608 3620 quod
1635 3557 1839 3622 Lunam,
1879 3560 2183 3626 planetarum
2223 3562 2341 3611 ulti-

101 3638 255 3680 mum,
310 3626 506 3683 attinet,
563 3626 759 3689 quando
813 3627 1016 3690 primum
1070 3640 1162 3690 ego
1215 3629 1427 3681 animum
1473 3629 1536 3679 ad
1586 3629 1847 3684 editionem
1898 3634 2044 3698 hujus
2091 3635 2343 3699 Epitomes

101 3695 274 3758 adieci,
313 3697 447 3747 nulla
483 3696 611 3747 illius
647 3699 878 3761 singulari
912 3714 1026 3749 cura
1053 3700 1267 3762 tenebar,
1306 3708 1559 3767 propterea
1588 3704 1719 3769 quod
1739 3706 1844 3769 Jam
1869 3714 2114 3757 exstarent
2142 3707 2342 3771 Tycho-

102 3770 177 3815 nis
226 3768 401 3818 Brshei
448 3772 805 3835 suppositiones
858 3771 918 3821 de
968 3771 1137 3835 Luna3
1199 3787 1326 3836 quae
1374 3789 1488 3826 vero
1538 3778 1585 3825 in
1635 3792 1812 3841 genere
1862 3787 2088 3845 poteraut
2136 3781 2355 3829 inveniri

21 3891 23 3897 s
100 3839 528 3910 aequipollentiae,
563 3844 741 3907 quibus
778 3845 924 3895 etiam
962 3844 1110 3909 hujus
1147 3846 1373 3912 planetae
1411 3854 1572 3902 motus
1602 3850 1727 3904 adeo
1752 3852 2053 3919 multiplices
2079 3852 2143 3902 ad
2170 3865 2343 3903 causas

1139 4011 1142 4015 .
1531 3973 1626 4012 ·.-’·’

1113 4019 1158 4059 ὃ.
