2554 4140
245 154 346 206 602
986 143 1041 210 In
1069 158 1312 215 Epitomen
1339 160 1487 207 Notae
1516 162 1731 208 Editoris.
1755 205 1762 213 ,

244 305 484 352 gnmentum
516 290 782 355 obliquitatis
816 279 922 344 1560
954 306 1016 359 9⁴,
1058 308 1176 356 cujus
1206 305 1378 355 antilog.
1409 308 1524 348 8926
1557 308 1662 347 adde
1691 310 1985 350 semidiametri
2024 310 2182 350 circelli
2223 310 2377 350 formae
2415 311 2486 352 IV.

242 359 315 401 47⁴
347 361 428 401 10⁴⁴
460 361 706 409 legarithmo
737 363 934 416 429035,
978 369 1137 402 summa
1175 366 1348 405 437961
1396 365 1469 403 dat
1499 367 1737 416 prosthaph.
1775 368 1847 409 43⁴
1879 369 1934 409 6⁴¹
1942 399 1955 423 ,
1996 368 2318 409 subtrahendam
2360 367 2487 421 obliq.
2531 410 2534 413 Α

242 419 403 458 mediae
434 416 513 458 240
545 420 613 459 17⁴
652 420 738 459 40⁴⁴
749 434 758 470 ;
802 424 934 460 restat
972 420 1198 471 obliquitas
1239 427 1445 474 tanquam
1480 435 1554 473 per
1590 424 1852 473 librationem
1884 428 1930 465 in
1971 427 2126 466 circelli
2167 427 2367 465 diametro
2410 426 2491 467 230

242 479 311 516 34⁴
343 475 443 517 34⁴⁴.
505 476 588 516 Sed
618 478 718 527 quia
748 479 946 518 statuitur
975 490 1060 518 non
1088 479 1248 531 librari,
1281 480 1352 520 sed
1384 482 1599 520 circumire
1627 482 1680 519 1ιι
1705 482 1892 534 circello,
1922 488 2011 534 ejus
2044 485 2235 524 diametri
2266 484 2350 533 log.
2382 496 2486 524 eun-

244 534 334 572 dem
373 534 478 573 adde
508 534 588 583 log.
621 537 853 584 argumenti
884 538 1050 588 90549‚
1089 551 1253 578 summa
1284 540 1458 579 519584
1498 539 1747 579 asservanda
1783 541 1835 580 ad
1872 544 2107 593 sequentia,
2149 542 2222 582 sed
2253 554 2361 594 quae
2396 544 2486 592 jam
2515 585 2518 589 ,

239 603 289 630 ex
320 594 403 634 tab.
437 594 701 633 correctionis
734 594 901 633 exhibet
933 597 1001 646 7⁴⁴,
1032 598 1092 636 ita
1122 598 1169 635 fit
1199 601 1385 636 correcta
1413 598 1538 648 hujus
1568 597 1683 636 modi
1715 599 1938 648 obliquitas
1968 600 2048 641 230
2080 601 2149 641 34’
2180 601 2280 641 41”.

413 650 455 706 2)
488 652 552 689 Ab
585 656 802 701 aggregato
836 653 1009 696 519584
1041 656 1238 694 subtrahe
1266 654 1354 704 log.
1385 653 1464 696 230
1495 657 1564 696 34’
1598 657 1668 696 32’
1673 655 1686 678 ⁴
1718 657 1814 704 (obl.
1846 658 2117 710 incorrectae)
2151 660 2314 708 91640,
2357 662 2491 698 restat

236 709 424 750 427944.
488 709 553 748 Ad
575 710 654 749 hoc
674 710 886 750 residuum
908 713 1011 752 adde
1033 714 1162 762 obliq.
1186 713 1344 752 mediae
1366 714 1538 763 antilog.
1562 716 1689 764 9273,
1721 725 1880 754 summa
1900 717 2071 757 437217
2097 718 2269 756 exhibet
2290 689 2360 757 4'3‘
2382 718 2491 758 27⁴⁴.

241 768 479 819 prosthaph.
512 770 676 819 aequin.
710 771 958 822 quaesitam.
1019 772 1072 811 Et
1102 772 1204 824 quia
1243 776 1527 820 argumentum
1561 773 1826 824 obliquitatis
1866 777 1928 812 est
1958 786 2010 813 ex
2038 776 2171 825 primo
2214 774 2490 827 semicirculo,

285 823 492 868 ,91560
467 826 522 879 9’,
555 837 682 880 quare
713 828 817 867 haec
846 829 1230 880 prosthaphaeresis
1261 831 1617 883 aequinoctiorum
1652 835 1714 870 est
1744 831 1950 870 addenda.

412 919 483 974 94)
514 933 558 971 p.
592 921 696 963 525.
753 922 1025 972 Praeceptum
1060 924 1159 964 188.
1191 924 1293 965 Tab.
1325 923 1431 963 Rud.
1469 925 1549 963 hoc
1587 927 1666 963 e'st:
1711 922 1839 980 >Quo
1882 923 1954 967 die
1991 923 2205 982 cujusque
2235 926 2350 970 anni
2387 930 2493 970 ante

238 984 306 1028 vel
329 989 438 1040 post
471 983 700 1029 Christum
730 986 967 1043 continyat
997 988 1331 1045 aequinoctium
1345 989 1392 1031 ’ἔα
1459 986 1606 1044 Supra
1627 999 1727 1043 cap.
1747 986 1891 1032 XXX.
1923 988 1969 1031 in
1991 987 2290 1045 descriptione
2310 990 2492 1035 tabulae

245 1047 541 1094 subsidiariae
571 1056 774 1095 motuum
807 1050 922 1094 Solis
955 1051 1152 1096 didicisti
1184 1053 1341 1105 obiter,
1373 1059 1634 1110 computare
1667 1052 1784 1097 diem
1815 1052 2087 1107 aequinoctii
2116 1053 2229 1110 veri;
2276 1055 2356 1099 sed
2386 1067 2491 1110 sup-

238 1115 434 1191 positum
465 1121 576 1173 erat,
607 1121 776 1173 puncta
806 1116 1155 1172 aequinoctialia
1185 1118 1269 1162 sub
1300 1118 1406 1163 fixis
1437 1119 1688 1174 aequaliter
1716 1124 1838 1164 retro
1868 1131 2048 1175 repere,
2082 1118 2187 1176 quia
2216 1119 2493 1175 praecessio·
2504 1173 2509 1177 .

237 1181 306 1226 nis
337 1180 471 1237 hujus
503 1181 804 1239 inaequalitas
835 1182 1008 1227 incerta
1038 1189 1127 1240 est,
1175 1188 1297 1229 certe
1328 1178 1457 1228 tanta
1485 1197 1579 1228 non
1610 1189 1700 1238 est,
1744 1189 1958 1242 quantam
1990 1184 2263 1240 Copernicus
2295 1182 2493 1227 tradidit.

239 1247 351 1292 Vide
381 1247 618 1306 Progymn.
649 1249 891 1307 Tychonis.
924 1252 1049 1294 Tom.
1078 1248 1113 1293 1.
1171 1249 1305 1294 Nunc
1336 1250 1424 1295 hoc
1456 1243 1624 1306 capite,
1667 1263 1768 1294 cum
1800 1262 1857 1292 ex
1887 1248 2031 1293 forma
2061 1248 2336 1306 obliquitatis
2369 1247 2494 1304 quin·

239 1313 409 1373 tuplice
440 1314 648 1370 totuplex
681 1316 815 1360 etiam
847 1319 1088 1359 enascatur
1117 1315 1544 1371 prosthaphaeresis
1578 1315 1985 1371 aequinoctiorum,
2034 1319 2324 1372 praeceptum
2355 1313 2494 1370 igitur
2543 1371 2550 1379 Ι

241 1378 531 1435 computandi
562 1378 678 1424 diem
711 1385 757 1424 et
787 1381 945 1424 horam
975 1381 1249 1436 aequinoctii
1279 1381 1548 1426 tradendum
1578 1387 1650 1426 est
1680 1380 1911 1438 generale,
1944 1380 2074 1437 cujus
2106 1380 2329 1426 certitudo
2361 1379 2495 1425 aesti-

241 1443 403 1489 manda
434 1449 503 1489 est
534 1458 590 1488 ex
620 1445 720 1502 ipso
755 1445 965 1501 dogmate
997 1447 1217 1504 cujusque
1247 1448 1431 1493 formae.

413 1510 486 1554 Ex
529 1512 696 1556 tabulis
737 1518 939 1558 motuum
977 1511 1226 1557 mediorum
1258 1513 1376 1558 Solis
1414 1513 1471 1558 ad
1503 1527 1646 1558 annos
1679 1513 1808 1560 datos
1841 1513 2089 1571 completos
2131 1511 2292 1570 collige
2323 1515 2494 1556 motum

238 1573 356 1619 Solis
386 1575 580 1620 medium
612 1582 658 1621 et
688 1577 837 1622 locum
868 1577 1060 1633 apogaei
1090 1577 1160 1623 vel
1192 1579 1291 1634 ejus
1321 1579 1422 1624 loco
1454 1580 1725 1625 anomaliam
1755 1592 1964 1633 annuam.
2025 1580 2154 1624 Tunc
2175 1577 2318 1623 motui
2347 1576 2494 1622 medio

237 1641 352 1686 adde
385 1647 452 1686 tot
483 1644 717 1698 mensium,
751 1643 925 1688 dierum
958 1649 1004 1688 et
1034 1643 1246 1689 horarum
1278 1651 1447 1689 motum
1467 1646 1679 1699 medium,
1713 1641 1863 1703 quoad
1892 1644 1964 1688 vel
1986 1643 2180 1689 circulus
2211 1642 2346 1686 fuerit
2376 1654 2494 1686 com-

235 1707 403 1764 pletus,
436 1721 520 1764 pro
552 1709 839 1765 aequinoctio
871 1721 1030 1765 verno,
1063 1709 1133 1752 vel
1163 1710 1348 1767 insuper
1379 1711 1711 1759 semicirculus,
1742 1724 1825 1767 pro
1857 1710 2120 1755 autumnali.
2180 1711 2250 1754 Ita
2279 1708 2495 1754 constitu-
2539 1715 2543 1720 ‘

234 1777 330 1816 tum
361 1772 446 1817 erit
474 1778 652 1831 tempus
684 1774 958 1830 aequinoctii
988 1776 1137 1821 medii.
1171 1777 1329 1822 Tunc
1358 1789 1441 1833 per
1470 1776 1741 1822 anomaliam
1773 1777 1890 1822 Solis
1930 1775 2002 1820 vel
2033 1775 2266 1820 collectam
2306 1773 2376 1818 vel
2405 1772 2494 1817 for-

235 1836 446 1882 mandam
484 1854 566 1906 per
604 1853 857 1898 apogaeum
899 1845 945 1885 et
980 1846 1153 1887 motum
1190 1841 1384 1887 medium
1426 1848 1700 1898 excerpatur
1728 1841 2152 1900 prosthaphaeresis
2183 1841 2263 1899 Ε)
2280 1853 2381 1884 cum
2412 1850 2495 1882 suo

234 1904 380 1961 titulo,
412 1920 494 1963 per
526 1907 713 1952 candem
745 1912 792 1952 et
822 1907 1008 1952 diurnus
1040 1914 1087 1952 et
1117 1908 1325 1954 horarius
1358 1907 1475 1952 Solis
1515 1919 1571 1951 ex
1603 1907 1900 1953 subsidiariis.
1963 1906 2135 1962 Quodsi
2163 1904 2279 1949 nulla
2308 1903 2494 1960 ponitur

233 1970 333 2015 fieri
361 1973 785 2030 prosthaphaeresis
828 1974 1238 2030 aequinoctiorum,
1280 1972 1378 2017 sola
1415 1972 1627 2029 aequatio
1660 1972 1782 2017 Solis
1822 1972 2047 2019 dividatur
2084 1984 2166 2030 per
2196 1970 2403 2015 diurnum
2447 1973 2492 2012 et.

234 2036 488 2095 horarium,
518 2039 582 2083 ita
610 2040 856 2096 prodibunt
889 2040 999 2098 dies,
1031 2041 1171 2086 horae
1203 2045 1248 2085 et
1278 2040 1471 2091 minuta,
1503 2038 1712 2083 addenda
1742 2038 1799 2083 ad
1829 2043 2008 2095 tempus
2039 2035 2310 2093 aequinoctii
2341 2034 2489 2089 medii,

234 2105 272 2149 si
303 2105 738 2150 subtrahendaerat
768 2105 992 2161 aequatio,
1024 2103 1356 2159 subtrahenda,
1389 2104 1429 2149 si
1459 2104 1574 2148 haec
1604 2102 1709 2148 addi
1740 2103 1947 2158 deberet,
1981 2109 2032 2148 ut
2060 2104 2283 2148 habeatur
2312 2106 2490 2158 tempus

237 2171 506 2229 aequinoctii
536 2171 644 2216 veri.
707 2171 786 2216 Sin
826 2176 977 2215 autem
1008 2173 1224 2217 statuitur
1254 2170 1406 2227 aliqua
1442 2168 1866 2227 prosthaphaeresis
1903 2168 2309 2225 aequinoctiorum,
2356 2170 2493 2226 quae-³

238 2242 367 2280 ratur
395 2236 474 2280 illa
506 2236 753 2282 secundum
787 2248 921 2280 unam
953 2249 1008 2281 ex
1031 2238 1230 2293 quinque
1251 2236 1420 2291 formis,
1454 2247 1571 2292 quae
1591 2234 1828 2291 placuerit,
1861 2247 2015 2279 omnes
2044 2235 2160 2279 enim
2182 2233 2344 2278 dubiae
2374 2237 2494 2278 sunt.

234 2303 333 2348 Hac
363 2302 767 2359 prosthaphaercsi
800 2303 1063 2357 constituta,
1095 2302 1304 2358 pensatio
1343 2301 1441 2346 fieri
1473 2301 1609 2345 debet
1637 2300 1684 2343 in
1713 2305 1838 2344 motu
1871 2299 2011 2358 Solis,
2058 2305 2111 2344 ut
2139 2298 2258 2357 quod
2287 2298 2494 2355 prestha-

234 2367 467 2426 phaeresis
498 2367 588 2412 ista
619 2368 794 2425 demsit,
826 2367 1022 2413 vicissim
1052 2368 1244 2412 mutatio
1277 2372 1426 2411 motus
1446 2366 1582 2410 medii
1611 2371 1804 2422 reponat
1831 2371 1986 2411 nostro
2016 2371 2234 2422 tempore.
2296 2365 2494 2423 Cumque

235 2433 440 2491 pensatio
472 2432 519 2477 in
549 2434 625 2479 IV.
657 2439 703 2478 et
733 2434 787 2478 V.
819 2430 974 2477 formis
1006 2444 1134 2476 suam
1165 2431 1333 2476 habeat
1357 2431 1577 2487 epocham
1611 2433 1670 2487 (in
1692 2433 1802 2474 calce
1830 2432 2140 2488 subscriptam),
2169 2431 2283 2476 haec
2315 2431 2494 2487 quidem

236 2509 414 2554 semper
434 2505 503 2543 est
526 2499 848 2555 subtrahenda,
871 2497 1078 2555 pensatio
1097 2510 1275 2554 semper
1297 2497 1412 2554 add,
1435 2496 1861 2554 prosthaphaeresis
1883 2502 1934 2542 ut
1953 2502 1999 2541 et
2020 2495 2227 2553 aequatio
2240 2496 2356 2542 Solis
2377 2508 2496 2542 nuno

236 2562 375 2607 subtr.
408 2577 529 2609 nunc
558 2564 660 2610 add.
720 2566 879 2620 Itaque
912 2569 1108 2620 quatuor
1136 2565 1224 2608 ista
1255 2564 1292 2609 si
1323 2563 1491 2609 fuerint
1523 2563 1726 2620 ejusdem
1756 2563 1891 2619 tituli,
1922 2562 2254 2619 conjungantur
2283 2562 2330 2606 in
2359 2572 2494 2607 uuam

236 2641 474 2686 summam,
507 2631 576 2676 sin
607 2631 908 2694 diversorum,
951 2631 1126 2676 minora
1158 2630 1361 2686 ejusdem
1392 2630 1513 2676 tituli
1543 2643 1570 2675 a
1600 2629 1848 2687 majoribus
1878 2624 2226 2683 subtrahantur,
2264 2627 2494 2673 residuum

233 2693 518 2750 insigniatur
527 2697 660 2742 titulo
690 2699 885 2755 maioris.
948 2697 1021 2743 sic
1052 2697 1235 2745 tandem
1265 2697 1337 2741 vel
1370 2710 1570 2743 summae
1609 2696 1680 2740 vel
1718 2694 1891 2741 residui
1931 2692 2068 2748 hujus
2106 2692 2187 2738 fiat
2218 2692 2374 2737 divisio
2411 2700 2494 2749 per-
2550 2709 2554 2740 2

235 2759 441 2804 diurnum
471 2760 542 2806 vel
571 2762 801 2808 horarium
834 2766 953 2812 Solis
987 2771 1032 2810 et
1062 2762 1303 2852 quotientis
1335 2762 1584 2819 applicatio
1615 2760 1671 2805 ad
1703 2767 1882 2819 tempus
1903 2759 2175 2816 aequinoctii
2195 2759 2330 2805 medii
2358 2759 2496 2805 titulo
2548 2767 2554 2808 Ι

234 2824 361 2870 divisi
391 2827 633 2884 contraria,
667 2832 718 2873 ut
746 2830 888 2887 prius.

405 2910 607 2962 Exemplo
639 2916 726 2952 esto
759 2916 1070 2966 aequinoctium
1101 2912 1348 2964 Hipparchi,
1381 2922 1489 2951 anno
1515 2913 1597 2952 147
1630 2914 1724 2951 ante
1756 2909 1965 2950 Christum
1997 2911 2284 2964 observatum3
2327 2909 2529 2961 colligi·
2525 2875 2554 2934 Ἰ

235 2981 324 3008 mus
359 2981 405 3008 eo
438 2981 546 3008 anno
578 2971 749 3019 ineunte
781 2985 1012 3023 apogaeum
1042 2974 1087 3011 in
1118 2971 1168 3012 5⁰
1197 2973 1270 3012 49⁴
1300 2969 1385 3010 45⁴¹
1415 2974 1497 3019 Π,
1517 2969 1639 3011 Solis
1661 2968 1850 3009 medius
1851 2971 1896 3008 in
1927 2960 1970 3010 9
2002 2969 2042 3010 7.
2074 2970 2146 3009 28
2178 2970 2246 3010 31.
2307 2967 2492 3009 Februa-³
2544 2934 2554 3008 i

237 3029 320 3067 rius
351 3028 452 3066 anni
482 3030 712 3068 communis
743 3031 862 3071 addit
886 3035 923 3072 1.
958 3033 1026 3072 28.
1060 3033 1100 3072 9,
1135 3032 1204 3071 11.
1237 3034 1278 3069 et
1306 3030 1414 3068 fiunt
1435 3031 1504 3070 11.
1527 3030 1570 3069 5.
1594 3030 1661 3068 37.
1682 3030 1753 3069 42.
1812 3029 1914 3066 Dies
1945 3029 2002 3068 24
2032 3027 2191 3067 addunt
2222 3030 2292 3068 23.
2327 3030 2396 3068 39.
2420 3030 2491 3083 20,
2534 3068 2537 3077 Ξ

179 3079 183 3082 ’
235 3087 420 3138 fiuntque
460 3089 528 3127 11.
563 3089 629 3128 29.
666 3090 732 3130 17.
767 3091 817 3140 2,
857 3090 1050 3130 residuus
1090 3089 1146 3128 ad
1184 3086 1474 3139 impletionem
1512 3087 1668 3131 circuli
1687 3091 1750 3126 est
1790 3090 1930 3127 motus
1967 3087 2158 3125 horarum
2205 3088 2276 3127 17.
2315 3088 2384 3127 26.
2419 3089 2495 3135 24.

237 3143 345 3182 Hinc
380 3144 431 3182 ad
473 3157 712 3194 apogaeum
740 3149 1088 3199 complementum
1133 3146 1365 3186 anomaliae
1403 3149 1645 3185 numeratur
1685 3143 1763 3186 650
1805 3144 1892 3198 50⁴,
1939 3143 2051 3193 quod
2090 3144 2161 3183 dat
2199 3146 2496 3198 aequationem

239 3199 287 3242 10
319 3202 357 3240 5’
390 3203 472 3242 52”
513 3203 770 3259 addendam,
813 3208 1027 3247 invenitur
1069 3209 1209 3245 autem
1250 3203 1392 3244 eodem
1430 3215 1541 3243 anno
1583 3205 1663 3244 147
1698 3204 1853 3254 prosth.
1897 3202 2255 3255 aequinoctiorum
2300 3205 2368 3244 10¹
2403 3199 2492 3255 36¹¹

237 3259 528 3302 subtrahenda.
593 3262 788 3304 Vicissim
811 3266 914 3317 quia
935 3277 1072 3304 annus
1097 3264 1178 3304 147
1202 3268 1296 3302 ante
1319 3261 1531 3301 Christum
1550 3261 1678 3301 distat
1700 3263 1753 3301 ab
1777 3262 1934 3312 epocha
1964 3261 2183 3300 creationis
2209 3262 2321 3302 3853
2354 3260 2499 3330 annis,

235 3329 309 3369 per
330 3317 409 3355 hoc
429 3319 691 3360 intervallum
715 3322 932 3377 colligitur
952 3323 1146 3374 pensatio
1168 3322 1324 3371 primae
1345 3322 1498 3359 formae
1523 3320 1590 3365 11(
1611 3310 1801 3359 addenda
1821 3321 1910 3359 sine
1932 3319 2101 3369 epoclia.
2136 3317 2386 3369 Compositis
2408 3320 2488 3370 igi-

237 3381 305 3420 tur
343 3374 545 3414 addendis
586 3382 625 3416 et
662 3382 899 3434 subtracto,
943 3380 1058 3432 quod
1090 3384 1153 3420 est
1197 3379 1545 3433 subtrahendum,
1587 3379 1775 3418 residuus
1807 3382 1869 3418 est
1901 3375 1949 3417 10
1980 3377 2183 3428 52’18”,
2224 3378 2298 3429 qui
2331 3378 2489 3418 divisui

176 3455 180 3458 ·
237 3445 309 3484 per
346 3433 537 3471 diurnum
567 3433 623 3489 Θ
656 3438 860 3492 58⁴10‘,⁴
892 3441 997 3480 facit
1027 3439 1067 3480 d.
1102 3441 1140 3479 1.
1173 3438 1212 3480 h.
1248 3442 1285 3479 1.
1319 3439 1389 3492 22.
1420 3438 1520 3490 2Ο”,
1554 3437 1832 3476 subtrahenda
1861 3436 2036 3485 tempori
2066 3436 2317 3485 aequinoctii
2346 3436 2494 3487 medii,

239 3496 286 3532 ut
313 3493 388 3531 flat
417 3502 559 3531 verum
590 3497 896 3545 aequinoctium
940 3510 1047 3537 anno
1081 3498 1187 3545 147,
1220 3499 1407 3536 currente
1439 3496 1505 3534 die
1536 3498 1606 3536 23.
1638 3494 1799 3546 Martii,
1841 3494 1954 3533 horis
1994 3505 2020 3532 a
2058 3493 2228 3532 meridie
2258 3494 2532 3536 Uranibutq

239 3551 330 3600 gico
363 3550 434 3590 19.
465 3550 505 3589 6.
540 3551 621 3603 24,
663 3555 889 3594 secundum
928 3556 1037 3595 hanc
1066 3557 1244 3605 primam
1273 3554 1445 3593 formam
1475 3554 1636 3604 prosth.
1665 3527 2046 3620 aequinoctiorum,
2085 3551 2278 3591 differens
2324 3554 2376 3592 ab
2424 3563 2486 3607 (ιο,

241 3607 353 3662 quod
385 3608 476 3647 sine
506 3609 859 3659 prosthaphaeresi
902 3619 1207 3665 computamus,
1246 3614 1444 3666 minimo,
1482 3622 1576 3651 nam
1615 3614 1663 3650 ut
1703 3611 1747 3650 id
1793 3611 1852 3650 sic
1889 3611 2004 3648 fleret
2036 3614 2223 3660 tempore
2253 3563 2538 3722 Hipparchi]¹

241 3671 282 3707 et
309 3669 470 3717 nostro,
502 3668 686 3716 pensatio
718 3668 813 3708 huic
841 3669 998 3710 formae
1027 3676 1075 3711 ut
1104 3676 1144 3711 et
1175 3672 1321 3717 ceteris
1353 3682 1427 3710 sua
1458 3672 1607 3724 cuique
1643 3673 1705 3709 est
1735 3653 1940 3719 adjuncta.

398 3735 611 3780 -Cautela
672 3735 771 3780 Hoc
802 3743 951 3781 autem
981 3744 1224 3796 praecepto
1255 3740 1350 3786 dies
1371 3738 1768 3797 aequinoctiorum,
1799 3742 1849 3781 ut
1870 3749 1947 3781 eos
1968 3736 2253 3783 Ptolemaeus
2278 3586 2548 3798 perhibet:³

244 3817 271 3848 a
305 3815 354 3848 se
383 3814 484 3847 esse
527 3801 812 3857 observatos,
855 3815 946 3846 non
985 3810 1382 3878 repraesentantur
1412 3804 1678 3851 omnimode.
1739 3802 1961 3859 Quicquid
1997 3802 2133 3858 igitur
2173 3803 2247 3848 hic
2278 3801 2530 3849 differant

242 3870 314 3916 vel
342 3868 463 3917 modi
492 3869 610 3915 inter
639 3878 689 3914 se
718 3866 789 3914 vel
820 3879 847 3911 a
878 3868 1192 3929 praecessione
1223 3871 1464 3934 aequabili,
1494 3869 1608 3922 nihil
1635 3867 1802 3918 moveri
1842 3866 2054 3917 debemus
2084 3868 2350 3925 auctoritate
2379 3868 2482 3918 Pto·
2520 3887 2529 3924 q
