2554 4140
210 114 314 164 240
1042 111 1276 168 Epitomes
1305 111 1621 158 Astronomiae
1727 123 1760 136 Ψ

209 257 599 321 aequinoctialia,
638 259 739 307 suis
777 264 1046 322 aequantur
1071 260 1450 322 ascensionibus,
1492 266 1626 309 extra
1665 259 1859 322 quidem
1891 260 2117 326 polarem,
2156 264 2240 312 ubi
2267 263 2453 313 medie-

209 337 333 379 tates
380 330 473 380 hae
511 336 714 394 possunt
751 331 1040 392 ascendere,
1091 332 1255 382 nullae
1293 339 1544 397 praeterea
1582 331 1902 396 undecunque
1940 336 2187 399 inceptae,
2237 337 2286 383 in
2325 351 2451 399 qua-

209 416 400 465 cunque
437 404 680 466 positione
718 403 953 467 sphaerae
991 405 1206 468 obliqua.
2270 435 2277 439 -

353 475 610 538 Compara
658 478 808 525 etiam
857 484 1110 540 seymenta
1155 478 1342 525 harum
1390 477 1712 525 medietatum
1766 480 2133 542 principalium
2185 494 2300 527 cum
2348 482 2452 527 suis

206 546 419 609 obliquis
455 548 839 598 ascensionibus.
912 550 1090 599 Nullus
1128 564 1266 599 arcus
1305 547 1556 613 eclipticae
1593 551 1748 598 minor
1771 550 2088 612 semicirculo,
2127 566 2286 614 neque
2318 558 2452 600 extra

642 662 724 704 mg,
749 661 803 696 42·
1242 623 1480 685 tropicum
1511 635 1670 684 neque
1694 623 1951 672 introrsum
1974 637 2127 686 usque
2153 623 2215 672 ad
2241 623 2453 672 medium

1243 694 1368 742 inter
1419 696 1656 758 tropicum
1708 700 1756 744 et
1810 701 2146 759 aequatorem,
2212 702 2451 759 aequatur

1242 780 1361 815 suae
1407 768 1679 815 ascensioni
1732 768 1976 832 obliquae.
2052 769 2097 816 A
2134 768 2295 817 medio
2334 782 2450 818 vero

1240 837 1350 887 loco
1399 840 1523 888 inter
1569 840 1806 903 tropicum
1855 849 1902 890 et
1940 847 2253 902 aequatorem
2295 855 2451 904 usque

1240 910 1304 959 ad
1341 916 1668 974 aequatorem‚
1709 911 1853 962 ducto
1880 913 2062 962 circulo
2087 913 2175 963 VE
2201 914 2449 964 bisecante

701 817 800 849 AV

1239 1128 1370 1191 quod
1410 1129 1464 1177 fit
1500 1130 1638 1178 initio
1676 1131 1827 1179 semel
1866 1129 1999 1197 (tunc
2036 1145 2101 1180 sc.
2141 1145 2249 1180 cum
2294 1145 2451 1196 punc-

1236 1207 1340 1250 tum
1402 1200 1658 1250 solstitiale
1721 1203 1874 1251 altum
1938 1202 2188 1268 culminat)
2213 1255 2218 1258 ,
2247 1206 2448 1269 propius

1237 1281 1554 1337 aequatorem
1591 1275 1680 1334 bis,
1722 1281 1836 1325 tunc
1873 1290 1989 1326 sane
2027 1276 2226 1336 accidit,
2278 1283 2332 1325 ut
2369 1291 2451 1325 ar-

1237 1360 1323 1396 cus
1343 1345 1594 1410 eclipticae
1623 1345 1723 1406 EO,
1762 1349 1823 1397 ab
1863 1350 2171 1412 acquinoctio
2209 1350 2446 1413 inceptus,

1237 1425 1473 1483 aequetur
1519 1421 1792 1469 ascensioni
1842 1436 1960 1470 suae
2007 1420 2236 1485 obliquae
2275 1420 2360 1483 ΕΩ
2400 1428 2448 1471 et

1236 1494 1308 1541 sic
1345 1494 1392 1539 in
1431 1491 1527 1541 hoc
1562 1507 1681 1542 casu
1717 1493 2003 1543 medietates
2027 1495 2313 1544 circulorum
2349 1495 2450 1557 pri-

1236 1566 1420 1614 mariae
1457 1573 1682 1614 secantur
1709 1566 1771 1615 ab
1808 1566 2057 1616 horizonte
2094 1567 2143 1614 in
2181 1573 2445 1631 segmenta,

1235 1638 1353 1686 bina
1377 1651 1565 1703 semper
1602 1641 1898 1688 contermina
1924 1638 2167 1703 aequalia.
2242 1640 2304 1688 Et
2328 1639 2448 1689 haec

1237 1716 1490 1773 segmenta
1540 1716 1654 1759 sunt
1704 1711 1754 1759 in
1799 1713 1912 1776 ipso
1961 1711 2120 1761 medio
2166 1710 2276 1762 loco
2325 1713 2450 1761 inter
2539 1770 2545 1775 ,

201 1786 439 1850 tropicum
477 1790 526 1834 et
563 1789 877 1848 aequatorem
904 1782 1212 1847 quadrantes,
1252 1782 1304 1831 id
1329 1790 1402 1832 est
1438 1783 1554 1832 bina
1578 1784 1960 1848 uniuscujusque
1999 1784 2164 1835 circuli
2190 1783 2446 1849 aequalia3

200 1873 369 1908 versus
408 1863 720 1921 aequatorem
758 1863 871 1905 sunt
906 1856 1186 1919 inaequalia
1222 1857 1377 1918 magis
1415 1857 1683 1920 magisque.

354 1930 491 1995 Quid
525 1931 784 1980 varietatis
819 1931 985 1980 oritur
1018 1944 1110 1993 per
1146 1929 1368 1978 diversas
1402 1929 1653 1992 sphaeras,
1692 1931 1748 1978 in
1786 1932 2163 1993 comparatione
2198 1931 2446 1979 ascensio-

198 2019 327 2053 num
364 2004 685 2067 obliquarum
723 2017 839 2065 cum
875 2002 1056 2051 rectis?
1112 2004 1156 2050 1.
1195 2001 1326 2051 Inter
1364 2008 1679 2064 aequatorem
1716 2007 1764 2051 et
1800 2001 2016 2067 polarem
2041 2017 2229 2051 summa
2267 2015 2443 2051 ascen-

201 2078 392 2125 sionum
429 2082 683 2136 rectarum,
724 2090 846 2138 quas
884 2074 1067 2124 habent
1104 2075 1313 2139 oppositi
1352 2074 1448 2142 duo
1487 2088 1627 2123 arcus
1653 2073 1899 2138 aequales,
1941 2082 2016 2124 est
2041 2074 2299 2124 distributa
2323 2076 2447 2128 inter

199 2149 460 2199 eorundem
509 2151 818 2204 ascensiones
865 2147 1105 2210 obliquas.
1191 2146 1292 2196 Sub
1344 2146 1501 2211 polari
1553 2161 1679 2196 unus
1725 2149 2056 2212 oppositorum
2103 2147 2252 2197 habet
2300 2147 2438 2208 nibil,

201 2221 323 2271 alter
358 2228 541 2283 totum,
578 2221 674 2271 hoc
712 2227 786 2270 est
820 2234 1059 2269 summam
1096 2225 1145 2269 et
1182 2234 1300 2269 suae
1338 2226 1387 2269 et
1423 2221 1498 2268 sui
1538 2221 1747 2284 oppositi
1787 2234 1926 2270 arcus
1963 2222 2299 2270 ascensionum
2336 2233 2444 2269 rec-

198 2301 370 2356 tarum,
411 2294 606 2359 duplam
644 2308 710 2343 sc.
752 2295 1084 2343 ascensionem
1122 2292 1371 2355 obliquam
1408 2298 1581 2342 rectae.
1655 2293 1790 2342 Intra
1814 2293 2029 2357 polarem
2054 2307 2194 2342 arcus
2233 2294 2442 2343 orientes

202 2366 368 2417 ordine
404 2373 535 2416 recto
574 2381 671 2415 non
710 2372 898 2415 tantum
938 2365 1136 2430 duplum
1171 2364 1352 2415 habent
1389 2379 1507 2414 suae
1546 2366 1844 2415 ascensionis
1883 2372 2068 2431 rectae,
2116 2364 2202 2415 sed
2247 2366 2484 2429 insupers

201 2439 387 2490 addunt
424 2441 756 2490 ascensionem
795 2431 1046 2502 obliquam‘
1068 2451 1207 2486 arcus
1247 2439 1458 2503 oppositi
1485 2444 1794 2502 praepostere
1833 2440 2043 2488 orientis.
2116 2438 2266 2487 Extra
2300 2438 2446 2502 pola-

201 2527 303 2562 rem
355 2513 503 2576 igitur
549 2528 580 2562 a
630 2526 818 2561 summa
867 2513 1205 2561 ascensionum
1258 2512 1508 2573 utriusque
1556 2517 1793 2560 rectarum
1831 2511 1995 2560 ablata
2044 2513 2187 2560 unius
2223 2512 2444 2560 ascensio

195 2591 341 2647 recta,
379 2585 471 2635 sub
509 2585 665 2650 polari
703 2584 921 2634 ablatum
958 2583 1094 2644 nihil,
1135 2583 1353 2632 additum
1391 2583 1526 2632 nihil.
1599 2583 1735 2632 Intra
1771 2584 1986 2648 polarem
2018 2583 2186 2633 addita
2223 2584 2442 2633 ascensio

204 2657 405 2722 obliqua
448 2663 757 2724 praepostere
810 2658 1005 2707 orientis
1061 2658 1311 2706 constituit
1358 2655 1606 2720 obliquam
1650 2658 1982 2706 ascensionem
2032 2671 2172 2706 arcus
2221 2655 2443 2720 aequalis

200 2731 425 2796 oppositi

343 2806 390 2852 2.
440 2803 575 2852 Intra
611 2804 841 2867 tropicos,
879 2801 1073 2865 quando
1111 2802 1335 2866 ecliptica
1372 2817 1456 2866 per
1494 2801 1722 2850 verticem
1758 2803 1955 2862 transit,
2006 2802 2157 2865 partis
2193 2800 2337 2849 unius
2378 2799 2438 2850 de

201 2874 466 2939 quadrante
503 2876 723 2926 ascensio
760 2881 907 2936 recta,
947 2874 1144 2924 alterius
1183 2875 1390 2937 obliqua,
1407 2874 1728 2938 compositae,
1769 2873 2084 2936 quadrantem
2111 2880 2158 2923 et
2194 2875 2302 2938 ipsa
2334 2871 2442 2921 effi-

201 2950 346 2998 ciunt.
422 2946 489 2999 Ut
536 2950 578 2997 si
627 2950 676 2996 in
716 2948 960 2997 schemate
1007 2948 1226 3012 proximo
1274 2962 1370 2996 non
1410 2945 1581 2995 V.sed
1621 2946 1664 2993 A
1704 2953 1833 2995 esset
1883 2953 2078 3004 vertex,
2129 2953 2178 2995 et
2214 2944 2306 3008 ΑΩ
2340 2946 2443 3008 jam
2477 3007 2488 3015 „

199 3018 436 3085 ecliptica,
473 3014 568 3070 VO
607 3027 859 3084 aequator.
933 3019 1070 3070 Tunc
1108 3021 1235 3069 enim
1272 3021 1394 3069 inter
1420 3018 1562 3068 HAR
1598 3017 1916 3067 meridianum
1954 3027 2003 3069 et
2039 3018 2180 3082 HQR
2215 3018 2442 3067 horizon-

148 3111 152 3114 ’
199 3098 296 3141 tem
334 3095 624 3158 interceptus
661 3100 735 3144 est
772 3091 1015 3157 quadrans
1054 3092 1306 3157 eclipticae
1347 3091 1460 3154 AQ,
1499 3106 1595 3140 non
1633 3092 1792 3139 minus
1830 3105 1976 3154 quam
2015 3091 2291 3154 aequatoris
2331 3088 2438 3152 VO,

110 3223 112 3225 v
199 3165 291 3213 etsi
329 3165 591 3215 cardinalia
629 3173 809 3230 puncta
845 3181 940 3215 non
968 3165 1220 3214 inciderint
1243 3167 1291 3212 in
1319 3164 1407 3214 hos
1434 3163 1652 3215 circulos.
1708 3163 1870 3226 Ipsius
1907 3166 2053 3226 igitur
2075 3162 2162 3225 EQ
2188 3177 2285 3212 asc.
2312 3162 2443 3212 obli-

200 3251 299 3300 qua
349 3235 459 3299 EO,
517 3245 565 3287 ct
599 3239 955 3309 ‘complementi
1003 3239 1088 3286 EA
1146 3239 1365 3288 ascensio
1411 3243 1542 3288 recta
1587 3236 1676 3285 EV
1729 3239 1997 3300 composita
2051 3236 2233 3285 faciunt
2291 3233 2442 3299 quad-

198 3308 515 3430 ranteullJnZ?
520 3346 785 3432 innotescit
819 3384 960 3432 nobis
998 3383 1232 3446 anyulus‚
1271 3397 1370 3445 quo
1394 3368 1525 3431 secat
1548 3381 1772 3444 ecliptica
1797 3379 2139 3430 horizontem?
2158 3377 2226 3446 ³⁴)
2266 3380 2443 3429 Conci-

199 3453 429 3518 piendum
468 3460 539 3502 est
575 3456 870 3517 triangulum
897 3455 1044 3504 VNM
1087 3461 1202 3514 (Fig.
1233 3457 1308 3514 40)
1343 3456 1467 3504 inter
1492 3454 1537 3502 V
1567 3454 1809 3512 verticem,
1848 3452 1892 3501 N
1917 3454 2294 3516 ‘nonagesimum
2330 3467 2444 3515 gra-

199 3526 314 3575 dum
340 3526 591 3591 eclipticae
616 3527 678 3575 ab
706 3526 811 3588 ejus
839 3530 1019 3576 oriente
1046 3526 1215 3590 gradu,
1255 3532 1303 3576 et
1339 3528 1464 3576 inter
1486 3531 1718 3591 punctum
1747 3525 1965 3588 ejusdem
1990 3525 2058 3585 M,
2098 3525 2228 3588 quod
2255 3525 2442 3574 coelum

198 3598 397 3651 mediat.
471 3598 529 3647 In
566 3598 662 3647 hoc
686 3599 932 3661 triangulo
969 3602 1123 3663 primo
1150 3601 1472 3662 investigatur
1508 3599 1636 3648 latus
1660 3599 1709 3645 in
1741 3597 1965 3661 ecliptica
1987 3597 2101 3659 NM,
2138 3599 2261 3646 inter
2285 3610 2442 3646 nona-

1240 983 1471 1046 angulum
1537 983 1789 1049 eclipticae
1851 992 1900 1034 et
1961 988 2240 1048 aequatoris
2304 985 2450 1048 OEQ,
2537 996 2539 999 '

1240 1057 1435 1118 quando
1486 1059 1534 1105 in
1580 1057 1708 1106 hunc
1756 1064 1991 1107 sectorem
2047 1064 2212 1108 vertex
2264 1058 2446 1120 incidit,
2523 1104 2526 1105 γ

2548 3293 2554 3329 i

2544 3347 2554 3525 Ξ

2547 3551 2554 3610 i

199 3674 437 3735 gesimum
486 3676 534 3719 et
579 3671 911 3719 meridianum.
987 3672 1117 3720 Dato
1168 3674 1295 3721 enim
1349 3673 1601 3736 eclipticae
1648 3677 1827 3734 puncto
1883 3672 2093 3730 oriente,
2146 3669 2287 3718 datur
2336 3669 2463 3731 ejus
2544 3687 2550 3703 *

200 3747 422 3794 ascensio
462 3743 674 3807 obliqua,
714 3758 745 3792 a
783 3758 880 3806 qua
916 3749 1198 3792 numeratus
1237 3745 1480 3807 quadrans
1516 3749 1658 3802 retro,
1697 3742 1858 3806 prodit
1894 3745 2225 3792 ascensionem
2261 3748 2439 3791 rectam

199 3817 347 3867 medii
385 3816 524 3867 coeli.
598 3816 730 3866 Data
767 3815 874 3879 hac,
912 3813 1053 3864 datur
1091 3817 1236 3864 etiam
1273 3823 1508 3882 punctum
1543 3815 1796 3879 eclipticae
1828 3812 1902 3878 M,
1941 3815 2073 3878 quod
2110 3815 2298 3865 coelum
2334 3827 2439 3864 me-
