2554 4140
233 150 338 198 444
1057 142 1293 199 Epitomes
1322 141 1639 193 Astronomiae

408 287 506 335 Sint
537 287 654 332 enim
684 287 809 331 initio
839 286 887 330 in
918 285 1138 341 oppositis
1170 285 1437 330 circulorum
1467 287 1673 342 partibus
1706 289 1925 336 Terrain
1953 291 2017 348 A,
2056 292 2316 349 planeta=in
2346 294 2399 350 Ο,
2431 299 2479 340 et

230 354 320 399 sint
348 354 509 399 itinera
537 353 584 397 in
616 351 888 396 contrarium
916 358 1048 395 tensa
1066 351 1146 394 AB
1179 356 1224 394 et
1253 350 1345 406 ΟΡ,
1377 352 1614 415 contrariis
1645 353 1782 409 igitur
1811 369 1994 402 arcuum
2024 359 2226 403 terminis
2248 362 2477 416 connexis,

229 419 352 463 verbi
381 433 518 464 causa
546 418 677 462 lineis
706 417 786 461 AO
821 420 867 459 et
896 415 985 471 BP,
1016 427 1202 458 necesse
1233 421 1304 459 est
1333 415 1432 459 fieri
1462 418 1709 462 sectionem
1735 433 1890 466 earnm
1918 428 2121 467 mutuam
2151 425 2273 480 apud
2293 426 2346 483 F,
2377 427 2476 470 loco

179 521 181 529 .
227 486 344 530 inter
374 498 504 530 arcus
534 483 815 530 intermedio,
877 482 1124 538 Oppositae
1156 493 1262 526 vero
1303 483 1664 539 partes'sorbium
1701 486 1872 532 habent
1901 488 2052 533 Solem
2081 489 2122 532 E
2153 488 2478 543 intermedium,

229 550 332 608 quia
363 550 438 595 Sol
470 556 538 594 est
570 549 818 606 Copernico
849 561 926 592 cor
957 552 1001 591 et
1030 545 1154 590 velut
1184 549 1430 592 communis
1463 548 1560 591 axis
1592 549 1787 608 orbium,
1829 558 1880 597 ut
1911 554 2224 598 confirmatum
2264 561 2334 599 est
2363 554 2478 600 libro

227 620 303 663 IV.
334 617 408 662 fol.
442 618 542 664 313.
600 619 723 677 Ergo
757 617 972 673 sequitur,
1005 619 1056 658 ut
1086 614 1135 658 in
1164 613 1315 670 aliqua
1347 615 1536 670 dierum,
1568 618 1731 672 quibus
1755 620 1896 664 sectio
1927 619 1965 663 F
1997 624 2068 663 est
2094 618 2214 663 inter
2232 620 2271 663 A
2294 620 2478 664 Terram

1523 687 1568 726 et
1601 683 1637 728 Ο
1668 684 1921 741 planetam,
1964 685 2042 729 Sol
2072 685 2112 728 E
2154 690 2199 728 et
2228 686 2411 742 planeta
2442 686 2479 731 O

784 736 868 777 mg.
891 736 946 769 86.

1531 761 1587 792 ex
1606 750 1643 793 A
1666 751 1807 796 Terra
1836 751 2072 796 videantur
2092 752 2177 795 sub
2201 751 2359 795 eodem
2379 751 2478 796 loco

1529 813 1720 859 fixarum
1750 817 1978 873 conjuncti
2007 829 2090 873 per
2118 817 2327 862 visoriam
2355 817 2478 862 AEO
2538 852 2542 859 .

1528 881 1796 938 productam
1845 882 1892 926 in
1935 882 2064 927 fixas.
2125 883 2199 927 Ex
2245 894 2326 939 eo,
2372 884 2479 939 quia

1526 1012 1826 1058 remotissima
1855 1013 1973 1058 enim
2004 1019 2073 1058 est
2103 1014 2160 1059 ab
2190 1014 2252 1070 A,
2293 1014 2480 1072 propior

1525 1208 1664 1263 lelas,
1704 1222 1892 1255 necesse
1932 1215 2022 1263 est,
2059 1210 2305 1256 sectionem
2342 1213 2478 1257 inter-

1524 1274 1671 1320 medio
1701 1275 1802 1322 loeo
1833 1277 2032 1321 incidere
2063 1276 2247 1322 tandem
2266 1277 2313 1321 in
2333 1276 2480 1334 ipsam

1525 1341 1713 1386 Terram
1741 1342 1935 1398 indeque
1966 1348 2072 1399 post
2101 1342 2288 1387 Terram
2318 1356 2477 1388 excur-

1523 1420 1624 1452 rere
1663 1408 1710 1452 in
1746 1408 1991 1464 infinitum,
2031 1408 2079 1453 id
2123 1415 2194 1453 est
2231 1402 2482 1453 sectionem

1524 1470 1710 1519 tandem
1739 1474 1910 1519 nullam
1940 1474 2063 1531 fieri;
2094 1481 2146 1519 ut
2177 1475 2318 1519 Terra
2346 1474 2394 1520 in
2416 1476 2480 1532 D,

1445 1575 1458 1583 .
1522 1535 1708 1596 planeta
1738 1538 1783 1583 iu
1816 1538 1853 1582 T
1884 1538 2102 1597 veniente.
2147 1539 2285 1597 Atqui
2315 1540 2354 1585 si
2383 1554 2479 1586 sec-

1523 1605 1586 1650 tio
1616 1603 1775 1650 incidit
1803 1603 1849 1648 in
1867 1603 2053 1649 Terram
2071 1609 2189 1655 (esto
2210 1606 2257 1650 in
2273 1605 2345 1666 H),
2377 1619 2478 1670 cen·

1522 1676 1640 1716 trum
1671 1669 1809 1727 igitur
1838 1668 2006 1713 Terrae
2043 1670 2089 1714 in
2119 1671 2357 1728 posteriori
2388 1671 2477 1717 situ

1523 1801 1591 1846 ria
1634 1800 1772 1857 igitur
1813 1799 1892 1844 illa
1933 1800 2048 1854 (esto
2080 1801 2161 1859 HI)
2200 1802 2382 1847 absecat
2421 1803 2477 1848 ab

1523 1867 1632 1912 orbe
1664 1879 1827 1924 magno
1858 1880 1997 1912 unum
2027 1867 2237 1913 diurnum
2267 1868 2390 1926 apud
2417 1869 2474 1926 H,

1524 2000 1677 2051 orbem
1709 2012 1923 2057 magnum
1953 1999 1998 2044 in
2030 2001 2176 2045 medio
2206 2001 2326 2047 illius
2347 2013 2479 2046 arens

1523 2066 1683 2112 diurni.
1745 2065 1834 2111 Sed
1865 2079 1981 2123 quae
2014 2081 2071 2112 ex
2102 2072 2280 2125 centr0,
2313 2066 2384 2112 eui
2415 2065 2480 2109 vi-

131 2131 135 2134 *
221 2128 350 2175 cinus
384 2135 454 2174 est
486 2131 578 2188 Sol,
610 2135 662 2176 ut
691 2131 788 2188 EH,
823 2131 958 2179 ducta
989 2134 1035 2177 in
1068 2138 1340 2190 contactum,
1374 2133 1450 2190 qui
1481 2133 1540 2178 sit
1568 2133 1625 2189 H,
1656 2131 1765 2176 facit
1795 2145 1897 2176 cum
1925 2137 2140 2190 tangente
2172 2133 2237 2177 HI
2267 2131 2477 2190 angulum

217 2199 388 2240 rectum
418 2194 543 2240 ΕΗΙ.
604 2195 651 2240 Si
689 2196 827 2252 igitur
856 2197 941 2241 HE
975 2203 1044 2242 est
1075 2198 1241 2243 visoria
1271 2211 1353 2255 per
1383 2197 1558 2251 Solem,
1595 2197 1663 2242 HI
1693 2196 1858 2241 visoria
1899 2210 1982 2253 per
2022 2211 2185 2255 corpus
2214 2198 2424 2255 planetae
2454 2196 2477 2240 I

218 2260 355 2305 ducta
385 2261 541 2315 tendet
570 2261 615 2305 in
646 2261 797 2306 locum
829 2262 1096 2319 quadratum
1129 2264 1264 2309 Solis.
1326 2263 1436 2308 Cum
1468 2264 1605 2320 igitur
1635 2262 1775 2308 sectio
1805 2261 1858 2306 fit
1887 2262 1935 2306 in
1965 2260 2120 2308 centro
2151 2262 2341 2317 Terrae,
2378 2260 2478 2318 pla·
2521 2302 2532 2322 ,ὦ

1523 1933 1798 1990 aequidistat
1851 1933 1990 1990 igitur
2045 1939 2222 1989 rectae,
2274 1933 2508 1992 tangenti,

1529 960 1707 1003 semper
1742 949 1884 992 sectio
1924 947 2258 1011 appropinquat
2297 950 2477 1006 Terrae,
2552 972 2554 974 ·

1526 1077 1614 1134 ipsi
1652 1079 1690 1123 B
1735 1080 1969 1136 magisque
2009 1080 2097 1136 ipsi
2136 1081 2194 1137 C,
2240 1081 2478 1138 probatum
2545 1076 2548 1083 ’

1526 1155 1632 1188 vero
1662 1149 1745 1200 est,
1776 1144 1963 1190 visorias
1993 1145 2173 1190 tandem
2203 1145 2302 1191 fieri
2331 1146 2480 1204 paral·
2542 1148 2545 1149 ’

1521 1735 1680 1781 incidit
1710 1733 1998 1779 in-visoriam
2030 1734 2117 1780 diei
2147 1736 2330 1793 prioris;
2362 1736 2476 1781 viso-
2508 1776 2515 1781 .

221 2332 328 2372 neta
360 2334 551 2386 apparet
587 2329 633 2373 in
665 2329 888 2387 quadrato
922 2330 1039 2376 Solis
1079 2331 1282 2386 circiter3
1322 2337 1369 2376 at
1409 2331 1446 2376 si
1483 2330 1690 2375 videatur
1719 2329 1823 2386 plus
1865 2341 2000 2384 quam
2030 2329 2110 2374 90⁰
2146 2328 2324 2374 circiter
2355 2325 2476 2371 elon·

216 2398 348 2449 gatus
380 2407 407 2438 a
437 2395 563 2452 Sole,
604 2395 744 2439 sectio
792 2401 862 2440 est
903 2401 1010 2452 post
1040 2397 1226 2442 Terram
1265 2394 1422 2442 versus
1453 2395 1515 2450 Ο,
1559 2395 1705 2440 donec
1734 2395 1781 2439 in
1810 2394 2055 2451 parallelas
2086 2395 2344 2450 degeneret.
2401 2392 2474 2437 Ita

218 2459 431 2519 sequitur>
450 2461 669 2506 stationes
699 2460 799 2506 fieri
835 2461 954 2508 ultra
994 2461 1265 2517 quadratum
1296 2461 1430 2506 Solis.
1490 2461 1688 2506 Rursum
1728 2461 1918 2506 visorias
1960 2468 2064 2517 post
2095 2460 2176 2506 DT
2205 2473 2361 2505 versus
2392 2456 2477 2504 GK

208 2525 445 2570 ordinatas
477 2539 743 2572 concurrere
773 2525 1018 2583 productas
1050 2533 1096 2571 et
1126 2528 1269 2572 secari
1298 2527 1354 2571 ab
1386 2527 1575 2572 invicem
1606 2540 1744 2585 supra
1774 2527 2005 2585 planetam
2037 2526 2157 2572 circa
2187 2525 2304 2570 Solis
2336 2536 2479 2589 opp07

212 2591 361 2647 situm,
391 2589 517 2647 prius
549 2596 620 2636 est
651 2590 1006 2636 demonstratum
1034 2592 1081 2636 in
1114 2605 1198 2637 usu
1229 2593 1467 2638 axiomatis
1500 2592 1656 2650 optici.
1728 2638 1747 2655 x

358 2681 474 2730 Jam
511 2683 660 2746 igitur
697 2682 1078 2732 demonstratum
1117 2690 1212 2743 est,
1264 2685 1505 2733 sectiones
1544 2684 1829 2734 visoriarum
1868 2689 2083 2746 tempore
2122 2681 2486 2744 conjunctionis,

212 2744 440 2818 planetae
479 2769 587 2804 cum
626 2755 741 2805 Sole
778 2755 880 2804 fieri
919 2754 1326 2819 inter‘planetam
1352 2762 1424 2805 et
1461 2755 1684 2816 Terram,
1735 2763 1952 2819 tempore
1998 2755 2221 2818 quadrati
2257 2753 2386 2804 Solis
2423 2754 2479 2806 in

213 2831 320 2890 ipso
359 2828 535 2877 Terrae
575 2835 755 2888 centr0,
795 2833 908 2890 post
943 2834 1070 2877 retro
1109 2829 1323 2891 Terram,
1363 2828 1564 2878 ulterius
1602 2828 1763 2878 nullas
1801 2829 1929 2890 fieri3
1976 2834 2028 2877 at
2066 2842 2233 2876 versus
2269 2826 2481 2889 opponi-2

212 2906 313 2948 tum
351 2900 478 2950 Solis
518 2915 666 2964 supra
703 2901 951 2964 planetam
991 2903 1281 2964 contingere.
1358 2902 1512 2964 Atqui
1550 2903 1595 2949 si
1632 2903 1842 2951 visoriae
1880 2916 1932 2951 se
1973 2908 2142 2950 secant
2177 2914 2323 2962 supra
2361 2897 2478 2962 plna

212 2979 389 3034 netam,
429 2988 627 3024 neeesse
667 2981 742 3023 est
789 2974 1037 3036 planetam
1077 2974 1227 3023 videri
1274 2974 1635 3037 retrogradum,
1688 2977 1730 3023 si
1774 2974 1900 3026 infra
1949 2987 2116 3023 versus
2155 2973 2352 3021 Terram
2390 2969 2493 3022 vous

211 3047 261 3092 in
298 3046 447 3095 'Terra
485 3047 565 3095 vel
602 3053 728 3096 retro
767 3047 989 3108 Terram,
1028 3047 1592 3112 planeta,1superiorum
1630 3062 1779 3107 unus,
1830 3046 2101 3095 necessario
2141 3045 2352 3094 directus
2390 3041 2503 3093 viv-{²

213 3117 405 3167 debitur
440 3119 674 3171 incedere.
2448 3132 2476 3166 ,ι
2495 3127 2497 3129 -
2553 3134 2554 3142 1

355 3202 469 3247 Nam
501 3203 558 3247 sit
589 3201 705 3257 OPQ
747 3202 977 3256 signorum
1008 3202 1352 3258 consequentia,
1394 3202 1439 3246 in
1478 3215 1612 3258 quam
1642 3201 1852 3259 planetae
1891 3201 2010 3246 veris
2039 3199 2236 3244 motibus
2281 3175 2501 3244 cireaflo'

2550 3197 2554 3245 ¹,

215 3265 365 3310 Solem
381 3266 586 3312 tendunt.
622 3268 734 3313 Cum
749 3267 887 3323 igitur
904 3268 1042 3312 etiam
1059 3268 1200 3313 sectio
1217 3267 1447 3324 quaelibet
1462 3273 1773 3324 repraesentet
1787 3267 2116 3324 quodammodo
2138 3271 2344 3311 centrum
2357 3263 2477 3330 fixe-73
2552 3293 2554 3308 .

135 3351 144 3366 ι
211 3344 311 3375 rum
341 3331 488 3386 sitque
518 3333 666 3378 media
703 3333 823 3378 inter
854 3333 1041 3378 Terram
1079 3340 1124 3379 et
1161 3333 1391 3390 planetam
1430 3345 1512 3391 per
1546 3334 1659 3379 ABG
1699 3347 1844 3390 usque
1878 3333 1925 3377 in
1954 3333 2019 3389 H,
2067 3333 2208 3376 sectio
2242 3328 2477 3388 quaelibet·

214 3396 536 3441 discriminabit
562 3397 722 3454 plagas
751 3403 956 3444 motuum
986 3400 1236 3457 oppositas,
1265 3404 1316 3443 ut
1347 3398 1435 3444 Sol.
1499 3400 1562 3443 Et
1608 3400 1714 3455 quia
1743 3399 1883 3466 Terra
1911 3412 1992 3455 per
2022 3397 2183 3443 ABCH
2213 3396 2277 3442 cis
2309 3394 2479 3456 sectio,·‚

211 3476 293 3508 nes
322 3462 368 3506 in
399 3462 616 3506 directum
645 3469 850 3510 movetur
881 3464 964 3509 sub
995 3463 1114 3518 fixis,
1146 3464 1195 3508 in
1222 3463 1404 3521 plagam
1432 3464 1526 3520 FA,
1557 3465 1633 3509 FB
1666 3469 1754 3521 etc.
1784 3464 2168 3521 superstantibus,
2199 3462 2334 3508 etiam
2363 3470 2470 3528 pare,

210 3535 281 3573 tes
310 3527 415 3572 illae
444 3528 718 3586 visoriarum,
752 3543 867 3585 quae
897 3534 1004 3575 sunt
1033 3530 1154 3575 ultra
1183 3531 1424 3587 sectiones,
1456 3535 1588 3575 erunt
1616 3531 1664 3574 in
1693 3528 1911 3591 directum
1942 3529 2201 3586 dispositae.
2261 3527 2334 3574 Sic
2363 3537 2476 3591 cum„

212 3594 353 3640 sectio
384 3593 437 3638 fit
465 3594 511 3637 in
542 3599 696 3638 centro
727 3594 895 3639 Terrae
926 3595 1046 3640 cirea
1068 3596 1125 3652 H,
1158 3595 1273 3639 duae
1303 3596 1441 3653 igitur
1471 3596 1664 3641 visoriae
1694 3596 1861 3640 exeunt
1893 3609 1949 3639 ex
1980 3595 2137 3641 eodem
2157 3595 2201 3639 H
2229 3593 2331 3652 loco
2362 3574 2460 3636 cezi'-
2539 3614 2546 3635 ,ι

2546 3320 2554 3372 i

2545 3411 2554 3451 t

2541 3465 2554 3613 „s

211 3659 291 3714 tri,
325 3671 416 3723 una
443 3657 606 3716 prioris
637 3658 738 3715 diei,
770 3660 912 3704 altera
942 3661 1219 3717 praesentis,
1262 3666 1430 3707 exeunt
1459 3673 1564 3705 vero
1595 3661 1639 3704 in
1670 3663 1825 3716 partes
1862 3660 2035 3706 orbitae
2065 3660 2275 3717 planetae
2306 3646 2474 3704 ordine·
2536 3662 2554 3709 ‚¹³

213 3723 440 3780 signorum
471 3729 725 3780 sequentes,
757 3725 879 3779 prior
908 3726 953 3770 in
983 3727 1131 3772 locum
1161 3728 1247 3785 ipsi
1271 3729 1307 3783 Q
1339 3727 1608 3785 propiorem,
1639 3725 1864 3782 posterior
1883 3727 1930 3771 in
1950 3728 2159 3784 locumI,
2192 3726 2297 3783 quia
2327 3736 2474 3789 verus!

211 3791 421 3847 planetae
450 3794 600 3834 motus
624 3794 702 3833 est
734 3803 760 3833 a
791 3789 828 3844 Q
860 3801 1017 3834 versus
1046 3793 1083 3836 Ι.
1145 3793 1269 3849 Ergo
1310 3799 1355 3837 et
1384 3792 1471 3835 hae
1501 3790 1693 3836 visoriae
1733 3791 1982 3837 succedunt
2017 3794 2064 3836 in
2095 3793 2324 3849 signorum
2355 3799 2455 3833 con·

2537 3714 2554 3742 »ἓ

2534 3747 2554 3795 A

213 3855 502 3910 sequentiam.
565 3855 638 3902 Sic
668 3869 768 3901 cum
800 3855 940 3900 sectio
971 3856 1023 3900 fit
1051 3862 1157 3914 post
1187 3859 1371 3906 Terram
1392 3859 1435 3903 H
1465 3869 1621 3904 versus
1647 3857 1702 3910 D,
1734 3856 1874 3901 Terra
1902 3858 2040 3917 igitur
2069 3862 2115 3903 et
2141 3856 2326 3913 planeta
2354 3854 2475 3901 sunt»
2534 3841 2537 3855 ²
