2554 4140
937 131 1148 190 Epistola
1175 130 1474 177 Dedicatoria.
1697 121 1701 126 ’
2084 132 2086 135 ’
2226 134 2328 183 399

84 290 133 332 et
178 282 376 330 nutibus
424 281 753 329 morositatem
802 287 875 330 est
921 287 1126 341 testata,
1178 295 1286 330 eam
1323 293 1451 327 nunc
1490 278 1707 340 demum,
1763 286 2023 342 postquam
2061 277 2123 327 ad
2161 283 2331 342 typum

83 361 307 415 ventum,
356 354 531 415 jurgiis
580 359 627 402 et
676 354 865 416 probris
915 355 1171 403 verborum
1223 360 1271 402 et
1309 358 1495 400 tantum
1534 366 1630 399 non
1670 353 1893 401 manibus
1932 352 2139 414 telisque
2177 353 2333 399 sancit

82 436 384 489 exercetque.
448 425 590 474 Hanc
628 428 775 488 igitur
812 427 953 476 vobis
993 426 1086 474 Ad.
1116 423 1403 485 Reverendi,
1444 423 1679 484 IllustreS‚
1721 424 1954 474 Generosi
1979 419 2194 484 Domini,
2236 422 2330 472 ad-

82 507 307 550 vocatam
344 500 464 547 sisto
503 512 696 559 causae,
736 514 863 563 quae
901 499 1020 548 mihi
1058 514 1117 549 ex
1155 498 1467 547 dilationibus
1505 495 1731 545 editionis
1769 497 1915 560 hujus
1953 503 2051 546 tam
2093 496 2332 545 diuturnis

82 574 216 622 nasci
260 578 454 634 posset;
504 585 613 620 cum
662 571 755 621 hac
805 574 1083 635 transigite,
1135 572 1280 634 hujus
1333 570 1636 618 dicacitatem
1689 571 1731 617 si
1768 584 1860 618 vos
1912 571 2095 634 experti
2144 568 2332 619 fueritis

83 644 349 700 audiendo,
390 658 484 692 non
525 644 666 694 facile
705 645 768 693 ab
808 660 895 705 ec,
937 646 1020 707 qui
1058 659 1157 694 rem
1195 645 1289 692 sibi
1328 657 1437 692 cum
1475 641 1561 690 illa
1597 643 1774 704 probat
1813 657 1943 705 esse,
1983 644 2213 706 temporis
2251 657 2333 691 ra-

85 720 241 768 tiones
279 717 610 780 scrupulosius
649 718 874 781 exigetis,
912 720 1195 781 praesertim
1233 718 1274 765 si
1311 716 1541 779 temporis
1580 721 1629 764 et
1668 729 1844 778 operae
1883 717 2092 778 pretium
2131 714 2334 764 demon-

85 797 236 840 strare
273 792 443 853 possit.

228 863 391 925 Atque
429 865 533 925 ipse
572 876 782 925 quoqne,
823 864 1032 925 vestigia
1061 862 1266 912 divinae
1304 861 1656 925 providentiae,
1697 861 1774 909 cui
1810 859 2035 922 equidem
2063 867 2189 909 artes
2217 862 2335 909 istas

83 935 376 1004 (divinorum
415 936 601 985 scilicet
653 950 853 999 operum
890 935 1172 998 praeconia)
1227 949 1370 984 curae
1409 949 1515 984 esse
1555 932 1720 994 credo,
1769 932 2013 982 indefessa
2050 939 2334 996 prosecutus

84 1008 335 1071 indagine,
382 1015 643 1072 postquam
683 1009 802 1071 quid
840 1008 1063 1057 utilitatis
1102 1008 1316 1057 hauserit
1352 1007 1547 1056 libellus
1594 1021 1652 1056 ex
1698 1021 1833 1055 mora
1870 1008 1965 1055 ista
2004 1008 2235 1069 temporis
2273 1006 2335 1054 ad

82 1087 291 1131 mentem
328 1093 528 1143 revoco,
568 1096 665 1131 non
704 1089 884 1130 terreor
921 1081 1300 1131 adversitatibus
1339 1082 1528 1142 vestris,
1567 1079 1815 1142 Proceres,
1858 1081 2207 1143 quaerinterea
2245 1093 2336 1128 vos

85 1163 132 1204 et
178 1155 481 1218 provinciam
529 1157 754 1204 miseram
794 1153 874 1204 vel
922 1159 1035 1202 suut
1072 1153 1271 1203 adortae
1319 1153 1400 1203 vel
1449 1154 1698 1202 imminere
1745 1165 1887 1216 porro
1939 1151 2187 1213 videntur,
2241 1166 2337 1215 quo

84 1230 243 1276 minus
281 1234 328 1276 et
365 1243 566 1290 pensum
603 1242 765 1275 meum
803 1227 1060 1276 absolvam
1098 1233 1147 1276 et
1182 1228 1473 1290 promissum
1506 1227 1649 1275 vobis
1687 1227 1734 1273 in
1766 1225 2070 1287 dedicatione
2097 1225 2337 1288 sphaerici

84 1300 235 1351 libelli
272 1300 500 1363 impleam
539 1309 587 1350 et
626 1300 843 1359 debitum
868 1299 1081 1360 reddam,
1123 1301 1303 1363 quippe
1342 1297 1401 1348 de
1430 1305 1590 1348 vestro
1616 1295 1797 1348 salario
1824 1298 2059 1348 hactenus
2086 1300 2337 1347 victitans:

84 1388 225 1437 spero
263 1388 489 1436 namque,
530 1387 785 1436 superesse
825 1379 1014 1422 tantum
1053 1372 1111 1421 de
1151 1371 1510 1422 misericordiae
1550 1371 1746 1421 divinae
1778 1372 2033 1435 thesauriS,
2074 1378 2128 1420 ut
2164 1370 2340 1421 sedata

88 1447 179 1496 hac
216 1446 434 1495 horribili
471 1445 701 1509 procella,
743 1445 991 1509 dissipatis
1029 1446 1255 1505 nubibuS,
1282 1444 1462 1495 ‘Solem
1500 1446 1627 1494 serio
1666 1447 2028 1508 poenitentibus
2054 1447 2228 1495 iterum
2254 1443 2336 1492 lu-

92 1533 225 1581 cere,
263 1534 434 1583 pacem
472 1520 700 1569 reducere
738 1519 997 1582 locumque
1035 1518 1249 1581 aliquem
1287 1518 1364 1567 his
1400 1520 1537 1581 pacis
1577 1520 1789 1580 artibuS,
1830 1526 1885 1568 ut
1923 1533 2127 1582 quarum
2168 1517 2339 1567 elabo-

61 1594 327 1641 sationem
363 1606 622 1656 procurare
659 1606 757 1653 non
797 1591 986 1652 desinit,
1027 1593 1074 1639 in
1102 1593 1302 1641 Austria
1341 1606 1536 1654 quoque
1575 1605 1829 1655 superesse
1867 1597 1916 1641 et
1953 1594 2001 1640 in
2040 1591 2127 1640 illa
2164 1605 2340 1641 nume-

90 1680 194 1714 rum
241 1665 455 1728 aliquem
507 1681 704 1727 eorum,
759 1666 841 1728 qui
890 1679 948 1714 ex
991 1663 1066 1712 his
1105 1665 1290 1714 artibus
1328 1662 1499 1714 laudes
1539 1664 1632 1713 Dei
1672 1663 1915 1714 Creatoris
1954 1667 2031 1714 sui
2069 1663 2340 1725 addiscant,

92 1738 252 1802 colligi
301 1753 445 1802 porro
496 1753 692 1802 quoque
734 1738 876 1798 velit,
931 1738 1106 1800 quibus
1144 1737 1364 1786 libellum
1400 1737 1528 1786 hunc
1564 1737 1868 1800 profuturum
1906 1752 2072 1802 sper03
2127 1739 2342 1787 continet

55 1813 221 1877 ¹·enim
257 1813 460 1874 primam
486 1812 621 1861 velut
660 1811 1079 1861 adumbrationem
1105 1810 1405 1860 Tabularum
1431 1810 1682 1873 Rudolphi
1720 1824 2044 1874 numerosque
2083 1825 2200 1860 vero
2225 1824 2342 1874 pro-

94 1885 316 1948 pinquos,
358 1886 408 1933 in
447 1886 623 1947 quibus
662 1900 750 1947 pro
789 1885 916 1933 veris
954 1885 1221 1947 suppositis
1262 1882 1549 1946 disciplinae
1585 1883 1731 1946 hujus
1770 1889 1990 1934 amantes
2017 1898 2124 1934 sese
2149 1885 2341 1933 interim

0 1991 1 1996 ,
93 1964 376 2019 exerceant,
429 1958 542 2006 dum
582 1957 925 2020 Rudolphinae
978 1958 1139 2019 ipsae,
1189 1956 1371 2005 limatis
1411 1957 1636 2006 omnibus
1674 1959 1822 2019 inque
1860 1958 2068 2006 abacum
2108 1957 2342 2020 conjectis

90 2037 139 2080 et
175 2029 238 2079 ad
287 2045 429 2079 usum
466 2032 693 2094 promtiS,
745 2032 1008 2078 instructae
1046 2028 1297 2092 prodeant.
1378 2028 1506 2091 Quin
1546 2031 1693 2079 etiam
1731 2029 1795 2079 ad
1835 2037 2026 2080 exteros
2066 2032 2108 2079 si
2147 2045 2245 2093 qua
2283 2044 2342 2078 ex

88 2104 209 2153 meis
245 2102 394 2152 libris·
415 2104 595 2153 redibit
632 2103 833 2164 utilitas,
873 2104 943 2151 uti
983 2108 1095 2150 sunt
1122 2101 1315 2164 quidem
1339 2117 1436 2151 non
1463 2103 1514 2151 in
1544 2101 1807 2152 Germania
1833 2109 2039 2167 tantum,
2081 2100 2167 2152 sed
2196 2104 2341 2153 etiam
2422 2110 2424 2112 ’

93 2178 140 2224 in
174 2174 344 2239 regnis
372 2183 422 2226 et
457 2178 723 2240 provinciis
774 2175 1226 2238 circumjacentibus
1265 2175 1483 2238 plurimi,
1538 2177 1621 2240 qui
1662 2190 1746 2226 eos
1786 2175 2104 2226 Francofurto
2153 2181 2344 2242 petunt,

92 2247 205 2297 illos
241 2263 330 2312 par
367 2255 442 2298 est
478 2264 538 2299 ex
576 2249 669 2298 hac
704 2263 815 2298 mea
853 2248 1158 2298 dedicatione
1196 2249 1482 2312 intelligere,
1522 2263 1575 2299 se
1615 2249 1847 2313 quicquid
1871 2249 2018 2313 hujus
2046 2255 2120 2299 est
2145 2255 2338 2299 vestrae

91 2334 287 2384 quoque
308 2321 542 2372 Procere‘s
579 2321 875 2382 liberalitati,
916 2335 1019 2385 qua·
1049 2336 1147 2370 non
1185 2323 1453 2385 interrupta
1489 2337 1566 2372 me
1604 2336 1692 2387 per
1727 2322 1849 2372 haec
1889 2322 2173 2373 difficillima
2211 2329 2340 2372 tem-

90 2406 213 2457 pora
248 2394 455 2455 fovistis,
494 2402 747 2458 acceptum
783 2395 906 2444 ferre
945 2393 1135 2456 debere,
1177 2408 1274 2458 quo
1312 2395 1576 2456 intellect0,
1615 2402 1668 2445 ut
1707 2397 1913 2459 quisque
1953 2401 2026 2446 est
2063 2397 2113 2444 in
2148 2394 2342 2446 mathe-

87 2466 297 2515 maticas
334 2472 462 2516 artes
499 2469 920 2531 propensissimus‚
959 2468 1010 2514 in
1037 2467 1195 2516 Deum
1232 2467 1596 2534 devotissimus,
1634 2470 1682 2516 in
1709 2469 2069 2531 gratitudinem,
2109 2470 2342 2518 virtutum

93 2552 336 2599 coronam,
363 2538 773 2589 studiosissimus:
812 2542 882 2589 ita
907 2541 1295 2603 frequentissime
1322 2547 1440 2590 vota
1465 2555 1555 2590 sua
1572 2541 1634 2590 ad
1654 2541 1816 2591 Deum
1841 2541 2340 2592 misericordissimum

94 2625 204 2661 cum
241 2613 363 2661 meis
403 2612 694 2675 conjunget,
734 2621 786 2661 ut
823 2612 1007 2662 sedatis
1045 2612 1282 2662 bellorum
1319 2613 1633 2676 tumultibus,
1673 2616 1904 2664 resarcita
1942 2616 2205 2679 vastitate,
2254 2628 2341 2664 ex-

92 2685 281 2733 stinctis
319 2682 458 2744 odiis,
497 2698 593 2747 pax
631 2699 780 2735 aurea
816 2699 1027 2746 reversa,
1067 2685 1371 2735 Sereuissimi
1405 2686 1836 2750 Potentissimique
1864 2688 1926 2735 D.
1953 2685 2249 2737 Ferdinandi
2273 2685 2339 2735 ΙΙ.

97 2755 302 2806 Roman.
352 2756 663 2819 Imperatoris
711 2758 949 2821 Augusti,
1006 2758 1202 2808 Domini
1246 2760 1424 2821 nostri,
1481 2759 1745 2823 Imperium
1796 2765 2011 2821 serenet,
2064 2760 2342 2823 provincias

94 2827 291 2892 najest.
330 2828 379 2878 S.
433 2843 624 2888 omnes,
671 2830 901 2893 imprimis
948 2831 1195 2880 Austriam
1234 2829 1636 2895 Supranisanam,
1686 2833 1928 2883 foecundo
1980 2835 2168 2896 gratiae
2222 2845 2340 2882 suae

9 2932 12 2959 e
93 2902 248 2951 imbre
286 2902 548 2965 refocillet,
599 2902 740 2951 vobis
777 2901 984 2967 denique
1024 2903 1115 2952 Ad.
1155 2903 1458 2966 Reverendi,
1509 2904 1760 2966 Illustres,
1817 2905 2082 2967 Generosi,
2121 2903 2340 2967 Nobiles,

10 2976 15 2992 ’
94 2972 288 3024 strenui
326 2974 582 3031 Proceres,
622 2974 1027 3036 incolumitatem,
1067 2976 1423 3038 valetudinem,
1465 2992 1607 3041 opes,
1649 2977 1911 3042 dignitates
1950 2977 2012 3027 ad
2051 2992 2190 3028 suam
2229 2976 2342 3042 glo-

93 3049 241 3108 riam,
282 3046 343 3096 ad
383 3046 616 3096 ecclesiae
654 3050 1093 3109 conservationem,
1133 3048 1196 3099 ad
1235 3050 1544 3112 Imperatoris
1582 3048 1919 3113 gloriosissimi
1959 3052 2213 3114 imperium
2253 3066 2343 3102 ex-

97 3118 389 3179 ornandum,
441 3119 503 3168 ad
550 3122 736 3181 patriae
784 3121 1019 3179 salutem,
1072 3121 1134 3169 ad
1187 3123 1362 3170 artium
1411 3122 1644 3185 denique,
1699 3123 1876 3186 quibus
1927 3122 2080 3174 divini
2119 3124 2341 3175 Nominis

16 3260 17 3264 Ἰ
96 3190 252 3240 honos
291 3193 576 3252 continetur,
617 3191 849 3240 culturam
888 3195 1210 3243 necessariam
1249 3195 1297 3240 in
1338 3194 1517 3243 multos
1555 3207 1709 3243 annos
1746 3195 1958 3259 proferat
1995 3201 2144 3261 atque
2169 3197 2340 3249 firmet.

97 3263 297 3321 Valete,
340 3264 569 3313 Proceres
607 3270 917 3327 vestrumque
954 3264 1263 3326 clientulum,
1304 3279 1504 3330 corpore
1543 3266 1833 3318 diutiuscule
1872 3269 2138 3332 absentem,
2178 3273 2341 3320 animo

18 3394 20 3400 Ι
97 3334 160 3384 ad
199 3337 403 3398 quaevis
442 3337 679 3399 obsequia
716 3338 1174 3399 praesentissimum,
1215 3339 1603 3389 commendatum
1642 3339 1834 3392 habete.
1902 3342 2204 3394 Francofurti
2243 3344 2341 3394 Ca-

18 3402 22 3442 ῑ
101 3406 257 3457 lendis
294 3406 416 3456 Julil
457 3410 598 3458 Anno
637 3408 933 3457 MDCXXI.

787 3550 897 3596 Rev.
928 3555 974 3595 et
1005 3548 1070 3595 ΙΙΙ.
1105 3549 1202 3595 DD.
1236 3550 1329 3596 VV.

1312 3669 1655 3725 devotissimus
1693 3675 2070 3729 Mathematicus

1230 3775 1620 3841 JOANNES
1679 3783 2162 3845 KEPLERUS.
