2554 4140
625 128 763 175 Liber
793 128 1041 176 Secundus.
1101 128 1172 176 De
1202 127 1408 187 Sphaera
1435 132 1482 174 et
1511 126 1692 174 circulis
1722 127 1838 186 ejus.
2251 133 2357 182 ¹189

109 278 437 338 horizontem,
484 276 535 326 id
588 283 664 327 est
712 279 984 341 regionem,
1033 292 1243 342 eumque
1281 279 1332 326 in
1374 277 1584 341 sphaera
1634 277 1782 329 fixum
1821 283 1985 330 centro
2037 283 2087 329 et
2122 276 2360 334 horizonti

112 352 320 401 exterius
358 351 699 413 circumposito
738 351 1029 415 respondere
1066 352 1228 402 faciat.
2314 378 2316 380 -

259 422 557 483 Cujusmodi
594 425 811 472 circulus
854 431 924 473 est
959 425 1167 475 horizon
1202 429 1430 485 respectu
1473 422 1752 486 superficiei
1787 422 2116 485 sphaericae?
2188 420 2360 471 Circu-

107 495 202 558 lus,
238 495 475 559 sphaerae
513 498 832 546 maximorum
870 512 1012 559 unus,
1052 499 1168 561 quia
1194 510 1279 561 per
1315 502 1532 545 centrum
1568 495 1850 559 sphaericae
1875 495 2148 559 superficiei
2173 497 2359 544 transit.

257 568 525 633 Quodnam
567 575 795 619 centrum
830 570 979 620 habet
1013 571 1234 619 circulus
1269 568 1479 619 horizon
1514 567 1853 617 mundanus?
1904 568 2041 619 Sicut
2065 571 2113 617 in
2151 567 2360 632 sphaera

106 641 346 691 materiali
389 649 463 692 est
500 641 627 692 idem
667 650 883 692 centrum
922 650 970 693 et
1007 643 1242 707 sphaerae
1281 648 1330 692 et
1365 641 1656 702 horizontis,
1702 642 1773 690 sie
1812 641 1983 690 oculus
2022 641 2360 707 contemplan-

108 715 185 772 tis,
225 729 370 778 quem
403 714 498 764 hoe
535 722 750 765 centrum
789 723 1136 780 repraesentat,
1174 715 1303 766 idem
1341 721 1416 765 est
1454 714 1674 767 centrum
1710 719 1760 764 et
1795 712 2063 764 horizontis
2100 716 2177 764 sui
2214 727 2359 764 mun*

113 785 227 837 dani
263 794 313 838 et
349 790 501 837 totius
539 788 776 853 sphaerae
814 791 1129 854 imaginatae.

258 876 435 925 Erunt
472 891 594 941 eryo
619 879 768 927 multi
802 878 1079 928 horizontes
1115 875 1400 938 mundani,
1440 877 1566 939 quia
1600 873 2007 924 innumerabilia
2037 880 2237 937 puncta
2270 889 2363 938 per

114 948 299 998 Terrae
332 950 657 1013 superficiem,
698 954 754 999 in
791 951 970 1014 quibus
1007 951 1181 1000 oculus
1218 950 1377 999 locari
1408 948 1605 1012 potest?
1657 947 1732 997 Re
1773 961 1889 997 vera
1927 953 2041 997 sunt
2080 949 2361 998 innumera-

106 1021 231 1072 biles
269 1022 543 1073 horizontes
563 1024 809 1085 mundani,
849 1024 948 1073 situ
974 1022 1202 1084 distincti,
1242 1035 1449 1085 quorum
1486 1020 1707 1085 plerique
1745 1034 1798 1070 se
1835 1027 2005 1070 mutuo
2032 1027 2227 1084 secant;
2267 1021 2361 1070 soli

107 1094 324 1144 duorum*
350 1110 750 1160 quorumcunque
788 1098 1121 1159 oppositorum
1151 1094 1331 1145 Terrae
1367 1101 1659 1158 punctorum
1709 1099 1823 1143 sunt
1858 1095 1986 1144 inter
2023 1109 2076 1144 se
2112 1093 2350 1159 paralleli.

106 1167 266 1218 Multo
316 1182 433 1219 vero
483 1169 640 1232 major
677 1171 828 1218 oritur
863 1183 1092 1220 numerus
1129 1168 1463 1227 horizontum‚
1513 1170 1556 1217 si
1595 1168 1921 1231 cogitationes
1961 1168 2108 1216 etiam
2144 1167 2210 1218 ad
2247 1181 2358 1216 mo-

106 1246 209 1290 tum
247 1240 427 1292 Terrae
464 1257 679 1291 annuum
719 1243 846 1292 circa
885 1242 1051 1293 Solem
1088 1242 1460 1304 transferamus,
1501 1241 1561 1290 de
1601 1255 1698 1304 quo
1737 1241 1786 1288 in
1832 1239 2051 1291 doctrina
2089 1240 2324 1292 theorica.

257 1331 364 1380 Cur
402 1345 517 1394 erqo
542 1332 600 1380 in
634 1330 852 1393 sphaera
873 1330 1085 1381 horizon
1121 1337 1191 1379 est
1225 1329 1447 1379 unicus?
1494 1327 1623 1391 Quia
1661 1327 1910 1392 quaelibet
1947 1327 2155 1393 sphaera
2179 1329 2229 1377 in
2267 1342 2365 1378 una

110 1401 330 1466 qnalibet
377 1404 454 1451 sni
502 1404 747 1467 positione
801 1411 874 1453 est
930 1411 1110 1454 certae»
1139 1402 1348 1467 alicujus
1408 1407 1456 1453 et
1515 1404 1688 1451 unicae
1745 1402 1948 1451 visionis
2009 1401 2135 1452 coeli
2183 1403 2364 1466 imago.

104 1475 311 1538 Deinde,
351 1477 467 1540 quia
502 1476 586 1526 iile
625 1478 673 1525 in
708 1477 915 1542 sphaera
950 1480 1124 1528 unicus
1159 1491 1248 1542 per
1286 1478 1418 1527 vices
1457 1476 1681 1526 omnibus
1721 1476 1768 1523 in
1807 1474 1991 1525 mundo
2027 1475 2364 1526 horizontibus

107 1548 465 1599 accommodari
502 1556 681 1614 potest.

253 1636 310 1686 Si
343 1636 621 1687 horizontes
657 1637 758 1688 duo
793 1637 1049 1687 mundani
1101 1637 1323 1688 duorum
1362 1637 1704 1701 oppositorum
1743 1635 1970 1686 locorum
2015 1635 2201 1685 Terrae
2250 1634 2367 1702 (aut

107 1712 259 1760 etiam
296 1711 693 1761 circumlationis
724 1710 909 1760 Terrae
944 1713 1079 1760 circa
1119 1708 1302 1777 Solem)
1339 1716 1460 1759 sunt
1483 1712 1615 1758 inter
1651 1723 1700 1758 se
1725 1708 1926 1772 diversi,
1966 1709 2206 1759 distantes
2229 1711 2364 1758 inter

107 1797 156 1832 se
205 1782 390 1847 ubique
440 1786 640 1847 inteyra
688 1783 936 1832 diametro
981 1783 1166 1838 Terrae
1215 1781 1327 1851 (aut
1373 1785 1526 1832 etiam
1579 1781 1711 1831 orbis
1756 1782 1941 1832 Terrae
1988 1785 2122 1832 circa
2163 1770 2364 1848 Solem),

103 1871 210 1907 non
244 1855 499 1906 dividetur
535 1859 596 1905 iis
631 1857 823 1907 coelum
862 1863 1022 1907 totum
1059 1859 1116 1906 in
1153 1857 1253 1906 duo
1291 1857 1659 1919 hemisphaeria
1698 1855 2045 1919 aspectabilia,
2084 1856 2170 1904 sed
2205 1857 2365 1905 relin-

107 1935 290 1993 quetur
333 1931 390 1978 in
437 1928 601 1979 medio
635 1930 823 1980 limbus
861 1931 995 1993 coeli,
1034 1930 1304 1980 latitudine
1338 1930 1491 1990 huJ‘us
1527 1929 1789 1990 diametri,
1846 1932 1936 1992 qui
1972 1931 2148 1979 neutri
2186 1943 2364 1978 accen-

0 2044 39 2078 ἢ,
104 2002 293 2052 sebitur
326 2002 700 2067 hemisphaerio.
775 2002 959 2053 Verum
997 2010 1095 2064 est,
1145 2009 1196 2053 at
1233 2001 1411 2052 limbus
1449 2002 1534 2052 ille
1574 2001 1799 2052 coelestis
1837 2010 2036 2067 propter
2078 2004 2365 2053 immensam

108 2076 170 2124 ab
211 2074 353 2125 oculo
393 2075 673 2125 distantiam
720 2079 972 2127 evanescit
1006 2091 1124 2140 prae
1165 2076 1547 2126 contemtissima
1585 2075 1817 2136 exilitate,
1858 2078 2038 2146 quippe
2087 2077 2170 2140 qui
2208 2090 2367 2140 angu-

106 2149 226 2199 stior
262 2155 468 2214 apparet
505 2151 708 2212 eminus,
748 2164 893 2214 quam
933 2164 1032 2200 una
1058 2165 1115 2200 ex
1143 2150 1297 2200 stellis
1332 2149 1456 2208 fixis,
1495 2153 1550 2198 ut
1574 2163 1721 2212 supra
1756 2147 1842 2198 lib.
1882 2149 1922 2199 I.
1962 2148 2045 2198 fol.
2091 2150 2208 2198 161.
2247 2162 2365 2213 pro-

109 2221 279 2272 batum
316 2223 422 2271 suit.
498 2221 806 2288 Quapropter
843 2225 992 2273 etiam
1029 2223 1124 2273 hoo
1175 2222 1286 2272 loco
1325 2221 1504 2272 sufficit
1540 2223 1588 2270 in
1629 2221 1838 2286 sphaera
1876 2221 2118 2272 materiali
2164 2222 2366 2281 horizon

111 2297 311 2358 unicus,
363 2301 625 2360 usurpatus
662 2311 750 2362 pro
802 2295 993 2347 duobus
1031 2294 1303 2362 parallelis,
1350 2297 1476 2346 inter
1513 2310 1567 2345 se
1606 2294 1927 2359 distantibus,
1976 2294 2177 2360 perinde
2224 2310 2283 2354 ae
2323 2296 2365 2346 si

110 2375 314 2434 uterque
350 2383 438 2433 per
475 2368 602 2420 idem
643 2376 859 2420 centrum
897 2369 1106 2420 traducti
1145 2368 1472 2420 coinciderent
1507 2370 1718 2433 penitus·

258 2456 499 2520 Sufficere
532 2472 698 2507 unum
735 2457 1044 2508 horizontem
1081 2458 1291 2508 concedo
1327 2472 1424 2520 pro
1458 2456 1573 2520 fixis
1582 2474 1603 2520 ,·
1643 2456 1769 2520 quid
1804 2471 1922 2506 vero
1954 2456 2012 2520 fi’t
2036 2456 2095 2506 de
2130 2457 2362 2520 planetis,

112 2533 202 2594 qui
236 2545 344 2582 non
393 2536 500 2580 tam
551 2531 695 2594 Ionye
730 2534 910 2582 remoti
943 2538 1064 2581 sunt
1099 2546 1134 2580 a
1169 2531 1311 2581 nobis
1359 2536 1418 2579 ut
1451 2529 1624 2594 fixae?
1676 2529 1910 2580 Planetas
1949 2531 1997 2577 in
2034 2531 2190 2594 primo
2228 2538 2366 2581 motu

109 2618 208 2653 non
246 2603 387 2653 aliter
425 2602 812 2665 consideramuS,
854 2619 1001 2668 quam
1041 2610 1280 2668 quatenus
1320 2617 1404 2654 eos
1443 2605 1552 2653 visu
1591 2601 1712 2652 duce
1751 2604 1874 2652 inter
1912 2604 2044 2666 ipsas
2082 2602 2204 2654 fixas
2243 2618 2364 2654 con·-

110 2679 307 2728 stitutos
346 2678 693 2741 imaginamur3
734 2679 851 2741 quin
887 2679 986 2728 imo
1024 2692 1122 2727 non
1159 2679 1320 2742 ipsum
1356 2675 1605 2741 planetam
1643 2678 1690 2724 in
1729 2691 1819 2725 sua
1853 2677 2124 2726 remotione
2161 2692 2191 2726 a
2217 2676 2368 2728 Terra

113 2750 493 2812 consideramus,
530 2750 619 2800 sed
654 2766 742 2815 pro
780 2750 978 2815 planeta
1003 2749 1166 2800 locum
1205 2751 1311 2814 ejus
1349 2753 1472 2801 inter
1496 2749 1619 2799 fixas
1655 2756 1988 2813 apparentem.
2064 2749 2126 2798 Et
2162 2749 2364 2814 plerun-

112 2838 207 2887 que
243 2825 680 2889 praesupponimus
718 2822 963 2889 planetam
1002 2826 1050 2872 in
1088 2838 1187 2874 uno
1234 2823 1401 2887 aliquo
1440 2830 1619 2889 puncto
1670 2823 1965 2872 immobilem
2003 2837 2090 2886 per
2127 2824 2364 2888 integram

110 2897 465 2947 revolutionem
504 2897 722 2946 diurnam
761 2911 848 2948 seu
885 2897 1030 2947 horas
1072 2899 1158 2948 24.
1230 2897 1357 2947 Nam
1383 2896 1514 2961 quod
1554 2897 1594 2946 is
1620 2897 1747 2946 intra
1784 2911 1930 2946 unam
1958 2895 2084 2946 diem
2122 2903 2257 2947 motu
2282 2898 2365 2948 vel

109 2972 306 3036 proprio
348 2972 427 3021 vel
465 2970 791 3021 accidentario
829 2977 878 3020 et
914 2972 1170 3035 apparenti
1221 2969 1384 3020 locum
1422 2969 1559 3018 illum
1611 2983 1871 3033 parumper
1909 2975 2201 3033 commutat,
2257 2971 2362 3035 ejus

111 3045 181 3094 rei
218 3059 394 3096 causas
431 3058 528 3093 non
566 3059 598 3094 a
634 3045 789 3108 primo
827 3050 964 3095 motu
998 3044 1305 3105 accersimus,
1345 3057 1435 3093 nec
1472 3044 1523 3091 in
1548 3041 1756 3112 sphaera
1793 3041 2034 3094 materiali
2059 3041 2365 3094 demonstra·

111 3130 233 3182 mus,
273 3117 360 3169 sed
398 3119 771 3168 transsumimus
810 3131 870 3168 ex
908 3117 1128 3167 doctrina
1164 3116 1395 3167 theorica.

1003 3234 1164 3282 Axis
1203 3238 1268 3284 et
1303 3233 1455 3297 poli.

260 3337 522 3404 Quomodo
558 3339 615 3386 in
649 3336 920 3399 sphaeram
956 3335 1193 3385 inductus
1229 3340 1299 3384 est
1334 3336 1447 3384 axis
1485 3339 1530 3383 et
1558 3333 1710 3397 poli?
1757 3333 1907 3386 Terra
1957 3341 2181 3387 movetur
2226 3337 2364 3388 velut

23 3470 24 3473 Ἴ
112 3410 288 3477 globus
335 3414 384 3461 in
429 3418 595 3473 torno,
649 3410 788 3472 cujus
835 3409 1062 3472 opposita
1111 3406 1207 3457 duo
1255 3412 1437 3472 puncta
1490 3413 1712 3471 respectu
1750 3415 1911 3460 motus
1948 3412 2092 3474 primi
2134 3418 2361 3475 manent;

22 3475 61 3509 ⁸·
113 3499 285 3550 eorpus
337 3484 578 3549 reliquum
617 3485 745 3534 circa
783 3480 867 3532 illa
905 3479 1173 3531 immobilia
1211 3480 1622 3532 circumvolvitur,
1696 3479 1887 3533 Pu‘ncta
1924 3482 2012 3534 illa
2051 3482 2147 3533 duo
2190 3483 2362 3533 dicun-

25 3547 29 3618 ζ
113 3563 190 3607 tnr
226 3558 327 3623 poli
365 3557 573 3622 Terrae3
623 3556 754 3606 linea
802 3561 1093 3605 connectens
1147 3552 1233 3604 illa
1268 3559 1472 3618 puncta,
1525 3568 1652 3619 quae
1691 3560 1739 3604 et
1774 3570 1861 3620 per
1898 3562 2116 3606 centrum
2153 3556 2362 3607 Telluris

27 3635 30 3690 Q
117 3633 303 3692 transit,
344 3630 516 3681 dicitur
553 3632 659 3682 axis
697 3628 891 3679 Terrae.

30 3750 31 3765 l
256 3718 374 3770 Jam
410 3719 652 3783 fingimus,
691 3732 834 3767 axem
870 3715 1080 3765 Telluris
1118 3715 1451 3765 continuatum
1488 3730 1595 3766 esse
1634 3717 1859 3780 utrinque
1909 3732 2064 3782 usque
2101 3718 2165 3770 ad
2201 3725 2361 3770 extre-

30 3791 31 3808 ³
114 3793 331 3843 mitatem
366 3793 640 3856 superficiei
677 3791 907 3852 fixarum3
947 3789 1030 3838 ubi
1068 3801 1183 3851 ergo
1208 3788 1490 3852 superficies
1528 3789 1731 3839 fixarum
1754 3795 1947 3840 secatur
1983 3793 2047 3841 ab
2085 3791 2178 3842 bac
2214 3792 2359 3856 linea,

31 3865 35 3896 ἲ
115 3865 183 3915 ibi
221 3872 334 3915 sunt
369 3866 472 3931 poli
510 3863 705 3928 mnndi;
743 3864 874 3915 linea
911 3863 1031 3912 haec
1070 3863 1177 3925 ipsa
1215 3864 1496 3913 continuata
1535 3861 1707 3913 dicitur
1744 3864 1848 3913 axis
1884 3864 2051 3915 mundi
2079 3873 2126 3916 et
2162 3878 2361 3929 reprae-
