2554 4140
881 131 1021 178 Liber
1052 131 1232 177 Sextus.
1293 130 1407 178 Pars
1440 128 1620 187 Quinta.
2281 135 2386 183 497
2501 119 2504 123 ,

25 306 34 316 ·
125 283 267 331 omni
311 282 622 343 oppositione
659 281 816 329 Luna
866 282 1063 345 deficit?
1116 265 1246 344 Quia
1297 295 1392 329 non
1434 283 1591 329 omnis
1632 281 1878 346 oppositio
1918 280 2134 328 locorum
2174 278 2302 328 Solis
2343 284 2390 327 et

12 408 37 418 v·
121 354 292 403 Lunae
331 353 661 417 eclipticorum
703 359 776 402 est
814 369 931 403 vera
969 361 1018 403 et
1056 362 1228 404 exacta
1268 356 1483 418 ipsorum
1523 356 1669 402 etiam
1709 351 1963 416 corporum
2005 354 2263 417 oppositiO,
2304 351 2390 400 sed

122 427 394 488 frequenter
430 426 574 474 Luna
622 426 834 474 declinat
885 429 1105 476 umbram
1144 427 1380 487 Telluris,
1434 426 1496 474 ad
1540 426 1671 474 latus
1726 427 1832 488 ers
1882 430 2218 488 praetervecta
2257 424 2387 473 Solis

124 500 416 561 oppositum.

274 570 366 619 Ubi
415 586 531 632 erqo
583 574 885 634 continyunt
922 573 1106 622 Lunae
1153 573 1369 636 defectus
1407 578 1453 619 et
1491 571 1735 633 quando?
1800 570 2101 633 Contingunt
2151 573 2211 619 iis
2250 570 2387 631 locis,

123 644 299 706 quibus
350 643 467 692 nodi
513 643 591 691 vel
642 651 788 707 caput
839 651 888 692 et
937 646 1094 694 cauda
1148 645 1372 693 draconis
1423 645 1630 692 orbitam
1681 643 1849 691 Lunae
1903 658 2011 691 cum
2061 645 2220 692 orbita
2258 643 2388 691 Solis

125 722 434 765 connectunt.
509 715 683 778 Itaque
711 731 820 764 cum
853 718 965 765 nodi
995 720 1174 781 gemini
1214 721 1326 778 sint,
1364 717 1488 766 locis
1528 718 1715 764 orbitae
1744 717 1997 777 oppositis,
2040 722 2088 764 et
2114 717 2388 764 tardissimo

121 796 255 837 motu
308 794 480 850 repant
533 790 581 835 in
621 789 984 851 antecedentia,
1040 798 1093 839 ut
1133 791 1340 851 dictum,
1396 790 1450 838 fit
1499 795 1553 838 ut
1591 788 1678 838 Sol
1717 790 1979 850 quotannis
2025 788 2089 836 ad
2127 795 2387 851 utrumque

123 875 288 910 eorum
325 863 595 924 perveniat,
634 877 843 924 pergens
884 866 931 910 in
960 866 1322 926 consequentia.
1403 861 1564 924 Quare
1592 862 1677 927 illa
1715 867 1904 909 tantum
1931 861 2215 923 plenilunia,
2259 876 2389 922 quae

124 935 409 996 contingunt
447 934 561 983 Sole
611 937 739 984 circa
788 935 943 984 nodos
982 943 1236 997 versante,
1291 939 1340 983 in
1378 936 1600 1000 partibus
1640 935 1754 983 anni
1795 935 2062 997 oppositis,
2109 949 2195 982 seu
2234 949 2318 998 per
2360 936 2388 981 6

119 1006 200 1056 vel
240 1008 269 1054 5
309 1021 501 1056 menses
542 1006 851 1070 distantibuS‚
893 1009 953 1062 de
991 1009 1172 1060 lumine
1211 1009 1562 1072 periclitantur,
1604 1015 1763 1057 cetera
1802 1013 1904 1056 toto
1934 1021 2064 1056 anno
2103 1013 2217 1055 sunt
2256 1012 2390 1056 extra

121 1079 403 1143 periculum.

270 1153 420 1215 Quod
456 1153 572 1201 hinc
607 1160 763 1202 nacta
801 1161 869 1202 est
904 1170 1090 1203 nomen
1129 1157 1293 1204 orbita
1332 1158 1491 1204 centri
1529 1155 1658 1203 Solis
1700 1167 1955 1216 apparens
1991 1153 2083 1201 sub
2120 1151 2270 1215 fi'oeis?
2310 1152 2386 1200 Ab

118 1225 211 1281 hoc
261 1231 439 1274 eventu
489 1232 538 1274 et
583 1231 734 1276 παθει
784 1226 1124 1290 luminarium,
1178 1231 1440 1292 praecipue
1490 1228 1689 1286 Lunae,
1723 1226 1874 1285 ,dicta
1917 1227 2009 1274 suit
2064 1225 2388 1288 ecliptica,

122 1300 262 1362 quasi
301 1299 432 1348 linea
473 1299 749 1362 deliquiosa
786 1299 866 1348 vel
907 1300 1209 1363 deliquialis‚
1263 1300 1574 1362 defectualis3
1627 1299 1983 1348 Germanorum
2023 1299 2178 1361 aliqui
2218 1298 2391 1362 appel—

119 1370 223 1420 lant
261 1370 661 1433 &dyeinBrecIJerim
700 1372 1003 1436 lucifragam‚
1043 1374 1358 1440 luciperdam,
1399 1374 1681 1436 lucifugam,
1723 1373 2021 1432 umbrosam,
2062 1372 2399 1432 umbriferam,

121 1446 170 1492 in
222 1445 467 1508 oppositio
522 1461 641 1494 sane
695 1445 849 1508 Solis3
909 1462 1018 1495 cum
1073 1450 1136 1496 sit
1189 1450 1379 1498 interim
1430 1447 1631 1496 lucifera
1688 1446 1768 1495 vel
1817 1446 2061 1509 luciporta
2110 1446 2174 1494 ob
2230 1447 2390 1509 ipsum

157 1517 299 1568 olem.

121 1517 154 1570 S
269 1591 385 1655 Qua
429 1591 600 1653 ftyura
640 1598 709 1640 est
745 1593 932 1642 umbra
979 1594 1205 1643 Terrae?
1262 1594 1382 1643 Cum
1439 1600 1488 1643 et
1528 1594 1613 1643 Sol
1653 1598 1702 1642 et
1740 1591 1917 1653 Terra,
1970 1591 2053 1639 ille
2092 1590 2380 1652 luminosus,

120 1663 240 1713 haec
279 1678 448 1728 opaca,
486 1664 699 1713 rotunda
738 1667 836 1713 sint
875 1680 1078 1731 corpora
1115 1674 1164 1716 et
1187 1667 1273 1716 Sol
1313 1667 1507 1730 quidem
1533 1667 1683 1715 Terra
1722 1665 1892 1727 maJ'or,
1933 1667 2155 1728 sequitur
2192 1665 2383 1728 legibus

119 1738 305 1801 opticiS,
346 1739 463 1800 quia
499 1738 623 1786 lucis
659 1738 782 1786 radii
821 1745 934 1787 sunt
971 1740 1130 1789 lineae
1169 1747 1354 1802 rectae,
1396 1747 1450 1788 ut
1488 1741 1659 1788 umbra
1697 1737 1905 1786 Telluris
1943 1740 2007 1787 sit
2045 1753 2195 1786 conus
2236 1753 2384 1800 regu-

54 1853 58 1860 .
117 1809 230 1860 laris
275 1825 360 1860 seu
409 1810 647 1860 rotundae
686 1818 862 1881 metae·
898 1814 1077 1876 figura,
1125 1816 1210 1876 qui
1260 1829 1439 1875 conuS,
1490 1819 1651 1863 sectus
1691 1801 1838 1876 plano
1877 1811 1941 1859 ad
1981 1826 2122 1860 axem
2164 1817 2294 1860 recto
2333 1813 2383 1858 in
2436 1875 2440 1878 ι

121 1897 410 1947 quocunque
446 1890 644 1947 punem,
686 1887 953 1935 sectionem
993 1887 1201 1950 acquirit
1239 1887 1488 1936 circulum.
1561 1886 1700 1938 Idem
1725 1900 1896 1934 verum
1935 1890 2010 1933 est
2035 1884 2188 1933 multo
2226 1886 2385 1948 magis

118 1955 177 2006 de
212 1954 355 2006 Luna
392 1957 598 2020 ejusque
638 1959 827 2008 umbra.

69 2215 71 2217 ,
120 2170 213 2227 ejus
243 2173 415 2217 umbra.

55 2439 60 2442 .
123 2391 329 2456 brevior,
370 2395 675 2466 obtusiorxet
713 2398 929 2461 tenuior;
969 2406 1114 2453 aucto
1153 2399 1253 2461 illo,
1293 2399 1501 2463 longior,
1539 2398 1727 2447 acutior
1767 2401 1814 2446 et

81 2504 84 2505 γ
122 2470 336 2517 crassior.
1334 2487 1338 2491 ⁴

77 2814 81 2818 ¹
128 2754 302 2809 Terrae
340 2762 659 2825 superficiem,
700 2763 852 2812 altera
890 2779 976 2826 per
1014 2773 1230 2813 centrum
1269 2765 1374 2828 ejus
1414 2764 1573 2814 ducta.

77 2906 84 2912 ’
127 2909 281 2964 puncti
310 2910 348 2954 F
379 2911 550 2968 Lunae,
583 2911 893 2957 horizontalis.
1319 2931 1321 2934 ⁴

258 2042 312 2086 In
342 2042 571 2087 schemate
602 2043 671 2088 91.
703 2042 742 2086 si
774 2044 847 2088 SD
881 2043 958 2088 Sol
989 2043 1048 2090 sit
1079 2049 1126 2089 et
1153 2016 1238 2090 VE
1271 2045 1436 2099 Terra,
1475 2041 1711 2100 productis
1744 2040 1881 2085 rectis
1914 2039 2011 2098 SV,
2056 2041 2164 2105 DE,
2212 2040 2383 2084 contin-

120 2105 325 2162 gentibus
355 2105 505 2151 Solem
537 2112 583 2151 et
611 2107 811 2166 Terram,
843 2109 1065 2155 formatur
1096 2122 1236 2155 conus
1268 2111 1455 2156 umbrae
1483 2109 1621 2155 VCE.
1681 2109 1753 2151 Ita
1785 2106 1822 2150 si
1853 2105 1934 2149 KL
1967 2106 2112 2163 Luna,
2145 2106 2268 2151 KRL
2300 2107 2386 2152 erit

2018 2224 2101 2265 Fig.
2129 2223 2184 2258 91.

265 2248 537 2311 Semperne
573 2257 746 2298 manet
792 2251 965 2300 eadem
1016 2254 1230 2302 umbrae
1264 2253 1474 2316 fiyura?
1520 2252 1629 2300 Non
1668 2250 1812 2313 peni-

123 2324 213 2369 tus.
285 2322 412 2370 Nam
451 2322 686 2372 diminuto
726 2325 983 2375 intervallo
1023 2326 1153 2375 Solis
1204 2333 1251 2376 et
1289 2327 1497 2388 Terrae,
1547 2325 1720 2373 umbra
1758 2322 1813 2372 fit

272 2541 411 2605 Quid
446 2549 516 2590 est
549 2543 839 2606 parallaoeis
880 2543 1010 2593 Solis
1046 2546 1126 2593 vel
1166 2544 1350 2594 Lunae
1387 2545 1734 2605 horizontaZiS,
1771 2549 1817 2592 et
1867 2550 1871 2557 ²

129 2626 254 2675 quae
290 2618 425 2664 ratio
451 2615 709 2664 nominis?
744 2615 1017 2666 Parallaxis
1051 2618 1367 2667 horizontalis
1407 2626 1482 2667 est
1519 2617 1726 2681 angulus
1765 2618 1815 2662 in
1866 2617 1870 2622 '

126 2682 238 2735 Sole
271 2688 351 2736 vel
376 2688 519 2737 Luna
558 2689 748 2738 duabus
786 2690 927 2739 lineis
967 2691 1358 2756 comprehensus,
1400 2693 1555 2741 altera
1585 2694 1817 2752 tangente

269 2844 322 2888 In
362 2845 591 2890 schemate
631 2846 743 2891 VSB
788 2852 859 2892 est
900 2847 1147 2904 parallaxis
1188 2849 1346 2905 puncti
1378 2849 1423 2919 S⁴
1449 2848 1496 2893 in
1527 2848 1655 2904 Sole,
1696 2849 1816 2894 EFB

271 2986 583 3039 Ptolemaeus
623 2988 957 3053 παραλλαξιν,
1010 2989 1305 3054 Copernicus
1344 3006 1403 3040 ex
1447 3006 1504 3041 eo
1545 2996 1818 3040 commuta-

133 3048 310 3108 tionem
347 3061 482 3111 visus
508 3060 739 3126 appellat,
782 3064 897 3125 quia
923 3062 1082 3113 lineae
1114 3064 1207 3114 hae
1233 3063 1329 3122 BS,
1370 3063 1468 3125 VS,
1511 3067 1820 3114 continuatae

134 3143 286 3194 usque
325 3134 415 3183 sub
445 3135 581 3195 fixas,
625 3134 889 3183 ostendunt
928 3135 1024 3184 duo
1050 3136 1161 3185 loca
1199 3139 1347 3186 centri
1376 3137 1506 3186 Solis
1545 3138 1623 3186 vel
1651 3137 1820 3185 Lunae

138 3200 428 3269 differentia,
485 3221 688 3271 quorum
741 3209 831 3256 sub
870 3207 1022 3257 altero
1074 3203 1210 3258 sidus
1248 3210 1440 3259 videtur
1479 3226 1536 3258 ex
1576 3210 1616 3257 B
1658 3215 1820 3258 centro

133 3273 307 3328 Terrae
361 3288 638 3344 aspectum,
687 3281 778 3329 sub
831 3280 984 3331 altero
1022 3282 1215 3332 videtur
1265 3289 1514 3347 aspectum
1555 3298 1614 3331 ex
1651 3282 1697 3330 V
1735 3297 1821 3330 su-

133 3348 323 3411 perficie
360 3353 558 3403 Terrae.
637 3355 861 3416 Fingitur
899 3355 1046 3416 igitur
1083 3357 1218 3404 visus
1258 3371 1316 3404 ex
1356 3356 1396 3403 B
1438 3361 1600 3404 centro
1626 3354 1820 3403 ,Terrae

137 3421 185 3468 in
222 3423 326 3484 ejus
364 3428 663 3490 superficiem
706 3427 748 3474 V
787 3427 1029 3476 transferri
1069 3430 1115 3474 in
1155 3433 1416 3489 momentO,
1458 3442 1554 3490 quo
1595 3427 1708 3475 dato
1735 3426 1818 3476 Sol

136 3491 214 3542 vel
239 3494 377 3546 Luna
407 3506 649 3549 mutarent
685 3514 825 3548 suum
852 3499 1012 3548 locum
1037 3507 1352 3563 apparentem
1391 3501 1481 3549 sub
1507 3500 1631 3550 fixis.
1694 3500 1818 3548 Nam

137 3565 200 3614 ab
237 3568 375 3619 oculo
398 3571 583 3633 humili,
622 3574 670 3620 in
704 3581 864 3622 centro
892 3572 1078 3622 scilicet
1105 3573 1283 3622 Terrae
1310 3573 1367 3632 B,
1408 3578 1714 3622 cernerentur
1741 3572 1817 3621 al-

138 3637 245 3687 tiori
280 3648 416 3704 parte
454 3645 603 3706 coeli,
654 3646 716 3695 ab
760 3646 846 3695 illo
894 3646 1088 3695 elevato
1127 3648 1174 3692 in
1222 3645 1525 3707 superficiem
1567 3645 1611 3692 V
1649 3638 1817 3695 cerne-

137 3716 296 3760 rentur
329 3713 438 3765 loco
462 3717 721 3777 humiliori.
778 3719 951 3782 Itaque
989 3721 1037 3765 in
1077 3719 1381 3768 versionibus
1412 3719 1619 3768 arabicis
1637 3719 1816 3782 *paral-

140 3778 262 3858 laxis
299 3785 471 3851 dicitur
504 3790 759 3841 diversitas
792 3798 1032 3855 aspectus.

283 3860 493 3923 Quanta
523 3870 684 3925 potest
720 3878 817 3914 esse
853 3866 1086 3914 maxima
1119 3863 1413 3925 parallaxis
1450 3865 1717 3926 utriusque
1747 3866 1816 3911 si-

227 3953 377 3997 xeplerr
400 3958 534 4001 Opera.
570 3961 636 3997 VI.
