2554 4140
261 142 363 194 578
683 129 685 132 ⁴
1004 135 1058 183 In
1088 135 1336 213 Epitomen
1365 135 1515 184 Notae
1542 137 1761 185 Editoris.

253 271 456 341 singulos
493 281 661 338 gradus
700 282 970 327 semicirculi
1011 282 1371 328 commutationis
1409 281 1558 337 adque
1595 282 1653 325 24
1691 282 2010 340 proportiones
2057 281 2253 327 laterum
2291 279 2507 335 trianguli

252 351 313 406 (h.
347 363 384 394 e.
414 346 756 392 intervallorum
788 347 907 392 Solis
937 353 983 392 et
1014 348 1202 404 Terrae,
1252 347 1461 403 Solisque
1493 351 1539 390 et
1566 346 1796 404 planetae)
1829 353 1874 392 et
1902 346 2108 403 interJeci
2148 347 2266 390 areis
2298 345 2507 390 differen-

253 417 340 460 tias
370 419 464 458 tam
497 410 811 456 interlineares
843 425 977 467 quam
1005 412 1433 467 intercolumnares,
1474 417 1526 456 ut
1555 412 1597 455 si
1625 412 1725 468 quis
1755 412 1915 470 vellet,
1959 425 2085 457 more
2114 412 2160 456 in
2192 411 2504 475 astronomicis

249 480 416 524 tabulis
448 493 539 524 non
569 476 869 534 infrequenti,
912 483 1089 534 partem
1117 477 1501 535 proportionalem
1542 477 1698 522 venari
1734 484 1891 534 posset
1933 479 2196 536 operatione
2229 476 2503 531 cruciformi,

248 557 354 589 vere
385 556 519 590 cruce
549 541 890 588 calculatorum.
951 543 1012 587 At
1048 543 1095 588 in
1126 543 1323 588 editione
1355 542 1504 599 operis
1534 555 1584 586 re
1615 541 1877 598 diligentius
1918 556 2118 600 expensa
2157 542 2366 587 sufficere
2406 542 2503 585 visa

249 615 319 654 est
347 608 531 654 tabulae
560 621 666 665 pars
697 608 832 651 tertia
862 612 908 652 et
939 620 993 652 ea
1024 608 1206 663 quidem
1237 608 1333 652 sine
1365 607 1642 653 differentiis.
1701 606 1866 663 Incipit
1895 608 2033 664 igitur
2078 608 2175 664 ejus
2193 604 2504 664 ‘margo'sini-

249 680 342 719 ster
390 687 416 718 a
458 671 820 718 commutationis
867 673 1062 718 denariis
1107 673 1485 730 progrediturque
1535 686 1681 730 usque
1726 672 1784 717 ad
1829 674 1948 718 100⁰.
2007 674 2183 720 Abhinc
2231 687 2358 729 vero,
2405 687 2506 717 cum

244 740 676 797 prosthaphaereses
715 739 837 785 orbis
882 732 944 782 in'
973 739 1167 783 Saturno
1208 739 1426 795 incipiant
1457 738 1718 783 decrescere
1759 750 1904 795 usque
1948 738 2006 783 ad
2041 741 2159 796 140⁰,
2207 740 2284 784 ubi
2314 740 2504 784 Veneris

246 804 470 860 incipiunt
499 804 788 860 decrescere,
835 802 1038 858 singulos
1080 803 1246 859 gradus
1285 804 1501 849 exhibere
1539 803 1684 847 visum
1715 807 1800 848 est.
1859 803 1928 847 Ab
1960 805 2068 850 140ο
2099 819 2244 862 usque
2284 805 2341 850 ad
2370 803 2506 848 finem

249 870 519 915 semicirculi
544 870 768 921 sufficere
806 872 892 917 visi
929 877 1034 916 sunt
1065 871 1208 917 saltus
1247 885 1329 928 per
1359 877 1624 929 quaternos,
1671 884 1773 915 cum
1815 871 1913 915 sine
1959 871 2070 916 lima
2097 887 2180 930 per
2209 872 2504 930 logarithmos

246 935 372 980 nulla
399 935 535 992 plane
565 938 805 992 prolixitas
835 938 1018 983 tabulae
1048 937 1186 994 hujus
1217 936 1707 994 prosthaphaeresibus
1739 938 1898 982 Martis
1930 943 1976 981 et
2007 938 2196 983 Veneris
2240 938 2505 983 satisfacere

245 1000 405 1057 possit.
465 1000 519 1045 In
549 1000 697 1046 fronte
727 1017 833 1048 vero
865 997 1119 1048 occurrunt
1141 1003 1298 1048 ordine
1326 1003 1646 1060 proportiones
1677 1016 1705 1047 a
1734 1005 1878 1050 30000
1908 1004 1966 1049 ad
1998 1004 2184 1050 240000.

398 1082 543 1127 ‘Usus
575 1082 765 1149 ‚tabulae
808 1089 878 1129 est
917 1085 1021 1130 iste.
1082 1086 1129 1130 Si
1168 1090 1263 1130 tam
1303 1094 1480 1129 summa
1520 1086 1829 1141 quaesitorum
1867 1085 2135 1141 angulorum
2165 1085 2504 1141 (commutatio),

248 1161 384 1205 quam
412 1148 646 1205 proportio
676 1149 966 1208 reperiuntur
997 1157 1156 1197 exacte
1186 1153 1233 1196 in
1263 1152 1467 1209 margine
1497 1159 1546 1196 et
1577 1152 1739 1207 fronte,
1772 1165 1881 1197 area
1910 1164 2090 1207 quoque
2112 1150 2342 1195 exhibebit
2371 1163 2505 1206 quae-

251 1213 390 1257 situm
421 1219 599 1260 exacte:
631 1213 877 1272 sin'aliter,
908 1229 991 1273 per
1021 1229 1240 1261 summam
1272 1217 1541 1273 angulorum
1572 1217 1878 1273 quaesitorum
1908 1217 1972 1267 (h.
2001 1230 2039 1262 e.
2078 1230 2162 1273 per
2197 1216 2505 1261 commutatio·

156 1304 175 1322 x
249 1284 372 1335 nem)
419 1280 625 1337 proxime
681 1282 898 1331 minorem
945 1284 1050 1328 data
1086 1276 1139 1327 ‘in
1185 1284 1387 1340 margine
1430 1283 1656 1326 inventam
1697 1289 1742 1327 et
1779 1295 1863 1339 per
1901 1283 2209 1340 proportionis
2250 1282 2507 1337 logarithmi

200 1348 203 1355 '
242 1346 466 1404 myriades
497 1359 636 1404 puras
673 1349 721 1393 in
759 1347 911 1393 fronte
941 1347 1203 1405 ingredere,
1241 1353 1288 1392 et
1327 1347 1558 1392 exhibebit
1598 1360 1704 1392 area
1743 1349 1991 1393 communis
2031 1347 2335 1404 quaesitorum
2366 1360 2504 1402 angu-

201 1431 211 1440 ·
243 1411 388 1457 lorum
426 1413 697 1458 minorem
739 1414 837 1470 (seu
879 1413 1314 1470 prosthaphaeresin
1357 1413 1493 1462 orbis)
1530 1413 1882 1469 respondentem
1925 1414 2181 1467 elementis,
2227 1412 2389 1470 quibus
2435 1417 2504 1456 est

243 1483 496 1534 excerptus.
559 1478 686 1523 Idem
727 1478 800 1524 fac
840 1493 942 1523 cum
982 1478 1147 1536 angulo
1192 1478 1556 1524 commutationis
1597 1478 1803 1534 proxime
1845 1480 2029 1537 majori,
2079 1493 2212 1536 quam
2253 1484 2324 1524 est
2358 1478 2504 1532 datus,

244 1547 290 1586 et
322 1552 423 1587 cum
453 1543 760 1599 proportionis
791 1543 992 1602 myriade
1024 1544 1254 1600 sequenti:
1294 1558 1376 1601 per
1408 1557 1524 1600 quae
1554 1543 1987 1601 prosthaphaeresin
2018 1545 2170 1589 elicies
2201 1545 2335 1589 etiam
2365 1544 2503 1600 maj0-

239 1619 349 1651 rem.
408 1607 670 1653 Memineris
699 1609 869 1668 itaque,
901 1610 1138 1655 veritatem
1162 1623 1263 1656 esse
1286 1610 1552 1668 plerumque
1577 1609 1622 1653 in
1644 1610 1791 1654 medio
1816 1615 2150 1666 excerptorum.
2202 1609 2338 1655 Sume
2366 1610 2504 1665 igitur

240 1670 410 1729 aliquid
439 1674 755 1720 intermedium
788 1679 834 1721 et
864 1677 1020 1722 excole
1051 1676 1164 1722 illud
1194 1690 1278 1734 per
1306 1676 1647 1734 proportionem
1674 1675 1820 1731 ipsam
1846 1675 2012 1720 datam.
2063 1675 2116 1719 Id
2138 1674 2255 1720 enim
2284 1674 2337 1719 fit
2367 1674 2502 1731 longe

242 1737 443 1807 facilius,
479 1752 612 1795 quam
643 1753 727 1798 per
755 1740 897 1799 ullam
925 1744 1212 1788 venationem
1242 1743 1386 1800 partis
1417 1738 1784 1798 proportionalis.
2256 1775 2257 1778 ,

419 1807 536 1849 Inter
576 1822 673 1850 mss.
705 1809 1007 1852 Pnlkoviensia
1050 1811 1398 1863 deprehendimus
1440 1810 1708 1862 fasciculum,
1755 1808 1870 1862 quod
1914 1809 2097 1848 maxima
2129 1820 2180 1848 ex
2210 1811 2326 1860 parte
2355 1806 2500 1848 adver-

244 1867 358 1906 saria
388 1866 491 1907 [rab.
519 1868 627 1909 Rud.
661 1870 852 1923 continet
882 1870 995 1920 (Vol.
1026 1870 1157 1919 XX.).
1220 1872 1284 1910 Ex
1318 1870 1384 1910 his
1413 1869 1494 1909 hoc
1526 1869 1808 1919 excerpimus:

413 1929 740 1988 Praeceptum:
772 1932 894 1978 Dato
926 1933 1292 1979 commutationis
1323 1931 1492 1989 angulo
1525 1937 1571 1976 et
1601 1929 1915 1975 distantiarum
1946 1930 2263 1987 proportione,
2301 1930 2501 1977 invenire

235 1995 667 2054 prosthaphaeresin
698 1998 820 2044 orbis
852 2005 899 2044 et
926 2001 1263 2058 elongationem
1293 1999 1505 2056 planetae
1537 2011 1564 2043 a
1596 1995 1713 2041 Sole.

409 2077 512 2122 Etsi
541 2079 846 2136 perscriptum
877 2086 947 2124 est
976 2080 1024 2125 in
1054 2080 1180 2136 Epit.
1216 2079 1343 2123 Astr.
1373 2091 1418 2134 p.
1455 2076 1537 2120 751
1574 2076 1709 2131 (448),
1741 2076 2145 2133 prosthaphaeresi
2177 2090 2257 2123 seu
2277 2077 2499 2135 parallaxi

237 2141 360 2187 orbis
390 2155 481 2188 non
513 2157 627 2200 opus
659 2157 760 2192 esse
789 2146 838 2190 in
871 2145 1047 2192 calculo
1080 2143 1386 2200 Rudolphino,
1419 2146 1470 2186 ut
1502 2141 1580 2197 qui
1610 2147 1850 2186 contentus
1882 2143 1942 2186 sit
1971 2141 2257 2199 elongatione
2288 2143 2497 2200 planetae

237 2221 265 2251 a
295 2207 420 2265 Sole,
451 2207 499 2252 id
528 2212 679 2255 tamen
708 2210 1019 2267 intelligebam
1048 2215 1225 2255 tantum
1257 2208 1312 2253 de
1342 2206 1420 2251 illo
1441 2206 1575 2251 modo
1595 2206 1893 2262 investigandi
1921 2206 2252 2266 elongationem
2271 2210 2496 2266 ptanetae,

240 2284 374 2327 quem
403 2278 514 2318 tunc
545 2275 779 2330 sequebar.
840 2277 915 2322 Ex
945 2276 1023 2321 illo
1053 2287 1160 2320 vero
1192 2280 1395 2331 tempore
1426 2273 1704 2330 deprehendi
1726 2273 2072 2326 commodiorem
2103 2274 2265 2319 calculi
2293 2274 2499 2330 formam,

235 2335 282 2379 in
314 2349 405 2393 qua
433 2338 568 2394 prius
593 2341 655 2396 (in
686 2340 995 2398 superioribus
1028 2337 1502 2397 quidem)‘innotescit
1530 2337 1645 2382 haec
1676 2336 1798 2382 orbis
1814 2338 2254 2395 prosthaphaeresis.
2302 2339 2499 2385 Attende
2535 2395 2537 2398 Α

234 2399 374 2457 igitur
405 2401 711 2450 definitionem
742 2406 890 2452 vocis:
923 2420 1026 2452 cum
1057 2405 1112 2450 de
1143 2403 1451 2461 superioribus
1483 2403 1679 2459 planetis
1710 2404 1897 2459 agimus,
1928 2417 2016 2448 vox
2036 2404 2139 2462 ista,
2169 2405 2516 2462 prosthaphae--

237 2466 353 2512 resis
383 2469 522 2527 orbis,
554 2469 825 2532 intelligitur
865 2471 920 2517 de
951 2472 1060 2517 orbe
1091 2483 1278 2527 magno,
1310 2468 1387 2525 qui
1425 2466 1674 2513 secundum
1705 2467 1756 2512 Τ.
1787 2467 1955 2512 Brahei
1995 2470 2315 2526 conceptiones
2347 2470 2498 2516 Solem

573 2567 658 2610 mg·
683 2565 759 2603 101.
1142 2535 1292 2592 ipsum
1326 2539 1372 2578 et
1399 2533 1448 2578 in
1479 2546 1532 2578 eo
1564 2547 1800 2580 commune
1839 2540 2042 2580 centrum
2071 2536 2212 2580 totius
2243 2535 2502 2593 systematis,

1143 2599 1386 2657 planetarii
1416 2599 1683 2646 circumfert.
1743 2600 1807 2645 Et
1845 2607 1955 2646 tunc
1992 2607 2062 2647 est
2092 2602 2286 2658 angulus
2315 2601 2373 2647 ad
2402 2602 2496 2660 pla-

1140 2731 1246 2776 bem
1281 2730 1581 2777 eccentricum
1610 2732 1796 2789 PLAN,
1838 2737 1885 2776 et.
1915 2732 1946 2779 S
1978 2731 2070 2783 Sol)
2111 2733 2222 2778 SLT
2261 2733 2335 2778 vel
2366 2732 2500 2792 SM&

1143 2863 1273 2910 STN.
1333 2863 1393 2907 At
1433 2876 1534 2907 cum
1574 2862 1631 2907 de
1666 2863 1956 2908 inferioribus
1998 2865 2198 2922 agimus,
2241 2878 2329 2910 vox
2370 2863 2514 2913 orbis-⁵

1139 3059 1366 3105 veteribus
1399 3059 1624 3117 epicyclus
1656 3059 1992 3115 dicebatur‚.et
2019 3067 2129 3108 tunc
2158 3063 2338 3120 prosth.
2367 3062 2505 3128 orbiq‘

1133 3456 1408 3512 phaereseos
1439 3467 1527 3499 vox
1557 3454 1615 3500 sit
1642 3456 1850 3511 relativa,
1881 3462 1932 3501 ut
1961 3459 2009 3503 in
2042 3460 2354 3516 superioribus
2384 3458 2482 3518 quiq

1134 3522 1236 3566 dem
1263 3519 1548 3576 intelligatur
1585 3519 1750 3564 referri
1791 3521 1851 3567 ad
1887 3521 2038 3569 locum
2074 3525 2288 3582 planetae
2327 3534 2494 3572 eccefflv

1130 3587 1294 3637 tricum
1323 3598 1406 3642 per
1435 3584 1579 3629 lineas
1612 3585 1697 3642 SL,
1729 3585 1804 3630 SN
1834 3585 2087 3647 definitum,
2118 3591 2165 3636 in
2194 3592 2478 3638 inferioribus
2520 3580 2525 3623 3

630 3684 637 3686 ξ
678 3699 721 3736 R

1129 3721 1290 3776 Itaque
1351 3720 1397 3764 in
1455 3715 1738 3761 semicirculo
1801 3721 2161 3767 commutationis
2210 3723 2360 3779 priore
2402 3720 2475 3768 ΟΒ

228 3776 659 3836 prosthaphaeresis
685 3776 799 3822 haec
827 3781 1119 3842 superiorum,
1150 3790 1202 3828 ut
1228 3785 1355 3842 SNT,
1388 3781 1671 3832 subtrahitur
1698 3779 1849 3825 &10⁰0
1879 3781 2089 3838 planetae
2111 3788 2358 3832 eccentrico
2389 3786 2474 3845 8103

228 3841 501 3901 inferiorum,
534 3846 586 3887 ut
613 3841 737 3899 SRP,
773 3842 953 3889 additur
982 3848 1039 3892 ad
1069 3847 1219 3894 locum
1242 3850 1356 3895 Solis
1378 3851 1512 3909 RSO;
1547 3855 1703 3896 contra
1730 3850 1778 3895 in
1807 3848 2088 3898 semicirculo
2119 3850 2473 3898 commutationis
2548 3855 2554 3894 ὲ

1142 2670 1296 2710 netam
1324 2665 1371 2709 in
1402 2663 1582 2720 adjecto
1614 2665 1844 2711 schemate
1884 2667 1985 2723 (ubi
2025 2666 2062 2711 T
2093 2667 2235 2712 Terra
2269 2669 2389 2714 intra
2425 2681 2497 2719 om
2551 2665 2554 2668 ’

1137 3140 1230 3171 non
1260 3126 1392 3172 aliter
1432 3139 1485 3171 ac
1514 3126 1561 3170 in
1589 3126 1845 3172 Prutenicis
1888 3132 1958 3171 est
1989 3126 2182 3184 angulus
2214 3127 2272 3173 ad
2303 3126 2444 3174 Terra
2463 3133 2467 3138 ’
2535 3142 2543 3176 s

1139 3205 1221 3236 seu
1259 3190 1452 3248 angulus
1493 3191 1678 3237 visionis
1689 3209 1701 3249 ;
1747 3192 1792 3236 in
1834 3192 2012 3249 adjecto
2053 3193 2281 3240 schemate
2319 3195 2412 3253 (ubi
2485 3199 2487 3201 ’
2532 3199 2540 3251 '5

1138 3258 1323 3303 Terram
1355 3257 1527 3315 signat,
1577 3263 1719 3309 extra,
1736 3258 1890 3302 orbem
1918 3259 2182 3306 inferiorum
2210 3262 2368 3315 unius)
2409 3260 2503 3334 aas
2528 3267 2539 3307 ⁴

1135 3324 1268 3380 gulus
1298 3323 1472 3368 hic‘est
1502 3324 1612 3370 SRP
1644 3324 1716 3369 vel
1747 3323 1875 3381 SRA,
1906 3326 2007 3382 ipsa
2037 3340 2097 3373 sc.
2130 3327 2356 3384 elongatio
2388 3327 2489 3394 pla}
2527 3309 2536 3363 ἶ

1134 3395 1268 3435 netae
1298 3402 1325 3433 a
1355 3388 1472 3434 Sole.
1535 3389 1827 3446 Consequens
1856 3391 1995 3447 igitur
2023 3399 2116 3449 est,
2146 3409 2247 3440 cum
2277 3392 2490 3453 prosthaff
2528 3399 2532 3442 ἲ

2526 3455 2530 3464 ι

2527 3476 2530 3487 ι

2549 2701 2554 2738 l

2549 2762 2554 2790 s

1141 2796 1355 2842 differens
1394 2791 1451 2842 ab'
1488 2796 1774 2853 elongatione
1812 2797 2023 2854 planetae
2059 2812 2087 2844 a
2129 2799 2235 2845 Sole
2274 2799 2384 2846 STL
2421 2796 2501 2845 vd
2544 2802 2554 2855 1

2548 2856 2554 2923 ξ

1140 2928 1283 2974 multo
1316 2928 1591 2974 commodius
1623 2941 1758 2984 quam
1795 2929 1842 2973 in
1870 2930 2128 2976 Prutenicis
2162 2932 2306 2989 accipi
2343 2933 2495 2988 potest
2508 2965 2514 2978 „
2544 2925 2551 2976 i

1140 2993 1198 3039 de
1226 2994 1327 3051 ipso
1357 2993 1570 3050 planetae
1610 2993 1719 3038 orbe
1759 2995 2010 3041 eccentrico
2051 2996 2171 3042 circa
2202 2997 2375 3052 Solem,
2415 2995 2497 3060 qu}
2543 2991 2548 3042 Ξ

2544 3340 2547 3349 ι

1130 3666 1236 3698 vero
1278 3650 1338 3696 ad
1375 3650 1526 3694 locum
1566 3663 1722 3696 verum
1761 3650 1898 3706 Solis,
1954 3667 2036 3710 per
2075 3657 2190 3702 RSO
2231 3657 2475 3703 definitum
2517 3651 2549 3691 ἱ,
