2554 4140
0 2130 6 2178 1,

3 2182 6 2230 l

5 2308 8 2342 l

17 3522 23 3623 l

20 3714 26 3774 t

22 3787 28 3943 ἶ

27 4034 31 4112 ἒ

39 1320 283 1368 Ἰαῐίοῐιεε
323 1328 459 1369 motu
510 1321 710 1385 diurno,
764 1321 843 1369 vel
895 1322 937 1369 si
984 1323 1092 1384 ipsa
1140 1322 1503 1382 quiescentibus
1552 1321 1660 1368 fixis
1711 1325 1895 1368 motum
1940 1319 2070 1366 hunc

71 1918 182 1952 rum
218 1903 477 1953 distantiae
513 1903 793 1953 insensibile
819 1907 896 1965 sit,
935 1919 1022 1968 per
1046 1904 1141 1953 hoc
1174 1910 1512 1967 argumentum
1549 1919 1647 1954 non
1675 1903 1857 1968 patefit.
1936 1902 2075 1951 Sicut

70 1991 108 2026 ·e
143 1980 397 2038 contrario,
437 1979 554 2039 quia
581 1977 805 2041 planetae
843 1992 938 2026 non
975 1992 1164 2040 semper
1201 1993 1291 2027 nec
1317 1978 1542 2026 omnibus
1581 1981 1694 2026 anni
1721 1977 1942 2041 partibus
1982 1989 2075 2037 ap-

0 2042 35 2085 ¹„
76 2056 246 2112 parent
281 2050 498 2112 ejusdem
536 2052 843 2112 quantitatiS,
881 2050 994 2099 inde
1031 2057 1190 2113 patet,
1239 2050 1550 2100 intervallum
1589 2051 1678 2100 hos
1715 2053 1839 2099 inter
1878 2055 1926 2098 et
1952 2047 2077 2097 Ter-
2132 2083 2163 2103 ,,

47 2137 182 2172 ‚ram
217 2131 346 2172 certo
386 2125 580 2171 variari.
654 2123 731 2171 An
771 2138 887 2172 vero
913 2123 1164 2172 TerraOad
1201 2125 1439 2187 planetaS,
1480 2139 1541 2172 an
1575 2123 1625 2170 hi
1664 2124 1726 2171 ad
1759 2124 1973 2183 Terram,
2015 2135 2084 2181 an,

818 156 959 203 ¹Liber
987 156 1174 202 Primus.
1230 156 1343 202 Pars
1374 155 1555 212 Quarta.
1623 205 1627 209 ,
1996 199 2002 204 .
2052 151 2055 154 ’
2179 162 2182 165 “
2210 134 2308 207 ³161
2366 183 2368 186 v

77 309 259 366 fuerat,
307 319 495 354 rursum
548 305 707 353 simul
743 305 914 355 eodem
963 312 1208 355 momento
1256 305 1556 375 spectabitur
1604 305 1651 351 in
1693 315 1882 354 occasu.
1962 303 2166 368 Oportet
2189 317 2315 368 'ergo

77 386 228 428 totam
266 378 464 426 Terram
502 393 611 444 esse
649 379 882 427 minorem
920 379 1074 427 stellis
1111 374 1230 463 ipsis
1265 378 1390 427 fixis.
1572 388 1580 395 ·

219 451 272 499 Si
309 453 471 499 autem
510 465 708 514 corpus
720 451 870 500 Terra
906 453 1014 514 ipsa
1050 451 1208 513 majus
1247 456 1346 521 tam
1383 455 1586 514 apparet
1622 465 1852 522 parvum,
1900 439 2090 515 oportet
2125 453 2313 517 longis-

74 524 199 580 simo
234 523 493 571 intervallo
532 537 619 571 seu
658 524 1088 572 innumerabilibus
1126 524 1304 572 Terrae
1325 512 1589 571 diametris
1628 508 1865 571 remotum
1905 539 2026 574 esse.
2326 535 2333 541 '

131 605 136 610 '
218 597 295 649 Sit
306 604 384 649 Ac
406 605 559 662 Terra,
591 605 710 650 BAD
745 607 932 651 horizon
962 607 1050 651 loci
1078 607 1142 660 A,
1181 596 1298 650 ECF
1341 605 1529 650 horizon
1574 604 1662 650 loci
1701 606 1733 650 C
1765 606 1984 664 oppositi:
2028 608 2067 652 si
2085 605 2271 658 Pis-25.

74 683 182 726 ergo
202 676 394 726 uterque
414 641 570 714 incidit
592 670 639 714 iu
670 670 825 715 stellas
855 672 893 715 B
924 676 970 715 et
999 671 1053 720 D,
1087 671 1151 715 sic
1181 677 1232 715 ut
1260 670 1405 727 possit
1436 675 1628 726 utraque
1658 670 1797 715 videri
1817 677 1909 715 tam
1941 685 1997 716 ex
2009 673 2067 729 ·A,

75 749 208 793 quam
238 749 296 780 ex
327 736 374 792 C,
405 741 586 791 oportet
615 737 691 779 BE
722 736 792 780 vel
823 737 903 780 DF
935 748 1036 781 esse
1065 736 1241 792 maj0ra
1273 747 1462 793 corpora
1490 736 1592 792 ipsa
1622 735 1713 780 AC.

215 813 302 859 An
347 826 454 860 non
508 816 768 873 quantitas
812 813 933 860 haee
985 814 1320 875 apparitionis
1371 813 1801 860 constellationum
1837 817 2068 859 constans
2123 806 2128 812 ”

73 884 210 933 docet
245 899 363 945 noe,
411 885 547 947 quod
589 885 745 933 Terra
782 888 844 933 sit
893 888 949 932 in
997 887 1103 947 ipso
1149 886 1300 932 etiam
1348 885 1782 933 constellationum
1836 886 2066 932 omnium

77 957 298 1019 adeoque
334 963 381 1005 et
404 960 557 1006 totius
580 957 762 1005 mundi
786 957 963 1017 medio,
1001 963 1062 1019 ut
1099 958 1247 1019 vulqo
1285 956 1753 1019 aryumentantur?
1806 956 1914 1005 Non
1954 957 2070 1003 sim-

74 1029 262 1092 pliciter
286 1029 421 1078 valet
457 1037 793 1092 argumentum
820 1030 878 1078 de
904 1029 1146 1092 ipsissimo
1187 1030 1351 1077 mundi
1390 1030 1564 1092 medio,
1606 1028 1690 1077 sed
1717 1030 1806 1077 sic:
1855 1026 1903 1093 1)
1942 1027 2068 1089 Quia

76 1103 298 1150 omnibus
333 1105 475 1150 unius
501 1105 657 1151 noctis
700 1102 830 1150 horis
881 1101 1051 1150 eadem
1100 1104 1381 1164 quantitas
1398 1103 1633 1165 cujusque
1687 1101 2068 1150 constellationis

75 1177 405 1223 instrumentis
442 1174 840 1258 deprehenditur,
895 1175 1007 1223 hinc
1044 1176 1261 1237 sequitur
1300 1174 1510 1223 duorum
1542 1175 1776 1235 alterum,
1827 1180 1882 1221 ut
1919 1174 2070 1221 Terra
2115 1230 2119 1233 ¹

78 1247 154 1296 vel
191 1250 241 1295 in
281 1254 463 1296 centro
470 1251 533 1296 sit
558 1247 941 1310 uniuscujusque
964 1246 1265 1308 circulorum,
1305 1263 1390 1311 per
1416 1262 1538 1310 quos
1572 1262 1685 1296 mov
1691 1243 1829 1295 entur
1855 1246 2068 1295 constel-

73 1400 388 1456 apparentem
425 1399 650 1457 praestet,
690 1399 744 1441 ut
782 1400 895 1442 tunc
932 1398 1129 1442 maneat
1166 1393 1397 1442 distantia
1435 1394 1558 1457 ejus⁸
1580 1410 1609 1442 a
1647 1393 1886 1441 sideribus
1925 1394 2070 1440 inva-

73 1466 273 1527 riabiliS,
312 1482 411 1515 non
447 1472 649 1526 attente,
686 1467 771 1515 ubi
809 1468 904 1515 sita
941 1468 1016 1527 sit,
1058 1468 1107 1513 in
1147 1473 1309 1515 centro
1348 1468 1579 1528 universi,
1623 1481 1685 1515 an
1725 1473 1876 1515 extra.

221 1538 275 1602 2)
315 1538 442 1601 Quia
468 1540 692 1588 omnibus
731 1541 843 1588 anni
872 1540 1091 1603 partibus
1131 1538 1272 1588 durat
1296 1539 1420 1597 haec
1458 1541 1775 1603 apparitionis
1807 1539 2070 1601 quantitas,

76 1610 197 1660 illud
226 1613 421 1675 insuper
458 1611 838 1674 demonstratur,
876 1613 1076 1662 Terram
1114 1618 1216 1661 toto
1256 1611 1341 1661 illo
1382 1618 1598 1677 tempore
1636 1612 1784 1673 nihil,
1841 1610 1974 1674 quod
2021 1613 2070 1657 in

78 1688 438 1749 comparatione
482 1699 590 1734 cum
629 1685 858 1734 distantia
894 1688 1232 1735 sensunotari
1280 1687 1463 1748 possit,
1515 1684 1739 1734 recedere
1792 1700 1822 1733 a
1867 1685 2071 1732 fixarum

76 1757 206 1818 ulla,
258 1759 378 1806 nihil
425 1758 489 1806 ad
535 1773 642 1807 eam
688 1758 935 1807 accedere.
1010 1759 1088 1806 An
1126 1773 1242 1807 vero
1281 1758 1432 1808 Terra
1482 1759 1677 1807 recedat
1717 1758 1882 1820 aliquo
1922 1759 2072 1805 inter-

77 1830 235 1891 vallo,
289 1832 420 1893 quod
458 1846 543 1895 per
579 1846 632 1880 se
670 1833 788 1879 satis
828 1832 1022 1894 quidem
1060 1846 1306 1895 magnum,
1347 1837 1399 1879 at
1434 1838 1658 1895 respectu
1698 1832 1908 1894 ingentis
1945 1829 2071 1878 fixa-

82 2210 196 2244 vero
234 2198 426 2259 utrique
464 2195 527 2244 ad
565 2195 743 2246 alteros
782 2196 1015 2245 accedant
1040 2195 1380 2260 recedantque,
1421 2211 1505 2261 per
1541 2197 1669 2245 hane
1694 2196 2079 2260 argumentatio-

76 2265 190 2317 nem
213 2278 378 2318 manet
399 2270 723 2318 indiscussum
762 2269 1234 2333 examinandumque
1257 2270 1545 2333 relinquitur
1575 2270 1823 2318 doctrinae
1863 2269 2123 2318 theoricae.
2199 2264 2334 2316 Nihil

6 2354 9 2407 ᾖ
81 2343 209 2390 enirn
246 2345 447 2392 interest
486 2343 736 2392 doctrinae
773 2343 1077 2407 sphaericae,
1139 2347 1386 2406 uteunque
1424 2343 1518 2392 hoc
1570 2348 1904 2407 comparatum
1943 2344 2030 2402 sit,
2090 2357 2199 2391 cum
2237 2342 2332 2388 ista

7 2412 9 2471 ξ
81 2417 286 2464 mutatio
338 2415 685 2479 magnitudinis
725 2418 1003 2479 apparentis
1041 2431 1136 2465 non
1176 2416 1262 2466 fiat
1298 2419 1425 2466 intra
1463 2431 1611 2465 unam
1651 2417 1794 2477 diem,
1835 2417 1920 2479 qui
1945 2413 2169 2464 modulus
2206 2419 2332 2463 tem-

8 2514 11 2554 3
81 2489 214 2551 poris
251 2490 403 2538 motui
441 2490 619 2552 primo,
659 2488 905 2538 doctrinae
944 2490 1226 2553 sphaericae
1264 2491 1505 2553 subJeetO,
1547 2492 1871 2554 praescriptus
1912 2494 2002 2539 est.

233 2562 422 2612 Circuli
476 2562 715 2625 sphaerae
765 2565 981 2611 maximi
1027 2563 1330 2611 dividuntur
1392 2564 1456 2611 ab
1505 2564 1763 2613 horizonte
1812 2570 2010 2611 terreno
2073 2563 2333 2626 bifariam,

83 2647 273 2698 semper
311 2638 446 2684 enim
483 2634 648 2683 media
697 2651 819 2698 pars
867 2638 1109 2698 cujusque
1154 2639 1371 2698 conspici
1405 2643 1584 2699 potest,
1637 2643 1683 2684 et
1731 2636 1789 2683 cle
1827 2642 2100 2698 aequatore
2145 2648 2337 2696 semper

10 2700 13 2721 ³
83 2706 251 2758 media
273 2723 396 2773 pars
434 2710 599 2756 oritur
625 2709 686 2754 12
713 2708 862 2768 horis,
902 2715 960 2757 ut
987 2715 1201 2772 apparet
1237 2712 1294 2757 in
1321 2711 1665 2772 aequinoctiis,
1707 2708 1914 2771 quando
1942 2709 2028 2757 Sol
2056 2711 2114 2756 in
2141 2722 2335 2769 aequa-

84 2785 188 2829 tore
222 2788 304 2830 est.
381 2782 598 2830 Hoccine
634 2781 817 2844 sufficit
854 2782 925 2828 ad
959 2783 1283 2830 asserendum
1318 2782 1501 2830 Terrae
1539 2789 1768 2831 centrum
1793 2781 2009 2829 mundi?
2081 2781 2191 2829 Hoc
2225 2781 2338 2843 qui-

90 2851 197 2902 dem
236 2856 499 2914 evincitur,
541 2853 739 2901 Terram
780 2869 887 2903 esse
927 2862 1144 2903 centrum
1183 2853 1468 2905 circulorum
1510 2856 1830 2903 maximorum
1869 2854 2134 2916 sphaerae,
2190 2867 2336 2915 quam

88 2926 256 2977 oculus
296 2928 388 2976 sibi
428 2928 723 2988 imaginatur
762 2929 938 2989 quovis
976 2933 1209 2992 tempore.
1285 2928 1485 2977 Interim
1532 2943 1617 2991 per
1656 2928 1749 2975 hoc
1787 2933 2124 2990 argumentum
2176 2932 2338 2990 potest

86 3001 221 3048 visus
260 3000 343 3050 ille
382 3015 487 3049 esse
542 3005 679 3048 extra
717 3005 932 3048 centrum
981 3004 1130 3049 totius
1181 3002 1410 3049 universi.
1490 3001 1615 3048 Nam
1668 3000 1833 3049 circuli
1882 3000 2120 3063 sphaerae
2158 3001 2338 3062 imagi·
2408 3012 2416 3019 ⁷

87 3074 282 3123 natione
322 3075 459 3122 visus
499 3075 601 3143 eris
581 3078 760 3120 terent
797 3075 942 3122 etiam
982 3079 1120 3134 tunc,
1174 3076 1215 3122 si
1255 3074 1404 3122 Terra
1440 3073 1722 3135 longissime
1762 3087 1787 3121 e
1826 3087 1916 3121 suo
1954 3073 2065 3123 loco
2105 3072 2338 3133 exularet,

97 3150 183 3194 aut
218 3149 259 3194 si
297 3148 434 3194 visus
472 3148 520 3193 in
561 3146 701 3193 Luna
740 3144 821 3193 vel
859 3145 988 3195 Jove
1027 3146 1190 3195 aliove
1228 3147 1428 3209 planeta
1465 3140 1616 3206 ess'et,
1657 3152 1712 3194 ut
1750 3145 2019 3195 audiemus

239 3218 451 3268 Circulis
487 3219 609 3268 coeli
645 3225 690 3266 et
733 3217 919 3266 Terrae
952 3220 1361 3281 proportionalia
1397 3221 1635 3267 eveniunt
1671 3225 1777 3272 tam
1814 3222 1870 3267 in
1906 3220 2142 3282 lonqum,
2184 3235 2339 3282 quam

12 3275 16 3292 ’
89 3290 149 3339 ὄπ
195 3291 373 3340 latum.
452 3293 590 3340 Nam
639 3291 805 3339 ubivis
856 3294 915 3338 15
954 3293 1201 3340 milliaria
1243 3289 1550 3340 Germanica
1599 3294 1657 3339 in
1679 3292 1858 3341 ⁴Terra
1896 3292 2122 3357 efficiunt
2161 3307 2340 3340 unum

89 3363 311 3424 madum
346 3368 404 3414 in
441 3366 586 3425 coelo,
627 3364 812 3425 ubique
850 3364 977 3412 hora
1016 3366 1073 3411 in
1119 3364 1277 3412 Terra
1314 3365 1462 3428 efficit
1509 3366 1568 3413 15
1606 3364 1798 3426 qradus
1845 3367 1901 3413 in
1939 3367 2069 3416 coelo
2079 3383 2098 3427 ;
2150 3371 2342 3429 oportet

91 3435 247 3496 ipim
281 3437 429 3486 idem,
449 3453 624 3488 eorum
662 3443 890 3485 centrum
929 3451 1047 3491 esse,
1097 3443 1326 3485 centrum
1372 3438 1554 3486 scilicet
1597 3437 1803 3500 Terrae,
1856 3445 1915 3486 ut
1951 3445 2113 3487 rectae
2145 3453 2219 3491 ,ex
2255 3438 2341 3486 illo

89 3506 296 3558 eductae
346 3511 646 3561 abscindant
693 3525 843 3558 arcus
889 3510 1304 3572 proportionales.
1390 3510 1625 3561 Collectio
1678 3511 1979 3573 conceditur,
2033 3513 2148 3574 quia
2177 3503 2357 3572 *sonat

91 3590 190 3628 non
228 3581 288 3632 de
325 3592 489 3634 centro
528 3583 783 3633 machinae
822 3582 1122 3641 mundanae,
1180 3582 1266 3643 sed
1304 3588 1491 3632 tantum
1536 3583 1600 3634 de
1642 3585 1851 3633 circulis
1874 3585 2138 3658 sphaerae,
2195 3599 2342 3646 quam

19 3672 24 3713 ς
95 3652 267 3703 oculus
303 3656 398 3705 sibi
436 3657 796 3719 circumjectam
837 3670 943 3705 esse
984 3657 1290 3717 imaginatur,
1330 3669 1487 3719 eoque
1514 3659 1620 3722 ipso
1659 3671 1712 3707 se
1744 3659 1905 3721 ipsum
1944 3660 1993 3704 in
2020 3652 2149 3705 i'llius
2178 3656 2353 3706 centro'

100 3723 307 3776 collocat
356 3728 633 3793 faceretque
672 3729 824 3789 idem,
885 3742 1221 3791 quemcunque
1262 3730 1309 3775 in
1348 3727 1509 3778 locum
1547 3729 1712 3779 mundi
1754 3732 2161 3793 transponeretur.
2239 3730 2343 3775 Etsi

98 3806 410 3861 praepostera
447 3811 520 3852 est
557 3804 712 3851 forma
750 3802 1070 3861 collectionis,
1111 3814 1205 3848 non
1236 3803 1363 3850 enim
1401 3802 1514 3852 ideo
1538 3803 1690 3852 Terra
1730 3804 1774 3849 in
1813 3803 2099 3852 circulorum
2130 3797 2340 3849 omnium

183 3899 334 3942 Kepleri
356 3902 479 3944 Opera
502 3904 567 3938 VI.
1067 3930 1070 3931 γ
1938 3894 1953 3937 l
1971 3893 1987 3937 Ῑ
