2554 4140
254 124 355 174 140
1075 121 1310 180 Epitomes
1339 122 1653 167 Astronomiae

395 269 451 317 Si
484 270 656 332 finitus
703 276 771 318 est
806 271 1045 335 mundus,
1085 287 1190 335 qua
1239 274 1398 334 iyitur
1430 271 1600 333 fiyura
1648 272 1917 334 praeditus
1958 280 2028 323 est
2065 273 2315 324 exterius?
2387 273 2497 336 Qua

248 343 375 391 enim
412 343 506 389 nisi
541 342 837 405 sphaerica?

399 414 543 476 Quae
579 414 727 463 habes
764 416 917 476 hujiis
952 418 1026 464 rei
1063 415 1414 478 aryumenta?
1487 414 1830 473 Astronomica
1873 432 1997 480 pene
2033 417 2198 478 nulla;
2251 417 2347 466 duo
2388 433 2503 466 vero

252 488 558 550 potissimum
605 488 969 553 metaphysica3
1019 490 1228 551 primum
1274 489 1338 536 ab
1388 489 1495 550 ipso
1533 488 1715 538 mundo
1758 489 1971 552 ducitur,
2024 490 2228 539 alterum
2278 490 2342 539 ab
2395 492 2500 553 ejus

248 558 526 623 archetypo.
591 581 596 588 ·

392 631 493 679 Dic
537 634 778 695 primum.
855 633 1174 695 Disputamus
1223 632 1281 680 de
1328 632 1511 695 figura,
1567 646 1696 695 quae
1745 634 1980 683 mundum
2036 635 2220 685 claudit
2271 635 2497 684 exterius.

249 702 427 752 Omnia
463 705 609 767 igitur
645 706 772 753 intra
807 705 943 754 illam
978 704 1183 766 figuram
1220 710 1346 766 sunt,
1387 703 1508 752 nibil
1545 711 1697 755 extra.
1773 706 1825 755 Si
1853 710 2015 756 omnia
2053 709 2183 770 capit
2219 713 2347 767 actu,
2386 722 2500 769 per-

246 791 393 839 quam
434 776 692 826 verisimile
731 784 818 839 est,
861 779 1008 826 etiam
1045 777 1197 825 forma
1236 778 1604 840 capacissimam
1632 793 1753 828 esse.
1829 779 2068 845 Capacior
2093 794 2209 828 vcro
2234 785 2309 828 est
2344 779 2500 842 figura

248 864 356 897 cum
396 855 471 898 est
506 849 740 911 rotunda,
790 865 935 913 quam
975 852 1015 896 si
1056 849 1224 898 eadem
1262 850 1533 913 superficiei
1571 853 1844 914 quantitate
1885 854 1934 900 in
1973 853 2120 901 aliam
2159 866 2499 915 quamcunque

249 923 476 984 speciem,
517 936 642 985 quae
680 923 887 970 rotunda
924 937 1020 970 non
1059 928 1146 982 cst,
1186 931 1315 971 esset
1353 937 1599 985 expressa,
1638 930 1692 973 ut
1719 924 1902 973 docent·
1920 932 2199 988 geometrae
2225 929 2272 972 et
2297 924 2498 988 Pappus

246 995 368 1043 libro
409 996 578 1058 quinto
612 994 1069 1044 Mathematicarum
1097 994 1468 1044 collectionum.
1545 995 1785 1046 Credibile
1823 1000 1970 1060 igitur
2008 1004 2107 1058 est,
2147 995 2380 1044 mundum
2418 1011 2500 1045 ro-

248 1066 402 1116 tunda
439 1067 691 1130 superficie
727 1067 866 1114 finiri.

389 1140 488 1188 Dic
525 1141 757 1189 alterum.
833 1139 1007 1188 Mundi
1044 1138 1336 1203 archetypus
1371 1140 1502 1190 Deus
1542 1142 1646 1204 ipse
1685 1147 1775 1200 est,
1814 1143 1955 1203 cujus
1993 1140 2130 1189 nulla
2166 1140 2320 1204 figura
2358 1142 2498 1189 simi-

246 1213 336 1260 lior
373 1218 446 1260 est
484 1209 552 1279 (si
591 1227 688 1275 qua
741 1211 1005 1260 similitudo
1058 1211 1222 1260 locum
1258 1210 1456 1280 habet),
1511 1227 1659 1276 quam
1706 1213 1959 1278 sphaerica
2005 1213 2298 1277 superficies.
2374 1214 2499 1262 Nam

247 1288 316 1333 uti
342 1285 478 1332 Deus
503 1290 577 1333 est
614 1299 716 1333 cns
754 1287 1012 1345 entium,
1052 1271 1345 1334 antecedens
1382 1287 1559 1348 omnia,
1598 1288 1881 1348 ingenitum,
1921 1287 2348 1350 simplicissimum,
2386 1301 2501 1349 per-

249 1359 576 1418 fectissimum,
615 1358 876 1419 immobile,
917 1358 1012 1406 sibi
1048 1359 1145 1421 ipsi
1182 1361 1513 1442 creaturisque
1551 1360 1776 1407 omnibus
1815 1358 2291 1419 sufficientissimum,
2332 1373 2501 1408 creans

247 1437 294 1479 ct
332 1434 608 1479 sustentans
647 1432 838 1490 omnia,
884 1445 1006 1479 unus
1045 1432 1281 1491 essentia,
1322 1432 1371 1479 in
1408 1433 1628 1495 personis
1666 1434 1844 1491 trinus,
1897 1433 1970 1481 sic
2005 1432 2312 1495 sphaericum
2352 1434 2500 1481 etiam

245 1501 439 1552 casdem
477 1501 586 1549 rudi
623 1502 834 1566 quodam
871 1503 1016 1552 modo
1054 1506 1376 1566 proprietates
1413 1504 1563 1553 habet
1598 1506 1722 1553 inter
1757 1503 1937 1567 figuras
1976 1511 2178 1554 ceteras.

392 1575 448 1622 Si
496 1581 600 1623 tam
642 1576 866 1638 pulchra
917 1583 986 1624 est
1021 1577 1265 1639 analoqia
1301 1578 1434 1625 inter
1467 1578 1787 1639 sphaericum
1837 1584 1884 1626 et
1926 1592 2006 1626 res
2041 1578 2267 1639 divinas,
2319 1591 2503 1638 operae

245 1649 465 1709 pretium
504 1654 586 1708 est,
639 1654 889 1697 naturam
925 1649 1174 1710 sphaerici
1218 1649 1452 1712 pluribus
1487 1651 1748 1713 explicari.
1805 1649 1923 1699 .Dic
1970 1652 2155 1712 ἐρίων,
2209 1665 2302 1698 cur
2336 1651 2502 1713 facias

246 1722 479 1782 primam
523 1721 853 1783 liqui-arum?
905 1724 1050 1783 atqui
1083 1721 1336 1783 putabam
1389 1737 1492 1785 eyo,
1550 1723 1711 1772 lineas
1728 1737 1843 1771 -esse
1887 1725 2086 1785 priores
2136 1723 2501 1786 superficiebus,

247 1796 374 1855 quia
408 1794 734 1855 simpliciores
769 1800 890 1842 sunt
943 1801 989 1842 et
1025 1809 1136 1843 una
1172 1795 1280 1843 sola
1317 1795 1626 1846 dimensione
1661 1790 1995 1858 lonqitudinis
2032 1802 2286 1857 constant3
2324 1795 2505 1858 sphae-

247 1869 428 1927 ricum,
468 1871 528 1914 ut
565 1867 858 1929 superficies,
912 1869 968 1915 in
1005 1867 1216 1930 lonyum
1265 1873 1312 1916 et
1346 1868 1510 1919 latum
1553 1871 1859 1931 porriyitur.
1936 1868 2151 1916 Primum
2197 1867 2358 1917 lineae
2405 1881 2499 1916 uon

245 1945 360 1986 sunt
396 1939 534 2001 ipsae
574 1939 772 2002 figurae,
814 1939 900 1988 sed
939 1939 1199 2001 figurarum
1237 1942 1444 1988 termini.
1520 1941 1710 1990 Deinde
1749 1947 1862 1989 sunt
1889 1940 2085 2003 quidem
2123 1941 2281 1990 lineae
2319 1943 2504 2003 priores

246 2011 594 2074 superficiebus
644 2010 826 2074 planis3
879 2019 931 2060 at
980 2011 1030 2060 id
1082 2027 1180 2060 non
1218 2020 1291 2060 est
1340 2019 1537 2077 propter
1575 2013 1936 2077 simplicitatem
1973 2013 2108 2061 illam
2154 2027 2240 2076 per
2275 2027 2355 2074 se,
2407 2026 2502 2061 non

249 2086 378 2133 enim
415 2086 719 2147 componitur
756 2085 1033 2147 superficies
1071 2099 1130 2133 ex
1167 2085 1335 2146 lincis,
1394 2086 1479 2134 sed
1527 2093 1722 2149 propter
1770 2088 2099 2149 generationis
2135 2085 2332 2147 modos,
2390 2087 2506 2148 quia

243 2158 374 2206 linea
410 2158 568 2219 gignit
604 2157 908 2220 superficiem
945 2157 1156 2220 planam.
1233 2157 1496 2221 Superficie
1534 2174 1650 2208 vero
1690 2159 1944 2222 sphaerica
1980 2161 2162 2222 priores
2195 2172 2504 2222 nequaquam

249 2236 362 2278 sunt
398 2229 584 2290 lineae,
644 2231 761 2291 quia
797 2244 956 2292 neque
994 2238 1288 2293 componunt
1338 2246 1495 2294 neque
1535 2234 1753 2300 gignunt,
1775 2232 1932 2293 illam,
1981 2231 2069 2280 sed
2114 2233 2286 2295 potius⁴
2317 2245 2377 2280 ex
2414 2230 2504 2280 illa

247 2303 464 2352 oriuntur
509 2301 824 2352 materialiter
883 2303 961 2352 vel
1014 2303 1291 2352 formaliter.
1378 2304 1604 2367 Denique
1655 2305 1941 2368 simplicitas
1994 2304 2229 2354 linearum
2290 2303 2504 2368 allegata

245 2389 340 2425 non
380 2381 454 2424 est
492 2374 552 2424 de
592 2377 803 2424 essentia
839 2376 1046 2439 figurati,
1088 2375 1174 2425 sed
1196 2377 1317 2439 ,ejus
1354 2379 1516 2440 potius
1541 2378 1865 2440 imperfecti03
1906 2392 2015 2426 cum
2048 2392 2145 2426 non
2172 2375 2501 2427 omnimodam

243 2449 582 2512 figurationem
627 2447 889 2503 admittant
923 2448 1109 2508 lineae,
1162 2443 1458 2500 sed‘saltem
1507 2465 1655 2499 unum
1705 2451 1811 2513 ejus
1850 2450 2141 2500 elementum
2196 2451 2246 2498 in
2283 2450 2500 2513 longum.

198 2560 203 2569 .
243 2521 378 2570 Talis
415 2535 531 2570 vero
571 2520 878 2585 simplicitas,
932 2535 1057 2583 quae
1096 2523 1146 2568 in
1182 2524 1555 2586 participatione
1594 2525 1836 2584 consistit,
1884 2537 1982 2572 non
2019 2523 2164 2573 insert
2202 2524 2500 2587 prioritatem

243 2595 575 2657 participantis
612 2608 729 2658 prae
765 2595 1070 2656 participate

390 2667 610 2730 Explica
626 2667 893 2716 discrimen
904 2667 1194 2730 fiyurarum
1214 2667 1501 2729 planarum
1522 2675 1568 2716 et
1590 2661 2143 2732 parallelepipedarum
2166 2681 2322 2716 causa
2346 2673 2500 2728 ortus,

244 2744 299 2787 ut
337 2739 470 2788 dicta
506 2740 685 2788 melius
718 2740 1086 2802 intelliyantur.
1163 2739 1375 2803 Figurae
1424 2742 1641 2805 genitae-
1670 2744 1717 2788 in
1756 2741 1847 2790 hac
1886 2741 2221 2805 metaphysica
2275 2739 2502 2789 conside-

243 2812 428 2860 ratione
467 2819 581 2861 sunt
619 2813 667 2859 in
706 2812 883 2875 triplici
924 2811 1211 2861 discrimine.
1287 2812 1411 2861 Nam
1451 2814 1529 2862 vel
1569 2820 1681 2862 sunt
1717 2815 2048 2876 primigeniae,
2097 2812 2174 2863 vel
2211 2806 2377 2861 minus
2407 2811 2502 2861 ali-

248 2883 364 2945 quid
402 2886 520 2948 ipsis
558 2887 887 2949 primigeniis,
940 2884 1019 2933 vel
1065 2884 1177 2948 plus
1229 2886 1373 2948 ipsis3
1422 2886 1516 2935 hoc
1552 2892 1628 2935 est
1676 2886 1755 2934 vel
1803 2887 2017 2935 sectione
2057 2892 2191 2936 ortae
2235 2900 2295 2934 ex
2331 2885 2502 2949 primi-

248 2957 419 3018 geniis,
460 2964 513 3005 ut
549 2964 726 3020 partes,
767 2958 846 3006 vel
885 2958 1331 3021 compositione'ex
1369 2960 1761 3022 primigeniarum
1801 2960 2010 3008 absectis
2047 2959 2282 3022 partibus.

398 3030 658 3092 Quomodo
694 3034 982 3093 9i9nuntur
1015 3032 1388 3095 primigeniae?
1434 3031 1757 3094 Primigeniae
1795 3034 2059 3094 gignuntur
2084 3031 2215 3080 fluxu
2256 3045 2343 3079 seu
2368 3033 2501 3077 motu

249 3101 445 3163 directo,
485 3105 691 3164 primum
728 3105 919 3166 puncti,
961 3103 1092 3166 quod
1132 3103 1419 3166 intelligitur
1455 3106 1602 3152 situm
1640 3105 1855 3152 obtinere
1905 3110 2087 3153 certum
2126 3106 2175 3151 in
2212 3103 2368 3166 figura
2405 3101 2502 3150 alia
2551 3128 2554 3129 ν

245 3176 619 3236 praeexistente3
662 3182 709 3224 et
747 3191 804 3224 ex
843 3176 936 3225 hoc
972 3178 1107 3225 fluxu
1143 3182 1408 3225 nascuntur
1430 3177 1589 3226 lineae
1615 3183 1789 3226 rectae.
1864 3176 2054 3226 Deinde
2086 3177 2192 3225 fluit
2216 3176 2346 3224 linea
2371 3180 2503 3223 recta

247 3245 476 3295 ad-latus
514 3262 599 3295 seu
640 3250 685 3294 in
724 3249 951 3311 plagam,
993 3263 1117 3312 quae
1158 3254 1232 3299 est
1279 3247 1416 3298 extra
1453 3264 1592 3298 suum
1645 3248 1963 3312 longitudinis
2001 3254 2230 3308 tractum,
2282 3252 2331 3297 et
2383 3261 2501 3296 nas-

230 3325 427 3367 -cnntur
465 3334 523 3367 ex
560 3319 655 3368 hoc
693 3321 986 3383 superficies.
1062 3321 1114 3371 Si
1167 3324 1330 3371 omnia
1365 3322 1525 3372 lineae
1562 3328 1742 3386 puncta
1788 3322 2029 3370 fluxerunt
2077 3323 2126 3368 in
2167 3315 2400 3369 directum
2438 3318 2501 3368 ad

251 3392 483 3452 aequales
524 3391 801 3455 distantias,
855 3395 937 3455 qui
975 3395 1132 3442 fluxus
1170 3402 1246 3443 est
1284 3395 1582 3458 aequabilis.
1634 3393 1764 3457 quod
1800 3399 1915 3442 tunc
1953 3395 2188 3455 nascitur,
2239 3391 2502 3456 parallelo-

249 3478 516 3526 graminum
556 3464 752 3524 dicitur‚
813 3465 942 3526 quod
1002 3473 1075 3516 est
1135 3469 1213 3516 vel
1251 3468 1583 3530 rhomboides,
1633 3469 1675 3516 si
1729 3466 1938 3530 angulus
1994 3468 2151 3515 fluxus
2204 3473 2251 3514 et
2309 3466 2501 3514 fluentis

245 3538 338 3585 tuit
379 3536 637 3599 obitquus,
687 3538 767 3586 vel
807 3544 880 3585 est
917 3539 1265 3601 rectangulum.
1340 3541 1532 3602 Tertio,
1580 3542 1622 3589 si
1660 3542 1806 3590 etiam
1844 3539 2122 3602 superficies
2171 3541 2241 3588 sic
2254 3543 2413 3588 extra
2449 3552 2501 3585 se

250 3609 576 3672 aequabiliter
612 3609 755 3670 fluat,
805 3611 1020 3659 nascitur
1058 3626 1259 3675 corpus,
1309 3619 1358 3662 et
1396 3613 1593 3676 quidem
1628 3611 2119 3677 parallelepipedum3
2167 3611 2346 3676 angulo
2385 3623 2501 3659 vero

247 3684 407 3731 fluxus
442 3687 604 3742 rect0,
645 3684 811 3732 etiam
830 3683 1121 3732 columnare.

394 3754 446 3804 Si
484 3755 644 3804 fluxus
681 3755 936 3818 longitudo
975 3756 1196 3819 aequalis
1235 3763 1308 3804 est
1345 3758 1503 3808 lineae
1540 3759 1731 3818 fluenti,
1779 3762 2041 3806 nascuntur
2078 3759 2301 3820 utrinque
2337 3756 2502 3805 rhom-

248 3828 358 3879 bica
397 3828 577 3892 angulo
620 3828 848 3893 obliquo:
887 3831 963 3878 sin
1002 3831 1148 3882 etiam
1187 3830 1397 3896 angulus
1435 3826 1681 3882 fluxus‘et
1716 3830 1910 3883 fluentis
1946 3835 2105 3887 rectus
2132 3836 2220 3892 est,
2259 3832 2309 3878 iu
2344 3829 2502 3895 planis
