<?xml version="1.0" encoding="UTF-8"?>
<!DOCTYPE html PUBLIC "-//W3C//DTD XHTML 1.0 Transitional//EN"
    "http://www.w3.org/TR/xhtml1/DTD/xhtml1-transitional.dtd">
<html xmlns="http://www.w3.org/1999/xhtml" xml:lang="en" lang="en">
 <head>
  <title>
</title>
<meta http-equiv="Content-Type" content="text/html;charset=utf-8" />
  <meta name='ocr-system' content='tesseract 3.04.00' />
  <meta name='ocr-capabilities' content='ocr_page ocr_carea ocr_par ocr_line ocrx_word'/>
</head>
<body>
  <div class='ocr_page' id='page_1' title='image "./operaomniaedidit06kepluoft_0401.png"; bbox 0 0 2554 4140; ppageno 0'>
   <div class='ocr_carea' id='block_1_1' title="bbox 828 118 2330 190">
    <p class='ocr_par' dir='ltr' id='par_1_1' title="bbox 828 118 2330 190">
     <span class='ocr_line' id='line_1_1' title="bbox 828 118 2330 190; baseline 0.003 -12"><span class='ocrx_word' id='word_1_1' title='bbox 828 133 968 179; x_wconf 87' lang='lat' dir='ltr'>Liber</span> <span class='ocrx_word' id='word_1_2' title='bbox 998 132 1213 190; x_wconf 77' lang='lat' dir='ltr'>Quartus.</span> <span class='ocrx_word' id='word_1_3' title='bbox 1271 133 1386 179; x_wconf 86' lang='lat' dir='ltr'>Pars</span> <span class='ocrx_word' id='word_1_4' title='bbox 1415 118 1602 178; x_wconf 57' lang='lat' dir='ltr'>Tertia?</span> <span class='ocrx_word' id='word_1_5' title='bbox 2227 134 2330 184; x_wconf 78' lang='lat'>387</span> 
     </span>
    </p>
   </div>
   <div class='ocr_carea' id='block_1_2' title="bbox 34 244 2334 346">
    <p class='ocr_par' dir='ltr' id='par_1_2' title="bbox 34 244 2334 346">
     <span class='ocr_line' id='line_1_2' title="bbox 34 244 2334 346; baseline -0.002 -14"><span class='ocrx_word' id='word_1_6' title='bbox 34 271 37 273; x_wconf 34' lang='lat'>⁵</span> <span class='ocrx_word' id='word_1_7' title='bbox 78 284 226 332; x_wconf 83' lang='lat' dir='ltr'>fibras</span> <span class='ocrx_word' id='word_1_8' title='bbox 264 282 544 346; x_wconf 82' lang='lat' dir='ltr'>obliquitas,</span> <span class='ocrx_word' id='word_1_9' title='bbox 583 297 710 346; x_wconf 91' lang='lat' dir='ltr'>quae</span> <span class='ocrx_word' id='word_1_10' title='bbox 748 285 796 330; x_wconf 89' lang='lat' dir='ltr'>in</span> <span class='ocrx_word' id='word_1_11' title='bbox 835 283 990 332; x_wconf 90' lang='lat' dir='ltr'>latum</span> <span class='ocrx_word' id='word_1_12' title='bbox 1028 282 1197 343; x_wconf 90' lang='lat' dir='ltr'>tendit,</span> <span class='ocrx_word' id='word_1_13' title='bbox 1236 296 1325 331; x_wconf 89' lang='lat' dir='ltr'>seu</span> <span class='ocrx_word' id='word_1_14' title='bbox 1361 281 1571 344; x_wconf 85' lang='lat' dir='ltr'>angulus</span> <span class='ocrx_word' id='word_1_15' title='bbox 1595 244 1886 342; x_wconf 78' lang='lat' dir='ltr'>latitudiniS,</span> <span class='ocrx_word' id='word_1_16' title='bbox 1927 294 2024 343; x_wconf 92' lang='lat' dir='ltr'>quo</span> <span class='ocrx_word' id='word_1_17' title='bbox 2050 279 2334 330; x_wconf 84' lang='lat' dir='ltr'><strong>debilitatur</strong></span> 
     </span>
    </p>
   </div>
   <div class='ocr_carea' id='block_1_3' title="bbox 77 353 2334 637">
    <p class='ocr_par' dir='ltr' id='par_1_3' title="bbox 77 353 2334 637">
     <span class='ocr_line' id='line_1_3' title="bbox 79 353 2334 420; baseline -0.001 -16"><span class='ocrx_word' id='word_1_18' title='bbox 79 359 292 420; x_wconf 84' lang='lat' dir='ltr'>ipsorum</span> <span class='ocrx_word' id='word_1_19' title='bbox 332 370 467 420; x_wconf 79' lang='lat' dir='ltr'>opuS,</span> <span class='ocrx_word' id='word_1_20' title='bbox 508 355 752 404; x_wconf 86' lang='lat' dir='ltr'>sensibilis</span> <span class='ocrx_word' id='word_1_21' title='bbox 792 362 909 418; x_wconf 90' lang='lat' dir='ltr'>erat,</span> <span class='ocrx_word' id='word_1_22' title='bbox 950 357 1030 404; x_wconf 90' lang='lat' dir='ltr'>hic</span> <span class='ocrx_word' id='word_1_23' title='bbox 1067 356 1323 404; x_wconf 84' lang='lat' dir='ltr'>discrimen</span> <span class='ocrx_word' id='word_1_24' title='bbox 1361 355 1488 402; x_wconf 91' lang='lat' dir='ltr'>inter</span> <span class='ocrx_word' id='word_1_25' title='bbox 1524 361 1686 418; x_wconf 88' lang='lat' dir='ltr'>partes</span> <span class='ocrx_word' id='word_1_26' title='bbox 1725 354 1860 417; x_wconf 88' lang='lat' dir='ltr'>globi</span> <span class='ocrx_word' id='word_1_27' title='bbox 1897 353 2153 418; x_wconf 85' lang='lat' dir='ltr'>planetarii</span> <span class='ocrx_word' id='word_1_28' title='bbox 2191 359 2239 402; x_wconf 90' lang='lat' dir='ltr'>et</span> <span class='ocrx_word' id='word_1_29' title='bbox 2264 354 2334 401; x_wconf 90' lang='lat' dir='ltr'>sic</span> 
     </span>
     <span class='ocr_line' id='line_1_4' title="bbox 77 426 2332 492; baseline -0.002 -16"><span class='ocrx_word' id='word_1_30' title='bbox 77 430 202 478; x_wconf 86' lang='lat' dir='ltr'>inter</span> <span class='ocrx_word' id='word_1_31' title='bbox 237 431 468 478; x_wconf 83' lang='lat' dir='ltr'>terminos</span> <span class='ocrx_word' id='word_1_32' title='bbox 507 427 737 477; x_wconf 88' lang='lat' dir='ltr'>fibrarum</span> <span class='ocrx_word' id='word_1_33' title='bbox 776 429 1064 491; x_wconf 88' lang='lat' dir='ltr'>latitudinis,</span> <span class='ocrx_word' id='word_1_34' title='bbox 1104 430 1376 492; x_wconf 85' lang='lat' dir='ltr'>proximum</span> <span class='ocrx_word' id='word_1_35' title='bbox 1403 426 1508 483; x_wconf 90' lang='lat' dir='ltr'>Soli</span> <span class='ocrx_word' id='word_1_36' title='bbox 1547 433 1594 475; x_wconf 89' lang='lat' dir='ltr'>et</span> <span class='ocrx_word' id='word_1_37' title='bbox 1630 428 2006 476; x_wconf 87' lang='lat' dir='ltr'>remotissimum</span> <span class='ocrx_word' id='word_1_38' title='bbox 2044 427 2107 476; x_wconf 89' lang='lat' dir='ltr'>ab</span> <span class='ocrx_word' id='word_1_39' title='bbox 2139 440 2213 487; x_wconf 89' lang='lat' dir='ltr'>eo,</span> <span class='ocrx_word' id='word_1_40' title='bbox 2253 426 2332 474; x_wconf 91' lang='lat' dir='ltr'>cui</span> 
     </span>
     <span class='ocr_line' id='line_1_5' title="bbox 78 498 2333 564; baseline -0.001 -15"><span class='ocrx_word' id='word_1_41' title='bbox 78 501 358 550; x_wconf 84' lang='lat' dir='ltr'>discrimimi</span> <span class='ocrx_word' id='word_1_42' title='bbox 394 503 810 564; x_wconf 90' lang='lat' dir='ltr'>transscripsimus</span> <span class='ocrx_word' id='word_1_43' title='bbox 846 508 1032 551; x_wconf 90' lang='lat' dir='ltr'>motum</span> <span class='ocrx_word' id='word_1_44' title='bbox 1069 501 1303 563; x_wconf 89' lang='lat' dir='ltr'>limitum,</span> <span class='ocrx_word' id='word_1_45' title='bbox 1356 498 1503 549; x_wconf 82' lang='lat' dir='ltr'>valde</span> <span class='ocrx_word' id='word_1_46' title='bbox 1540 499 1665 548; x_wconf 85' lang='lat' dir='ltr'>exile</span> <span class='ocrx_word' id='word_1_47' title='bbox 1705 505 1802 549; x_wconf 88' lang='lat' dir='ltr'>est:</span> <span class='ocrx_word' id='word_1_48' title='bbox 1850 499 1960 562; x_wconf 89' lang='lat' dir='ltr'>jure</span> <span class='ocrx_word' id='word_1_49' title='bbox 1999 501 2146 562; x_wconf 87' lang='lat' dir='ltr'>igitur</span> <span class='ocrx_word' id='word_1_50' title='bbox 2185 500 2333 549; x_wconf 90' lang='lat' dir='ltr'>etiam</span> 
     </span>
     <span class='ocr_line' id='line_1_6' title="bbox 78 574 976 637; baseline 0.001 -15"><span class='ocrx_word' id='word_1_51' title='bbox 78 587 201 637; x_wconf 86' lang='lat' dir='ltr'>opus</span> <span class='ocrx_word' id='word_1_52' title='bbox 236 574 332 623; x_wconf 87' lang='lat' dir='ltr'>hoc</span> <span class='ocrx_word' id='word_1_53' title='bbox 366 575 528 637; x_wconf 89' lang='lat' dir='ltr'>ipsum</span> <span class='ocrx_word' id='word_1_54' title='bbox 564 576 724 623; x_wconf 89' lang='lat' dir='ltr'>minus</span> <span class='ocrx_word' id='word_1_55' title='bbox 764 581 838 624; x_wconf 89' lang='lat' dir='ltr'>est</span> <span class='ocrx_word' id='word_1_56' title='bbox 875 575 976 624; x_wconf 90' lang='lat' dir='ltr'>illo.</span> 
     </span>
    </p>
   </div>
   <div class='ocr_carea' id='block_1_4' title="bbox 75 687 2331 752">
    <p class='ocr_par' dir='ltr' id='par_1_4' title="bbox 75 687 2331 752">
     <span class='ocr_line' id='line_1_7' title="bbox 75 687 2331 752; baseline 0 -16"><span class='ocrx_word' id='word_1_57' title='bbox 75 687 139 737; x_wconf 79' lang='lat' dir='ltr'>V,</span> <span class='ocrx_word' id='word_1_58' title='bbox 199 688 289 737; x_wconf 90' lang='lat' dir='ltr'>De</span> <span class='ocrx_word' id='word_1_59' title='bbox 348 687 718 752; x_wconf 83' lang='lat' dir='ltr'>duplicatis</span> <span class='ocrx_word' id='word_1_60' title='bbox 765 690 984 740; x_wconf 90' lang='lat' dir='ltr'>Lunae</span> <span class='ocrx_word' id='word_1_61' title='bbox 1036 687 1652 752; x_wconf 84' lang='lat' dir='ltr'>inaequalitatibus</span> <span class='ocrx_word' id='word_1_62' title='bbox 1705 701 2048 750; x_wconf 89' lang='lat' dir='ltr'>earumque</span> <span class='ocrx_word' id='word_1_63' title='bbox 2099 689 2331 738; x_wconf 78' lang='lat' dir='ltr'>causis·</span> 
     </span>
    </p>
   </div>
   <div class='ocr_carea' id='block_1_5' title="bbox 74 770 2333 1001">
    <p class='ocr_par' dir='ltr' id='par_1_5' title="bbox 74 770 2333 1001">
     <span class='ocr_line' id='line_1_8' title="bbox 220 770 2326 854; baseline 0 -16"><span class='ocrx_word' id='word_1_64' title='bbox 220 789 362 839; x_wconf 79' lang='lat' dir='ltr'>Num</span> <span class='ocrx_word' id='word_1_65' title='bbox 398 806 474 853; x_wconf 86' lang='lat' dir='ltr'>ea,</span> <span class='ocrx_word' id='word_1_66' title='bbox 515 807 645 854; x_wconf 79' lang='lat' dir='ltr'>quae</span> <span class='ocrx_word' id='word_1_67' title='bbox 681 793 919 841; x_wconf 79' lang='lat' dir='ltr'>hactenus</span> <span class='ocrx_word' id='word_1_68' title='bbox 957 770 1215 854; x_wconf 64' lang='lat' dir='ltr'>disputata</span> <span class='ocrx_word' id='word_1_69' title='bbox 1251 797 1374 839; x_wconf 78' lang='lat' dir='ltr'>sunt</span> <span class='ocrx_word' id='word_1_70' title='bbox 1407 790 1468 839; x_wconf 81' lang='lat' dir='ltr'>de</span> <span class='ocrx_word' id='word_1_71' title='bbox 1505 791 1692 847; x_wconf 63' lang='lat' dir='ltr'>causiS,</span> <span class='ocrx_word' id='word_1_72' title='bbox 1733 789 1916 850; x_wconf 80' lang='lat' dir='ltr'>quibus</span> <span class='ocrx_word' id='word_1_73' title='bbox 1951 792 2326 852; x_wconf 74' lang='lat' dir='ltr'>primariorum</span> 
     </span>
     <span class='ocr_line' id='line_1_9' title="bbox 74 861 2333 929; baseline 0 -18"><span class='ocrx_word' id='word_1_74' title='bbox 74 869 240 912; x_wconf 72' lang='lat' dir='ltr'>motus</span> <span class='ocrx_word' id='word_1_75' title='bbox 276 866 385 912; x_wconf 80' lang='lat' dir='ltr'>veri</span> <span class='ocrx_word' id='word_1_76' title='bbox 421 866 686 926; x_wconf 79' lang='lat' dir='ltr'>tripliciter</span> <span class='ocrx_word' id='word_1_77' title='bbox 723 866 1016 929; x_wconf 79' lang='lat' dir='ltr'>inaequales</span> <span class='ocrx_word' id='word_1_78' title='bbox 1052 863 1352 924; x_wconf 77' lang='lat' dir='ltr'>reddantur,</span> <span class='ocrx_word' id='word_1_79' title='bbox 1391 866 1545 912; x_wconf 84' lang='lat' dir='ltr'>etiam</span> <span class='ocrx_word' id='word_1_80' title='bbox 1582 862 1642 910; x_wconf 83' lang='lat' dir='ltr'>de</span> <span class='ocrx_word' id='word_1_81' title='bbox 1668 861 1839 922; x_wconf 80' lang='lat' dir='ltr'>Luna,</span> <span class='ocrx_word' id='word_1_82' title='bbox 1878 862 2179 911; x_wconf 80' lang='lat' dir='ltr'>secundario</span> <span class='ocrx_word' id='word_1_83' title='bbox 2214 864 2333 923; x_wconf 80' lang='lat' dir='ltr'>pla—</span> 
     </span>
     <span class='ocr_line' id='line_1_10' title="bbox 75 934 2328 1001; baseline -0.001 -17"><span class='ocrx_word' id='word_1_84' title='bbox 75 942 218 995; x_wconf 78' lang='lat' dir='ltr'>neta,</span> <span class='ocrx_word' id='word_1_85' title='bbox 271 943 393 986; x_wconf 76' lang='lat' dir='ltr'>sunt</span> <span class='ocrx_word' id='word_1_86' title='bbox 432 939 800 1001; x_wconf 74' lang='lat' dir='ltr'>intelliyenda?</span> <span class='ocrx_word' id='word_1_87' title='bbox 860 941 901 990; x_wconf 88' lang='lat'>1.</span> <span class='ocrx_word' id='word_1_88' title='bbox 942 937 1151 987; x_wconf 91' lang='lat' dir='ltr'>Omnino</span> <span class='ocrx_word' id='word_1_89' title='bbox 1202 935 1399 1000; x_wconf 90' lang='lat' dir='ltr'>quidem</span> <span class='ocrx_word' id='word_1_90' title='bbox 1437 936 1587 985; x_wconf 76' lang='lat' dir='ltr'>Luna·</span> <span class='ocrx_word' id='word_1_91' title='bbox 1626 936 1754 983; x_wconf 89' lang='lat' dir='ltr'>circa</span> <span class='ocrx_word' id='word_1_92' title='bbox 1791 934 1990 984; x_wconf 84' lang='lat' dir='ltr'>Terram</span> <span class='ocrx_word' id='word_1_93' title='bbox 2041 934 2242 983; x_wconf 89' lang='lat' dir='ltr'>eandem</span> <span class='ocrx_word' id='word_1_94' title='bbox 2282 937 2328 982; x_wconf 93' lang='lat' dir='ltr'>in</span> 
     </span>
    </p>
   </div>
   <div class='ocr_carea' id='block_1_6' title="bbox 13 1007 2333 1074">
    <p class='ocr_par' dir='ltr' id='par_1_6' title="bbox 13 1007 2333 1074">
     <span class='ocr_line' id='line_1_11' title="bbox 13 1007 2333 1074; baseline -0 -18"><span class='ocrx_word' id='word_1_95' title='bbox 13 1038 22 1048; x_wconf 69' lang='lat'>=</span> <span class='ocrx_word' id='word_1_96' title='bbox 74 1023 250 1072; x_wconf 79' lang='lat' dir='ltr'>genere</span> <span class='ocrx_word' id='word_1_97' title='bbox 289 1010 494 1059; x_wconf 87' lang='lat' dir='ltr'>formam</span> <span class='ocrx_word' id='word_1_98' title='bbox 531 1018 693 1062; x_wconf 91' lang='lat' dir='ltr'>motus</span> <span class='ocrx_word' id='word_1_99' title='bbox 732 1011 1019 1072; x_wconf 90' lang='lat' dir='ltr'>aemulatur,</span> <span class='ocrx_word' id='word_1_100' title='bbox 1061 1025 1208 1074; x_wconf 90' lang='lat' dir='ltr'>quam</span> <span class='ocrx_word' id='word_1_101' title='bbox 1248 1010 1511 1059; x_wconf 85' lang='lat' dir='ltr'>observant</span> <span class='ocrx_word' id='word_1_102' title='bbox 1548 1009 1763 1073; x_wconf 89' lang='lat' dir='ltr'>primarii</span> <span class='ocrx_word' id='word_1_103' title='bbox 1800 1010 1927 1057; x_wconf 88' lang='lat' dir='ltr'>circa</span> <span class='ocrx_word' id='word_1_104' title='bbox 1956 1007 2136 1068; x_wconf 88' lang='lat' dir='ltr'>Solem,</span> <span class='ocrx_word' id='word_1_105' title='bbox 2177 1021 2333 1069; x_wconf 90' lang='lat' dir='ltr'>eoque</span> 
     </span>
    </p>
   </div>
   <div class='ocr_carea' id='block_1_7' title="bbox 0 1963 3 2015">
    <p class='ocr_par' dir='ltr' id='par_1_7' title="bbox 0 1963 3 2015">
     <span class='ocr_line' id='line_1_12' title="bbox 0 1963 3 2015; baseline 0 -9"><span class='ocrx_word' id='word_1_106' title='bbox 0 1963 3 2015; x_wconf 60' lang='lat' dir='ltr'>l</span> 
     </span>
    </p>
   </div>
   <div class='ocr_carea' id='block_1_8' title="bbox 0 2160 15 2800">
    <p class='ocr_par' dir='ltr' id='par_1_8' title="bbox 0 2160 15 2800">
     <span class='ocr_line' id='line_1_13' title="bbox 0 2160 7 2214; baseline 0 -22"><span class='ocrx_word' id='word_1_107' title='bbox 0 2160 7 2214; x_wconf 56' lang='lat' dir='ltr'>l</span> 
     </span>
     <span class='ocr_line' id='line_1_14' title="bbox 0 2222 8 2506; baseline 0 0"><span class='ocrx_word' id='word_1_108' title='bbox 0 2222 8 2506; x_wconf 70' lang='grc' dir='ltr'><strong>ἱ</strong></span> 
     </span>
     <span class='ocr_line' id='line_1_15' title="bbox 2 2537 15 2800; baseline 0 0"><span class='ocrx_word' id='word_1_109' title='bbox 2 2537 15 2800; x_wconf 58' lang='grc' dir='ltr'>ἒ</span> 
     </span>
    </p>
   </div>
   <div class='ocr_carea' id='block_1_9' title="bbox 11 2802 23 3030">
    <p class='ocr_par' dir='ltr' id='par_1_9' title="bbox 11 2802 23 3030">
     <span class='ocr_line' id='line_1_16' title="bbox 11 2802 18 2882; baseline 0 0"><span class='ocrx_word' id='word_1_110' title='bbox 11 2802 18 2882; x_wconf 62' lang='grc' dir='ltr'><strong>ὲ</strong></span> 
     </span>
     <span class='ocr_line' id='line_1_17' title="bbox 14 2939 23 3030; baseline 0 -20"><span class='ocrx_word' id='word_1_111' title='bbox 14 2939 23 3030; x_wconf 56' lang='grc' dir='ltr'>ι</span> 
     </span>
    </p>
   </div>
   <div class='ocr_carea' id='block_1_10' title="bbox 67 1079 2350 2896">
    <p class='ocr_par' dir='ltr' id='par_1_10' title="bbox 67 1079 2350 1734">
     <span class='ocr_line' id='line_1_18' title="bbox 74 1079 2332 1148; baseline 0 -19"><span class='ocrx_word' id='word_1_112' title='bbox 74 1083 222 1130; x_wconf 81' lang='lat' dir='ltr'>etiam</span> <span class='ocrx_word' id='word_1_113' title='bbox 261 1082 458 1133; x_wconf 89' lang='lat' dir='ltr'>easdem</span> <span class='ocrx_word' id='word_1_114' title='bbox 495 1086 545 1132; x_wconf 92' lang='lat' dir='ltr'>in</span> <span class='ocrx_word' id='word_1_115' title='bbox 583 1085 688 1148; x_wconf 89' lang='lat' dir='ltr'>ejus</span> <span class='ocrx_word' id='word_1_116' title='bbox 728 1080 929 1148; x_wconf 85' lang='lat' dir='ltr'>corpore</span> <span class='ocrx_word' id='word_1_117' title='bbox 968 1098 1143 1133; x_wconf 85' lang='lat' dir='ltr'>causas</span> <span class='ocrx_word' id='word_1_118' title='bbox 1181 1088 1395 1132; x_wconf 86' lang='lat' dir='ltr'>statuere</span> <span class='ocrx_word' id='word_1_119' title='bbox 1435 1082 1684 1142; x_wconf 82' lang='lat' dir='ltr'>debemus,</span> <span class='ocrx_word' id='word_1_120' title='bbox 1729 1079 1875 1129; x_wconf 86' lang='lat' dir='ltr'>fibras</span> <span class='ocrx_word' id='word_1_121' title='bbox 1914 1095 2088 1144; x_wconf 84' lang='lat' dir='ltr'>nempe</span> <span class='ocrx_word' id='word_1_122' title='bbox 2128 1094 2332 1143; x_wconf 85' lang='lat' dir='ltr'>magne-</span> 
     </span>
     <span class='ocr_line' id='line_1_19' title="bbox 74 1155 2331 1220; baseline -0.001 -17"><span class='ocrx_word' id='word_1_123' title='bbox 74 1156 195 1204; x_wconf 81' lang='lat' dir='ltr'>ticas</span> <span class='ocrx_word' id='word_1_124' title='bbox 246 1160 549 1220; x_wconf 88' lang='lat' dir='ltr'>tractumque</span> <span class='ocrx_word' id='word_1_125' title='bbox 589 1172 753 1207; x_wconf 88' lang='lat' dir='ltr'>earum</span> <span class='ocrx_word' id='word_1_126' title='bbox 792 1157 1096 1208; x_wconf 87' lang='lat' dir='ltr'>rectilineum</span> <span class='ocrx_word' id='word_1_127' title='bbox 1136 1162 1183 1205; x_wconf 90' lang='lat' dir='ltr'>et</span> <span class='ocrx_word' id='word_1_128' title='bbox 1220 1155 1394 1219; x_wconf 84' lang='lat' dir='ltr'>plagas</span> <span class='ocrx_word' id='word_1_129' title='bbox 1434 1155 1582 1218; x_wconf 87' lang='lat' dir='ltr'>hujus</span> <span class='ocrx_word' id='word_1_130' title='bbox 1619 1159 1802 1203; x_wconf 86' lang='lat' dir='ltr'>tractus</span> <span class='ocrx_word' id='word_1_131' title='bbox 1841 1157 2130 1215; x_wconf 79' lang='lat' dir='ltr'>contrariaS,</span> <span class='ocrx_word' id='word_1_132' title='bbox 2184 1168 2331 1203; x_wconf 88' lang='lat' dir='ltr'>unam</span> 
     </span>
     <span class='ocr_line' id='line_1_20' title="bbox 67 1227 2335 1292; baseline -0 -16"><span class='ocrx_word' id='word_1_133' title='bbox 67 1227 274 1291; x_wconf 75' lang='lat' dir='ltr'>plagam</span> <span class='ocrx_word' id='word_1_134' title='bbox 312 1229 494 1280; x_wconf 87' lang='lat' dir='ltr'>Terrae</span> <span class='ocrx_word' id='word_1_135' title='bbox 544 1232 774 1292; x_wconf 84' lang='lat' dir='ltr'>amicam,</span> <span class='ocrx_word' id='word_1_136' title='bbox 823 1230 1081 1280; x_wconf 87' lang='lat' dir='ltr'>adversam</span> <span class='ocrx_word' id='word_1_137' title='bbox 1120 1230 1394 1290; x_wconf 83' lang='lat' dir='ltr'>inimicam3</span> <span class='ocrx_word' id='word_1_138' title='bbox 1442 1234 1652 1278; x_wconf 89' lang='lat' dir='ltr'>tractum</span> <span class='ocrx_word' id='word_1_139' title='bbox 1691 1227 1901 1289; x_wconf 89' lang='lat' dir='ltr'>denique</span> <span class='ocrx_word' id='word_1_140' title='bbox 1939 1228 2068 1277; x_wconf 89' lang='lat' dir='ltr'>hunc</span> <span class='ocrx_word' id='word_1_141' title='bbox 2105 1227 2335 1276; x_wconf 89' lang='lat' dir='ltr'>fibrarum</span> 
     </span>
     <span class='ocr_line' id='line_1_21' title="bbox 73 1299 2336 1366; baseline -0 -17"><span class='ocrx_word' id='word_1_142' title='bbox 73 1301 167 1350; x_wconf 78' lang='lat' dir='ltr'>sibi</span> <span class='ocrx_word' id='word_1_143' title='bbox 213 1302 310 1365; x_wconf 87' lang='lat' dir='ltr'>ipsi</span> <span class='ocrx_word' id='word_1_144' title='bbox 354 1317 442 1366; x_wconf 89' lang='lat' dir='ltr'>per</span> <span class='ocrx_word' id='word_1_145' title='bbox 491 1310 647 1353; x_wconf 91' lang='lat' dir='ltr'>totum</span> <span class='ocrx_word' id='word_1_146' title='bbox 692 1304 865 1353; x_wconf 89' lang='lat' dir='ltr'>Lunae</span> <span class='ocrx_word' id='word_1_147' title='bbox 917 1304 1170 1353; x_wconf 89' lang='lat' dir='ltr'>circuitum</span> <span class='ocrx_word' id='word_1_148' title='bbox 1220 1301 1573 1365; x_wconf 85' lang='lat' dir='ltr'>propemodum</span> <span class='ocrx_word' id='word_1_149' title='bbox 1622 1299 1935 1364; x_wconf 79' lang='lat' dir='ltr'>parallelum3</span> <span class='ocrx_word' id='word_1_150' title='bbox 1994 1307 2050 1349; x_wconf 92' lang='lat' dir='ltr'>ut</span> <span class='ocrx_word' id='word_1_151' title='bbox 2099 1300 2336 1350; x_wconf 89' lang='lat' dir='ltr'>translata</span> 
     </span>
     <span class='ocr_line' id='line_1_22' title="bbox 72 1372 2334 1441; baseline -0 -19"><span class='ocrx_word' id='word_1_152' title='bbox 72 1372 214 1423; x_wconf 88' lang='lat' dir='ltr'>Luna</span> <span class='ocrx_word' id='word_1_153' title='bbox 258 1376 309 1422; x_wconf 90' lang='lat' dir='ltr'>in</span> <span class='ocrx_word' id='word_1_154' title='bbox 354 1376 515 1426; x_wconf 89' lang='lat' dir='ltr'>locum</span> <span class='ocrx_word' id='word_1_155' title='bbox 566 1380 846 1441; x_wconf 87' lang='lat' dir='ltr'>oppositum</span> <span class='ocrx_word' id='word_1_156' title='bbox 910 1377 996 1426; x_wconf 89' lang='lat' dir='ltr'>fiat</span> <span class='ocrx_word' id='word_1_157' title='bbox 1045 1377 1339 1439; x_wconf 88' lang='lat' dir='ltr'>permutatio</span> <span class='ocrx_word' id='word_1_158' title='bbox 1392 1374 1648 1438; x_wconf 89' lang='lat' dir='ltr'>plagarum</span> <span class='ocrx_word' id='word_1_159' title='bbox 1698 1379 1746 1423; x_wconf 91' lang='lat' dir='ltr'>et</span> <span class='ocrx_word' id='word_1_160' title='bbox 1799 1374 2065 1423; x_wconf 86' lang='lat' dir='ltr'>secundum</span> <span class='ocrx_word' id='word_1_161' title='bbox 2127 1375 2334 1422; x_wconf 86' lang='lat' dir='ltr'>amicam</span> 
     </span>
     <span class='ocr_line' id='line_1_23' title="bbox 72 1446 2335 1515; baseline 0 -20"><span class='ocrx_word' id='word_1_162' title='bbox 72 1446 343 1496; x_wconf 86' lang='lat' dir='ltr'>attrahatur</span> <span class='ocrx_word' id='word_1_163' title='bbox 379 1449 522 1499; x_wconf 80' lang='lat' dir='ltr'>Luna</span> <span class='ocrx_word' id='word_1_164' title='bbox 568 1465 600 1499; x_wconf 87' lang='lat' dir='ltr'>a</span> <span class='ocrx_word' id='word_1_165' title='bbox 638 1453 799 1515; x_wconf 83' lang='lat' dir='ltr'>specie</span> <span class='ocrx_word' id='word_1_166' title='bbox 838 1451 1052 1515; x_wconf 88' lang='lat' dir='ltr'>corporis</span> <span class='ocrx_word' id='word_1_167' title='bbox 1091 1448 1323 1508; x_wconf 71' lang='lat' dir='ltr'>TelluriS,</span> <span class='ocrx_word' id='word_1_168' title='bbox 1375 1447 1644 1497; x_wconf 89' lang='lat' dir='ltr'>secundum</span> <span class='ocrx_word' id='word_1_169' title='bbox 1681 1449 1928 1496; x_wconf 90' lang='lat' dir='ltr'>inimicam</span> <span class='ocrx_word' id='word_1_170' title='bbox 1967 1461 2083 1496; x_wconf 88' lang='lat' dir='ltr'>vero</span> <span class='ocrx_word' id='word_1_171' title='bbox 2121 1446 2335 1510; x_wconf 89' lang='lat' dir='ltr'>repella-</span> 
     </span>
     <span class='ocr_line' id='line_1_24' title="bbox 72 1520 2333 1586; baseline -0 -18"><span class='ocrx_word' id='word_1_172' title='bbox 72 1526 174 1581; x_wconf 83' lang='lat' dir='ltr'>tur,</span> <span class='ocrx_word' id='word_1_173' title='bbox 224 1535 381 1584; x_wconf 90' lang='lat' dir='ltr'>eaque</span> <span class='ocrx_word' id='word_1_174' title='bbox 429 1525 617 1574; x_wconf 86' lang='lat' dir='ltr'>ratione</span> <span class='ocrx_word' id='word_1_175' title='bbox 663 1530 826 1573; x_wconf 89' lang='lat' dir='ltr'>motus</span> <span class='ocrx_word' id='word_1_176' title='bbox 869 1524 977 1586; x_wconf 83' lang='lat' dir='ltr'>ejus</span> <span class='ocrx_word' id='word_1_177' title='bbox 1016 1524 1164 1572; x_wconf 86' lang='lat' dir='ltr'>etiam</span> <span class='ocrx_word' id='word_1_178' title='bbox 1199 1523 1249 1569; x_wconf 91' lang='lat' dir='ltr'>in</span> <span class='ocrx_word' id='word_1_179' title='bbox 1287 1520 1487 1583; x_wconf 85' lang='lat' dir='ltr'>longum</span> <span class='ocrx_word' id='word_1_180' title='bbox 1526 1520 1608 1570; x_wconf 87' lang='lat' dir='ltr'>vel</span> <span class='ocrx_word' id='word_1_181' title='bbox 1646 1522 1873 1569; x_wconf 86' lang='lat' dir='ltr'>incitetur</span> <span class='ocrx_word' id='word_1_182' title='bbox 1912 1521 1994 1570; x_wconf 87' lang='lat' dir='ltr'>vel</span> <span class='ocrx_word' id='word_1_183' title='bbox 2030 1520 2333 1582; x_wconf 88' lang='lat' dir='ltr'>remittatur;</span> 
     </span>
     <span class='ocr_line' id='line_1_25' title="bbox 70 1593 2350 1661; baseline -0.002 -16"><span class='ocrx_word' id='word_1_184' title='bbox 70 1593 283 1657; x_wconf 81' lang='lat' dir='ltr'>itemque</span> <span class='ocrx_word' id='word_1_185' title='bbox 319 1594 443 1644; x_wconf 87' lang='lat' dir='ltr'>alias</span> <span class='ocrx_word' id='word_1_186' title='bbox 479 1596 626 1646; x_wconf 86' lang='lat' dir='ltr'>fibras</span> <span class='ocrx_word' id='word_1_187' title='bbox 666 1599 883 1661; x_wconf 86' lang='lat' dir='ltr'>corporis</span> <span class='ocrx_word' id='word_1_188' title='bbox 922 1602 1113 1660; x_wconf 91' lang='lat' dir='ltr'>oportet</span> <span class='ocrx_word' id='word_1_189' title='bbox 1151 1596 1426 1657; x_wconf 86' lang='lat' dir='ltr'>concipere,</span> <span class='ocrx_word' id='word_1_190' title='bbox 1470 1595 1649 1657; x_wconf 91' lang='lat' dir='ltr'>quibus</span> <span class='ocrx_word' id='word_1_191' title='bbox 1689 1594 1860 1644; x_wconf 88' lang='lat' dir='ltr'>Lunae</span> <span class='ocrx_word' id='word_1_192' title='bbox 1899 1593 2217 1644; x_wconf 86' lang='lat' dir='ltr'>conficiantur</span> <span class='ocrx_word' id='word_1_193' title='bbox 2256 1593 2350 1642; x_wconf 77' lang='lat' dir='ltr'>di·</span> 
     </span>
     <span class='ocr_line' id='line_1_26' title="bbox 71 1670 1443 1734; baseline 0 -16"><span class='ocrx_word' id='word_1_194' title='bbox 71 1670 344 1732; x_wconf 75' lang='lat' dir='ltr'>gressiones</span> <span class='ocrx_word' id='word_1_195' title='bbox 382 1670 445 1718; x_wconf 88' lang='lat' dir='ltr'>ab</span> <span class='ocrx_word' id='word_1_196' title='bbox 485 1670 723 1734; x_wconf 89' lang='lat' dir='ltr'>ecliptica.</span> <span class='ocrx_word' id='word_1_197' title='bbox 1438 1683 1443 1692; x_wconf 76' lang='lat'><strong><em>¹</em></strong></span> 
     </span>
    </p>

    <p class='ocr_par' dir='ltr' id='par_1_11' title="bbox 67 1751 1860 2669">
     <span class='ocr_line' id='line_1_27' title="bbox 243 1751 1860 1810; baseline 0.002 -14"><span class='ocrx_word' id='word_1_198' title='bbox 243 1751 299 1797; x_wconf 91' lang='lat' dir='ltr'>In</span> <span class='ocrx_word' id='word_1_199' title='bbox 326 1753 556 1810; x_wconf 84' lang='lat' dir='ltr'>praesenti</span> <span class='ocrx_word' id='word_1_200' title='bbox 598 1753 827 1798; x_wconf 88' lang='lat' dir='ltr'>schemate</span> <span class='ocrx_word' id='word_1_201' title='bbox 858 1759 966 1799; x_wconf 89' lang='lat' dir='ltr'>sunt</span> <span class='ocrx_word' id='word_1_202' title='bbox 995 1752 1202 1810; x_wconf 86' lang='lat' dir='ltr'>expressi</span> <span class='ocrx_word' id='word_1_203' title='bbox 1700 1766 1780 1808; x_wconf 62' lang='grc' dir='ltr'>Εἰς.</span> <span class='ocrx_word' id='word_1_204' title='bbox 1807 1765 1860 1803; x_wconf 75' lang='lat'>72.</span> 
     </span>
     <span class='ocr_line' id='line_1_28' title="bbox 71 1815 1201 1875; baseline 0.004 -14"><span class='ocrx_word' id='word_1_205' title='bbox 71 1815 186 1861; x_wconf 78' lang='lat' dir='ltr'>situs</span> <span class='ocrx_word' id='word_1_206' title='bbox 215 1816 389 1873; x_wconf 79' lang='lat' dir='ltr'>aliquot</span> <span class='ocrx_word' id='word_1_207' title='bbox 421 1818 590 1864; x_wconf 87' lang='lat' dir='ltr'>Terrae</span> <span class='ocrx_word' id='word_1_208' title='bbox 620 1834 722 1864; x_wconf 89' lang='lat' dir='ltr'>cum</span> <span class='ocrx_word' id='word_1_209' title='bbox 753 1819 1043 1875; x_wconf 87' lang='lat' dir='ltr'>circumjecto</span> <span class='ocrx_word' id='word_1_210' title='bbox 1073 1822 1201 1866; x_wconf 87' lang='lat' dir='ltr'>coelo</span> 
     </span>
     <span class='ocr_line' id='line_1_29' title="bbox 70 1882 1276 1942; baseline 0.002 -13"><span class='ocrx_word' id='word_1_211' title='bbox 70 1882 240 1940; x_wconf 81' lang='lat' dir='ltr'>Lunae,</span> <span class='ocrx_word' id='word_1_212' title='bbox 271 1884 392 1929; x_wconf 88' lang='lat' dir='ltr'>circa</span> <span class='ocrx_word' id='word_1_213' title='bbox 421 1885 572 1930; x_wconf 89' lang='lat' dir='ltr'>Solem</span> <span class='ocrx_word' id='word_1_214' title='bbox 603 1886 770 1942; x_wconf 89' lang='lat' dir='ltr'>euntis;</span> <span class='ocrx_word' id='word_1_215' title='bbox 803 1891 848 1931; x_wconf 90' lang='lat' dir='ltr'>et</span> <span class='ocrx_word' id='word_1_216' title='bbox 876 1885 922 1930; x_wconf 92' lang='lat' dir='ltr'>in</span> <span class='ocrx_word' id='word_1_217' title='bbox 954 1886 1080 1931; x_wconf 91' lang='lat' dir='ltr'>coelo</span> <span class='ocrx_word' id='word_1_218' title='bbox 1110 1887 1202 1931; x_wconf 92' lang='lat' dir='ltr'>Lu·</span> <span class='ocrx_word' id='word_1_219' title='bbox 1268 1895 1276 1909; x_wconf 89' lang='lat'><strong><em>¹</em></strong></span> 
     </span>
     <span class='ocr_line' id='line_1_30' title="bbox 70 1949 1201 2008; baseline 0.003 -13"><span class='ocrx_word' id='word_1_220' title='bbox 70 1961 156 1995; x_wconf 70' lang='lat' dir='ltr'>nae</span> <span class='ocrx_word' id='word_1_221' title='bbox 193 1949 307 1996; x_wconf 81' lang='lat' dir='ltr'>situs</span> <span class='ocrx_word' id='word_1_222' title='bbox 346 1951 520 2008; x_wconf 88' lang='lat' dir='ltr'>aliquot</span> <span class='ocrx_word' id='word_1_223' title='bbox 548 1951 694 2008; x_wconf 89' lang='lat' dir='ltr'>ipsius</span> <span class='ocrx_word' id='word_1_224' title='bbox 723 1951 904 2006; x_wconf 87' lang='lat' dir='ltr'>Lunae,</span> <span class='ocrx_word' id='word_1_225' title='bbox 943 1952 1062 1999; x_wconf 86' lang='lat' dir='ltr'>circa</span> <span class='ocrx_word' id='word_1_226' title='bbox 1092 1954 1201 1998; x_wconf 89' lang='lat' dir='ltr'>Ter-</span> 
     </span>
     <span class='ocr_line' id='line_1_31' title="bbox 73 2016 1200 2077; baseline 0.002 -16"><span class='ocrx_word' id='word_1_227' title='bbox 73 2029 168 2061; x_wconf 83' lang='lat' dir='ltr'>ram</span> <span class='ocrx_word' id='word_1_228' title='bbox 197 2017 362 2062; x_wconf 86' lang='lat' dir='ltr'>euntis.</span> <span class='ocrx_word' id='word_1_229' title='bbox 421 2016 577 2074; x_wconf 88' lang='lat' dir='ltr'>Imago</span> <span class='ocrx_word' id='word_1_230' title='bbox 617 2030 724 2062; x_wconf 89' lang='lat' dir='ltr'>vero</span> <span class='ocrx_word' id='word_1_231' title='bbox 753 2017 950 2074; x_wconf 87' lang='lat' dir='ltr'>lingulae</span> <span class='ocrx_word' id='word_1_232' title='bbox 980 2020 1200 2077; x_wconf 87' lang='lat' dir='ltr'>magneti-</span> 
     </span>
     <span class='ocr_line' id='line_1_32' title="bbox 72 2079 1200 2147; baseline 0.004 -22"><span class='ocrx_word' id='word_1_233' title='bbox 72 2093 151 2126; x_wconf 85' lang='lat' dir='ltr'>cae</span> <span class='ocrx_word' id='word_1_234' title='bbox 181 2079 401 2134; x_wconf 79' lang='lat' dir='ltr'>significat</span> <span class='ocrx_word' id='word_1_235' title='bbox 430 2081 568 2127; x_wconf 88' lang='lat' dir='ltr'>fibras</span> <span class='ocrx_word' id='word_1_236' title='bbox 597 2082 645 2147; x_wconf 76' lang='lat' dir='ltr'>in</span> <span class='ocrx_word' id='word_1_237' title='bbox 676 2082 807 2140; x_wconf 89' lang='lat' dir='ltr'>globo</span> <span class='ocrx_word' id='word_1_238' title='bbox 830 2084 988 2128; x_wconf 90' lang='lat' dir='ltr'>Lunae</span> <span class='ocrx_word' id='word_1_239' title='bbox 1018 2098 1200 2142; x_wconf 87' lang='lat' dir='ltr'>magne-</span> 
     </span>
     <span class='ocr_line' id='line_1_33' title="bbox 70 2146 1199 2204; baseline 0.004 -13"><span class='ocrx_word' id='word_1_240' title='bbox 70 2146 203 2201; x_wconf 81' lang='lat' dir='ltr'>ticas,</span> <span class='ocrx_word' id='word_1_241' title='bbox 243 2147 406 2204; x_wconf 87' lang='lat' dir='ltr'>quibus</span> <span class='ocrx_word' id='word_1_242' title='bbox 435 2148 567 2193; x_wconf 89' lang='lat' dir='ltr'>Luna</span> <span class='ocrx_word' id='word_1_243' title='bbox 598 2148 717 2194; x_wconf 87' lang='lat' dir='ltr'>circa</span> <span class='ocrx_word' id='word_1_244' title='bbox 746 2149 933 2194; x_wconf 90' lang='lat' dir='ltr'>Terram</span> <span class='ocrx_word' id='word_1_245' title='bbox 962 2148 1016 2194; x_wconf 88' lang='lat' dir='ltr'>fit</span> <span class='ocrx_word' id='word_1_246' title='bbox 1045 2163 1199 2196; x_wconf 91' lang='lat' dir='ltr'>eccen-</span> 
     </span>
     <span class='ocr_line' id='line_1_34' title="bbox 70 2213 1198 2274; baseline 0.004 -17"><span class='ocrx_word' id='word_1_247' title='bbox 70 2213 199 2258; x_wconf 87' lang='lat' dir='ltr'>trica.</span> <span class='ocrx_word' id='word_1_248' title='bbox 256 2215 372 2259; x_wconf 85' lang='lat' dir='ltr'>Nam</span> <span class='ocrx_word' id='word_1_249' title='bbox 409 2229 564 2265; x_wconf 83' lang='lat' dir='ltr'>mucro</span> <span class='ocrx_word' id='word_1_250' title='bbox 602 2216 657 2273; x_wconf 82' lang='lat' dir='ltr'>A,</span> <span class='ocrx_word' id='word_1_251' title='bbox 699 2217 752 2272; x_wconf 91' lang='lat' dir='ltr'>B,</span> <span class='ocrx_word' id='word_1_252' title='bbox 794 2216 839 2273; x_wconf 91' lang='lat' dir='ltr'>C,</span> <span class='ocrx_word' id='word_1_253' title='bbox 879 2216 935 2272; x_wconf 89' lang='lat' dir='ltr'>D,</span> <span class='ocrx_word' id='word_1_254' title='bbox 976 2217 1032 2271; x_wconf 87' lang='lat' dir='ltr'>E,</span> <span class='ocrx_word' id='word_1_255' title='bbox 1074 2217 1125 2274; x_wconf 87' lang='lat' dir='ltr'>F,</span> <span class='ocrx_word' id='word_1_256' title='bbox 1160 2217 1198 2261; x_wconf 83' lang='lat' dir='ltr'>G</span> 
     </span>
     <span class='ocr_line' id='line_1_35' title="bbox 69 2275 1201 2340; baseline 0.004 -16"><span class='ocrx_word' id='word_1_257' title='bbox 69 2277 292 2335; x_wconf 63' lang='lat' dir='ltr'>significat</span> <span class='ocrx_word' id='word_1_258' title='bbox 327 2279 508 2338; x_wconf 82' lang='lat' dir='ltr'>plagam</span> <span class='ocrx_word' id='word_1_259' title='bbox 538 2281 706 2327; x_wconf 88' lang='lat' dir='ltr'>Terrae</span> <span class='ocrx_word' id='word_1_260' title='bbox 744 2282 933 2328; x_wconf 88' lang='lat' dir='ltr'>amicam</span> <span class='ocrx_word' id='word_1_261' title='bbox 975 2275 1022 2327; x_wconf 79' lang='lat' dir='ltr'>et</span> <span class='ocrx_word' id='word_1_262' title='bbox 1053 2283 1201 2340; x_wconf 87' lang='lat' dir='ltr'>vergit</span> 
     </span>
     <span class='ocr_line' id='line_1_36' title="bbox 68 2341 1198 2405; baseline 0.003 -16"><span class='ocrx_word' id='word_1_263' title='bbox 68 2341 115 2389; x_wconf 71' lang='lat' dir='ltr'>h</span> <span class='ocrx_word' id='word_1_264' title='bbox 141 2344 468 2403; x_wconf 82' lang='lat' dir='ltr'>longitudinem</span> <span class='ocrx_word' id='word_1_265' title='bbox 503 2347 694 2393; x_wconf 87' lang='lat' dir='ltr'>mediam</span> <span class='ocrx_word' id='word_1_266' title='bbox 715 2348 974 2393; x_wconf 87' lang='lat' dir='ltr'>secundam.</span> <span class='ocrx_word' id='word_1_267' title='bbox 1036 2350 1198 2405; x_wconf 87' lang='lat' dir='ltr'>Itaque</span> 
     </span>
     <span class='ocr_line' id='line_1_37' title="bbox 67 2408 1200 2470; baseline 0.002 -14"><span class='ocrx_word' id='word_1_268' title='bbox 67 2408 198 2457; x_wconf 75' lang='lat' dir='ltr'>lma</span> <span class='ocrx_word' id='word_1_269' title='bbox 235 2413 294 2458; x_wconf 87' lang='lat' dir='ltr'>ad</span> <span class='ocrx_word' id='word_1_270' title='bbox 332 2412 478 2470; x_wconf 73' lang='lat' dir='ltr'>A‚.G</span> <span class='ocrx_word' id='word_1_271' title='bbox 516 2413 603 2458; x_wconf 77' lang='lat' dir='ltr'>sita</span> <span class='ocrx_word' id='word_1_272' title='bbox 643 2420 715 2459; x_wconf 86' lang='lat' dir='ltr'>est</span> <span class='ocrx_word' id='word_1_273' title='bbox 750 2413 898 2459; x_wconf 89' lang='lat' dir='ltr'>medio</span> <span class='ocrx_word' id='word_1_274' title='bbox 940 2413 1042 2459; x_wconf 88' lang='lat' dir='ltr'>loco</span> <span class='ocrx_word' id='word_1_275' title='bbox 1079 2414 1200 2458; x_wconf 87' lang='lat' dir='ltr'>inter</span> 
     </span>
     <span class='ocr_line' id='line_1_38' title="bbox 69 2477 1200 2536; baseline 0.002 -12"><span class='ocrx_word' id='word_1_276' title='bbox 69 2477 327 2535; x_wconf 74' lang='lat' dir='ltr'>perigaeum</span> <span class='ocrx_word' id='word_1_277' title='bbox 366 2485 412 2524; x_wconf 87' lang='lat' dir='ltr'>et</span> <span class='ocrx_word' id='word_1_278' title='bbox 450 2492 720 2536; x_wconf 77' lang='lat' dir='ltr'>apogaeum,</span> <span class='ocrx_word' id='word_1_279' title='bbox 764 2479 823 2524; x_wconf 87' lang='lat' dir='ltr'>ad</span> <span class='ocrx_word' id='word_1_280' title='bbox 860 2482 913 2534; x_wconf 92' lang='lat' dir='ltr'>B,</span> <span class='ocrx_word' id='word_1_281' title='bbox 951 2481 1007 2533; x_wconf 88' lang='lat' dir='ltr'>R,</span> <span class='ocrx_word' id='word_1_282' title='bbox 1045 2480 1085 2524; x_wconf 94' lang='lat' dir='ltr'>D</span> <span class='ocrx_word' id='word_1_283' title='bbox 1129 2487 1200 2526; x_wconf 89' lang='lat' dir='ltr'>est</span> 
     </span>
     <span class='ocr_line' id='line_1_39' title="bbox 69 2543 1199 2603; baseline 0.001 -14"><span class='ocrx_word' id='word_1_284' title='bbox 69 2543 204 2602; x_wconf 84' lang='lat' dir='ltr'>paulo</span> <span class='ocrx_word' id='word_1_285' title='bbox 237 2551 343 2590; x_wconf 87' lang='lat' dir='ltr'>ante</span> <span class='ocrx_word' id='word_1_286' title='bbox 374 2557 639 2603; x_wconf 85' lang='lat' dir='ltr'>apogaeum,</span> <span class='ocrx_word' id='word_1_287' title='bbox 670 2546 727 2590; x_wconf 90' lang='lat' dir='ltr'>ad</span> <span class='ocrx_word' id='word_1_288' title='bbox 751 2546 784 2590; x_wconf 92' lang='lat' dir='ltr'>C</span> <span class='ocrx_word' id='word_1_289' title='bbox 805 2546 942 2603; x_wconf 89' lang='lat' dir='ltr'>paulo</span> <span class='ocrx_word' id='word_1_290' title='bbox 964 2551 1071 2602; x_wconf 90' lang='lat' dir='ltr'>post</span> <span class='ocrx_word' id='word_1_291' title='bbox 1091 2558 1199 2603; x_wconf 90' lang='lat' dir='ltr'>apo-</span> 
     </span>
     <span class='ocr_line' id='line_1_40' title="bbox 71 2611 1141 2669; baseline 0 -13"><span class='ocrx_word' id='word_1_292' title='bbox 71 2622 239 2668; x_wconf 61' lang='lat' dir='ltr'>uenm,</span> <span class='ocrx_word' id='word_1_293' title='bbox 270 2611 330 2658; x_wconf 85' lang='lat' dir='ltr'>ad</span> <span class='ocrx_word' id='word_1_294' title='bbox 359 2612 415 2669; x_wconf 86' lang='grc' dir='ltr'>Ε,</span> <span class='ocrx_word' id='word_1_295' title='bbox 446 2612 483 2657; x_wconf 86' lang='lat' dir='ltr'><strong>F</strong></span> <span class='ocrx_word' id='word_1_296' title='bbox 515 2612 653 2669; x_wconf 85' lang='lat' dir='ltr'>paulo</span> <span class='ocrx_word' id='word_1_297' title='bbox 684 2619 789 2658; x_wconf 91' lang='lat' dir='ltr'>ante</span> <span class='ocrx_word' id='word_1_298' title='bbox 818 2611 1095 2669; x_wconf 83' lang='lat' dir='ltr'>perigaeum.</span> <span class='ocrx_word' id='word_1_299' title='bbox 1126 2612 1141 2626; x_wconf 86' lang='lat'><em>⁰</em></span> 
     </span>
    </p>

    <p class='ocr_par' dir='ltr' id='par_1_12' title="bbox 71 2688 1247 2896">
     <span class='ocr_line' id='line_1_41' title="bbox 216 2688 1199 2738; baseline 0.002 -2"><span class='ocrx_word' id='word_1_300' title='bbox 216 2691 264 2737; x_wconf 80' lang='lat'>2.</span> <span class='ocrx_word' id='word_1_301' title='bbox 316 2689 384 2737; x_wconf 88' lang='lat' dir='ltr'>At</span> <span class='ocrx_word' id='word_1_302' title='bbox 421 2702 530 2738; x_wconf 90' lang='lat' dir='ltr'>cum</span> <span class='ocrx_word' id='word_1_303' title='bbox 567 2688 647 2738; x_wconf 88' lang='lat' dir='ltr'>hic</span> <span class='ocrx_word' id='word_1_304' title='bbox 674 2688 845 2738; x_wconf 90' lang='lat' dir='ltr'>Lunae</span> <span class='ocrx_word' id='word_1_305' title='bbox 882 2693 1043 2737; x_wconf 88' lang='lat' dir='ltr'>motus</span> <span class='ocrx_word' id='word_1_306' title='bbox 1072 2689 1199 2738; x_wconf 86' lang='lat' dir='ltr'>circa</span> 
     </span>
     <span class='ocr_line' id='line_1_42' title="bbox 71 2757 1247 2825; baseline 0.001 -17"><span class='ocrx_word' id='word_1_307' title='bbox 71 2757 284 2822; x_wconf 76' lang='lat' dir='ltr'>Terram,</span> <span class='ocrx_word' id='word_1_308' title='bbox 310 2767 365 2811; x_wconf 92' lang='lat' dir='ltr'>ut</span> <span class='ocrx_word' id='word_1_309' title='bbox 389 2776 538 2825; x_wconf 84' lang='lat' dir='ltr'>supra</span> <span class='ocrx_word' id='word_1_310' title='bbox 563 2768 638 2811; x_wconf 85' lang='lat' dir='ltr'>est</span> <span class='ocrx_word' id='word_1_311' title='bbox 663 2761 974 2825; x_wconf 80' lang='lat' dir='ltr'>explicatum,</span> <span class='ocrx_word' id='word_1_312' title='bbox 1011 2775 1043 2809; x_wconf 91' lang='lat' dir='ltr'>a</span> <span class='ocrx_word' id='word_1_313' title='bbox 1070 2760 1198 2810; x_wconf 90' lang='lat' dir='ltr'>duo·</span> <span class='ocrx_word' id='word_1_314' title='bbox 1244 2772 1247 2777; x_wconf 83' lang='lat'>·</span> 
     </span>
     <span class='ocr_line' id='line_1_43' title="bbox 71 2831 1195 2896; baseline 0.002 -15"><span class='ocrx_word' id='word_1_315' title='bbox 71 2831 163 2883; x_wconf 77' lang='lat' dir='ltr'>bus</span> <span class='ocrx_word' id='word_1_316' title='bbox 197 2835 353 2884; x_wconf 82' lang='lat' dir='ltr'>veluti</span> <span class='ocrx_word' id='word_1_317' title='bbox 392 2834 608 2884; x_wconf 84' lang='lat' dir='ltr'>sontibus</span> <span class='ocrx_word' id='word_1_318' title='bbox 647 2834 916 2896; x_wconf 87' lang='lat' dir='ltr'>derivetur,</span> <span class='ocrx_word' id='word_1_319' title='bbox 969 2835 1195 2883; x_wconf 88' lang='lat' dir='ltr'>nimirum</span> 
     </span>
    </p>
   </div>
   <div class='ocr_carea' id='block_1_11' title="bbox 1255 1855 2281 2833">
    <p class='ocr_par' dir='ltr' id='par_1_13' title="bbox 1255 1855 2281 2833">
     <span class='ocr_line' id='line_1_44' title="bbox 1255 1855 2281 2833; baseline 0 0"><span class='ocrx_word' id='word_1_320' title='bbox 1255 1855 2281 2833; x_wconf 95' lang='lat' dir='ltr'> </span> 
     </span>
    </p>
   </div>
   <div class='ocr_carea' id='block_1_12' title="bbox 14 2907 2333 2973">
    <p class='ocr_par' dir='ltr' id='par_1_14' title="bbox 14 2907 2333 2973">
     <span class='ocr_line' id='line_1_45' title="bbox 14 2907 2333 2973; baseline 0.003 -19"><span class='ocrx_word' id='word_1_321' title='bbox 14 2913 16 2918; x_wconf 86' lang='lat'>&#39;</span> <span class='ocrx_word' id='word_1_322' title='bbox 74 2911 122 2954; x_wconf 77' lang='lat' dir='ltr'>et</span> <span class='ocrx_word' id='word_1_323' title='bbox 156 2921 187 2955; x_wconf 92' lang='lat' dir='ltr'>a</span> <span class='ocrx_word' id='word_1_324' title='bbox 225 2907 474 2957; x_wconf 88' lang='lat' dir='ltr'>volutione</span> <span class='ocrx_word' id='word_1_325' title='bbox 515 2907 688 2955; x_wconf 89' lang='lat' dir='ltr'>diurna</span> <span class='ocrx_word' id='word_1_326' title='bbox 726 2907 929 2971; x_wconf 87' lang='lat' dir='ltr'>Terrae,</span> <span class='ocrx_word' id='word_1_327' title='bbox 985 2921 1111 2969; x_wconf 90' lang='lat' dir='ltr'>quae</span> <span class='ocrx_word' id='word_1_328' title='bbox 1150 2913 1223 2955; x_wconf 86' lang='lat' dir='ltr'>est</span> <span class='ocrx_word' id='word_1_329' title='bbox 1258 2907 1583 2956; x_wconf 87' lang='lat' dir='ltr'>meditullium</span> <span class='ocrx_word' id='word_1_330' title='bbox 1624 2910 1749 2959; x_wconf 87' lang='lat' dir='ltr'>coeli</span> <span class='ocrx_word' id='word_1_331' title='bbox 1787 2912 1928 2973; x_wconf 89' lang='lat' dir='ltr'>parvi</span> <span class='ocrx_word' id='word_1_332' title='bbox 1969 2909 2166 2970; x_wconf 89' lang='lat' dir='ltr'>Lunae,</span> <span class='ocrx_word' id='word_1_333' title='bbox 2217 2918 2265 2960; x_wconf 91' lang='lat' dir='ltr'>et</span> <span class='ocrx_word' id='word_1_334' title='bbox 2303 2928 2333 2961; x_wconf 89' lang='lat' dir='ltr'>a</span> 
     </span>
    </p>
   </div>
   <div class='ocr_carea' id='block_1_13' title="bbox 74 2977 2330 3046">
    <p class='ocr_par' dir='ltr' id='par_1_15' title="bbox 74 2977 2330 3046">
     <span class='ocr_line' id='line_1_46' title="bbox 74 2977 2330 3046; baseline 0.002 -17"><span class='ocrx_word' id='word_1_335' title='bbox 74 2977 321 3030; x_wconf 74' lang='lat' dir='ltr'>volutione</span> <span class='ocrx_word' id='word_1_336' title='bbox 359 2979 489 3029; x_wconf 82' lang='lat' dir='ltr'>Solis</span> <span class='ocrx_word' id='word_1_337' title='bbox 530 2982 657 3030; x_wconf 87' lang='lat' dir='ltr'>circa</span> <span class='ocrx_word' id='word_1_338' title='bbox 692 2995 833 3028; x_wconf 83' lang='lat' dir='ltr'>suum</span> <span class='ocrx_word' id='word_1_339' title='bbox 872 2993 1028 3040; x_wconf 82' lang='lat' dir='ltr'>axem,</span> <span class='ocrx_word' id='word_1_340' title='bbox 1069 2981 1154 3043; x_wconf 91' lang='lat' dir='ltr'>qui</span> <span class='ocrx_word' id='word_1_341' title='bbox 1192 2980 1278 3029; x_wconf 89' lang='lat' dir='ltr'>Sol</span> <span class='ocrx_word' id='word_1_342' title='bbox 1315 2980 1636 3030; x_wconf 88' lang='lat' dir='ltr'>meditullium</span> <span class='ocrx_word' id='word_1_343' title='bbox 1677 2988 1750 3032; x_wconf 88' lang='lat' dir='ltr'>est</span> <span class='ocrx_word' id='word_1_344' title='bbox 1791 2984 1922 3032; x_wconf 90' lang='lat' dir='ltr'>orbis</span> <span class='ocrx_word' id='word_1_345' title='bbox 1963 2986 2150 3046; x_wconf 86' lang='lat' dir='ltr'>magni,</span> <span class='ocrx_word' id='word_1_346' title='bbox 2192 2998 2330 3033; x_wconf 90' lang='lat' dir='ltr'>com-</span> 
     </span>
    </p>
   </div>
   <div class='ocr_carea' id='block_1_14' title="bbox 17 3038 2330 3116">
    <p class='ocr_par' dir='ltr' id='par_1_16' title="bbox 17 3038 2330 3116">
     <span class='ocr_line' id='line_1_47' title="bbox 17 3038 2330 3116; baseline 0.003 -16"><span class='ocrx_word' id='word_1_347' title='bbox 17 3038 20 3087; x_wconf 59' lang='grc' dir='ltr'>ἶ</span> <span class='ocrx_word' id='word_1_348' title='bbox 73 3054 229 3101; x_wconf 77' lang='lat' dir='ltr'>munis</span> <span class='ocrx_word' id='word_1_349' title='bbox 266 3052 450 3103; x_wconf 88' lang='lat' dir='ltr'>Telluri</span> <span class='ocrx_word' id='word_1_350' title='bbox 498 3061 546 3102; x_wconf 88' lang='lat' dir='ltr'>et</span> <span class='ocrx_word' id='word_1_351' title='bbox 599 3053 738 3103; x_wconf 87' lang='lat' dir='ltr'>coelo</span> <span class='ocrx_word' id='word_1_352' title='bbox 779 3052 971 3103; x_wconf 85' lang='lat' dir='ltr'>Lunae:</span> <span class='ocrx_word' id='word_1_353' title='bbox 1025 3053 1318 3103; x_wconf 90' lang='lat' dir='ltr'>rationabile</span> <span class='ocrx_word' id='word_1_354' title='bbox 1358 3053 1584 3116; x_wconf 90' lang='lat' dir='ltr'>equidem</span> <span class='ocrx_word' id='word_1_355' title='bbox 1624 3057 1735 3116; x_wconf 89' lang='lat' dir='ltr'>erit,</span> <span class='ocrx_word' id='word_1_356' title='bbox 1793 3061 1846 3104; x_wconf 89' lang='lat' dir='ltr'>ut</span> <span class='ocrx_word' id='word_1_357' title='bbox 1883 3071 2032 3106; x_wconf 85' lang='lat' dir='ltr'>verus</span> <span class='ocrx_word' id='word_1_358' title='bbox 2085 3064 2134 3105; x_wconf 90' lang='lat' dir='ltr'>et</span> <span class='ocrx_word' id='word_1_359' title='bbox 2183 3058 2330 3106; x_wconf 85' lang='lat' dir='ltr'>realis</span> 
     </span>
    </p>
   </div>
   <div class='ocr_carea' id='block_1_15' title="bbox 19 3122 23 3186">
    <p class='ocr_par' dir='ltr' id='par_1_17' title="bbox 19 3122 23 3186">
     <span class='ocr_line' id='line_1_48' title="bbox 19 3122 23 3186; baseline 0 0"><span class='ocrx_word' id='word_1_360' title='bbox 19 3122 23 3186; x_wconf 69' lang='grc' dir='ltr'>ἑ</span> 
     </span>
    </p>
   </div>
   <div class='ocr_carea' id='block_1_16' title="bbox 75 3121 2330 3192">
    <p class='ocr_par' dir='ltr' id='par_1_18' title="bbox 75 3121 2330 3192">
     <span class='ocr_line' id='line_1_49' title="bbox 75 3121 2330 3192; baseline 0.002 -16"><span class='ocrx_word' id='word_1_361' title='bbox 75 3121 241 3176; x_wconf 72' lang='lat' dir='ltr'>Lunae</span> <span class='ocrx_word' id='word_1_362' title='bbox 278 3133 439 3175; x_wconf 83' lang='lat' dir='ltr'>motus</span> <span class='ocrx_word' id='word_1_363' title='bbox 478 3128 605 3175; x_wconf 87' lang='lat' dir='ltr'>circa</span> <span class='ocrx_word' id='word_1_364' title='bbox 630 3125 828 3175; x_wconf 85' lang='lat' dir='ltr'>Terram</span> <span class='ocrx_word' id='word_1_365' title='bbox 869 3128 1035 3189; x_wconf 90' lang='lat' dir='ltr'>(etiam</span> <span class='ocrx_word' id='word_1_366' title='bbox 1073 3127 1121 3172; x_wconf 90' lang='lat' dir='ltr'>in</span> <span class='ocrx_word' id='word_1_367' title='bbox 1164 3133 1399 3188; x_wconf 88' lang='lat' dir='ltr'>quantum</span> <span class='ocrx_word' id='word_1_368' title='bbox 1436 3134 1596 3176; x_wconf 88' lang='lat' dir='ltr'>mente</span> <span class='ocrx_word' id='word_1_369' title='bbox 1635 3135 1913 3178; x_wconf 88' lang='lat' dir='ltr'>removetur</span> <span class='ocrx_word' id='word_1_370' title='bbox 1948 3130 2011 3178; x_wconf 89' lang='lat' dir='ltr'>ab</span> <span class='ocrx_word' id='word_1_371' title='bbox 2047 3130 2153 3192; x_wconf 90' lang='lat' dir='ltr'>ipso</span> <span class='ocrx_word' id='word_1_372' title='bbox 2194 3145 2330 3180; x_wconf 90' lang='lat' dir='ltr'>com-</span> 
     </span>
    </p>
   </div>
   <div class='ocr_carea' id='block_1_17' title="bbox 22 3197 2329 3269">
    <p class='ocr_par' dir='ltr' id='par_1_19' title="bbox 22 3197 2329 3269">
     <span class='ocr_line' id='line_1_50' title="bbox 22 3197 2329 3269; baseline 0.003 -22"><span class='ocrx_word' id='word_1_373' title='bbox 22 3228 30 3247; x_wconf 55' lang='lat'><em>»</em></span> <span class='ocrx_word' id='word_1_374' title='bbox 75 3199 229 3261; x_wconf 63' lang='lat' dir='ltr'>innuis</span> <span class='ocrx_word' id='word_1_375' title='bbox 268 3198 354 3248; x_wconf 87' lang='lat' dir='ltr'>illa</span> <span class='ocrx_word' id='word_1_376' title='bbox 390 3206 436 3248; x_wconf 90' lang='lat' dir='ltr'>et</span> <span class='ocrx_word' id='word_1_377' title='bbox 475 3201 566 3248; x_wconf 88' lang='lat' dir='ltr'>toti</span> <span class='ocrx_word' id='word_1_378' title='bbox 604 3198 742 3249; x_wconf 88' lang='lat' dir='ltr'>coelo</span> <span class='ocrx_word' id='word_1_379' title='bbox 783 3198 950 3247; x_wconf 88' lang='lat' dir='ltr'>Lunae</span> <span class='ocrx_word' id='word_1_380' title='bbox 987 3197 1314 3247; x_wconf 87' lang='lat' dir='ltr'>accidentaria</span> <span class='ocrx_word' id='word_1_381' title='bbox 1353 3198 1653 3249; x_wconf 86' lang='lat' dir='ltr'>circumlatio</span> <span class='ocrx_word' id='word_1_382' title='bbox 1693 3203 1818 3251; x_wconf 89' lang='lat' dir='ltr'>circa</span> <span class='ocrx_word' id='word_1_383' title='bbox 1843 3198 2035 3269; x_wconf 88' lang='lat' dir='ltr'>Solem)</span> <span class='ocrx_word' id='word_1_384' title='bbox 2076 3202 2200 3253; x_wconf 87' lang='lat' dir='ltr'>duos</span> <span class='ocrx_word' id='word_1_385' title='bbox 2239 3218 2329 3254; x_wconf 87' lang='lat' dir='ltr'>ve-</span> 
     </span>
    </p>
   </div>
   <div class='ocr_carea' id='block_1_18' title="bbox 75 3266 2327 3338">
    <p class='ocr_par' dir='ltr' id='par_1_20' title="bbox 75 3266 2327 3338">
     <span class='ocr_line' id='line_1_51' title="bbox 75 3266 2327 3338; baseline 0.003 -19"><span class='ocrx_word' id='word_1_386' title='bbox 75 3266 164 3320; x_wconf 72' lang='lat' dir='ltr'>luti</span> <span class='ocrx_word' id='word_1_387' title='bbox 213 3270 370 3321; x_wconf 76' lang='lat' dir='ltr'>fontes</span> <span class='ocrx_word' id='word_1_388' title='bbox 421 3272 602 3332; x_wconf 79' lang='lat' dir='ltr'>habeat</span> <span class='ocrx_word' id='word_1_389' title='bbox 639 3273 946 3337; x_wconf 87' lang='lat' dir='ltr'>patiaturque</span> <span class='ocrx_word' id='word_1_390' title='bbox 1000 3285 1167 3320; x_wconf 86' lang='lat' dir='ltr'>omnes</span> <span class='ocrx_word' id='word_1_391' title='bbox 1214 3273 1494 3322; x_wconf 84' lang='lat' dir='ltr'>affectiones</span> <span class='ocrx_word' id='word_1_392' title='bbox 1533 3273 1642 3322; x_wconf 88' lang='lat' dir='ltr'>illas</span> <span class='ocrx_word' id='word_1_393' title='bbox 1682 3273 1928 3337; x_wconf 81' lang='lat' dir='ltr'>duplices,</span> <span class='ocrx_word' id='word_1_394' title='bbox 1982 3290 2104 3338; x_wconf 89' lang='lat' dir='ltr'>quas</span> <span class='ocrx_word' id='word_1_395' title='bbox 2143 3276 2327 3326; x_wconf 91' lang='lat' dir='ltr'>habent</span> 
     </span>
    </p>
   </div>
   <div class='ocr_carea' id='block_1_19' title="bbox 25 3342 2328 3630">
    <p class='ocr_par' dir='ltr' id='par_1_21' title="bbox 25 3342 2328 3630">
     <span class='ocr_line' id='line_1_52' title="bbox 25 3342 2328 3411; baseline 0.003 -20"><span class='ocrx_word' id='word_1_396' title='bbox 25 3357 35 3375; x_wconf 83' lang='lat'><strong>¹</strong></span> <span class='ocrx_word' id='word_1_397' title='bbox 74 3349 234 3392; x_wconf 77' lang='lat' dir='ltr'>motus</span> <span class='ocrx_word' id='word_1_398' title='bbox 270 3346 606 3407; x_wconf 87' lang='lat' dir='ltr'>primariorum</span> <span class='ocrx_word' id='word_1_399' title='bbox 644 3343 880 3407; x_wconf 83' lang='lat' dir='ltr'>singulas.</span> <span class='ocrx_word' id='word_1_400' title='bbox 957 3344 1120 3405; x_wconf 80' lang='lat' dir='ltr'>Atque</span> <span class='ocrx_word' id='word_1_401' title='bbox 1161 3342 1207 3391; x_wconf 85' lang='lat' dir='ltr'>id</span> <span class='ocrx_word' id='word_1_402' title='bbox 1247 3346 1438 3407; x_wconf 84' lang='lat' dir='ltr'>egregie</span> <span class='ocrx_word' id='word_1_403' title='bbox 1478 3353 1713 3395; x_wconf 84' lang='lat' dir='ltr'>consonat</span> <span class='ocrx_word' id='word_1_404' title='bbox 1739 3350 2078 3411; x_wconf 58' lang='lat' dir='ltr'>experientiae&gt;</span> <span class='ocrx_word' id='word_1_405' title='bbox 2108 3356 2156 3398; x_wconf 88' lang='lat' dir='ltr'>et</span> <span class='ocrx_word' id='word_1_406' title='bbox 2193 3353 2328 3399; x_wconf 87' lang='lat' dir='ltr'>scitis</span> 
     </span>
     <span class='ocr_line' id='line_1_53' title="bbox 26 3392 2327 3480; baseline 0.003 -16"><span class='ocrx_word' id='word_1_407' title='bbox 26 3392 32 3469; x_wconf 66' lang='lat' dir='ltr'>l</span> <span class='ocrx_word' id='word_1_408' title='bbox 76 3414 308 3466; x_wconf 70' lang='lat' dir='ltr'>artificum</span> <span class='ocrx_word' id='word_1_409' title='bbox 346 3426 395 3467; x_wconf 89' lang='lat' dir='ltr'>et</span> <span class='ocrx_word' id='word_1_410' title='bbox 433 3418 689 3467; x_wconf 84' lang='lat' dir='ltr'>vocabulis</span> <span class='ocrx_word' id='word_1_411' title='bbox 727 3419 873 3480; x_wconf 85' lang='lat' dir='ltr'>ipsis,</span> <span class='ocrx_word' id='word_1_412' title='bbox 929 3431 987 3465; x_wconf 82' lang='lat' dir='ltr'>ex</span> <span class='ocrx_word' id='word_1_413' title='bbox 1026 3415 1117 3465; x_wconf 86' lang='lat' dir='ltr'>hac</span> <span class='ocrx_word' id='word_1_414' title='bbox 1156 3414 1485 3479; x_wconf 88' lang='lat' dir='ltr'>duplicatione</span> <span class='ocrx_word' id='word_1_415' title='bbox 1525 3420 1657 3468; x_wconf 81' lang='lat' dir='ltr'>ortis.</span> <span class='ocrx_word' id='word_1_416' title='bbox 1734 3419 1844 3469; x_wconf 90' lang='lat' dir='ltr'>Non</span> <span class='ocrx_word' id='word_1_417' title='bbox 1884 3427 2072 3471; x_wconf 84' lang='lat' dir='ltr'>tantum</span> <span class='ocrx_word' id='word_1_418' title='bbox 2111 3425 2239 3471; x_wconf 90' lang='lat' dir='ltr'>enim</span> <span class='ocrx_word' id='word_1_419' title='bbox 2278 3426 2327 3471; x_wconf 90' lang='lat' dir='ltr'>in</span> 
     </span>
     <span class='ocr_line' id='line_1_54' title="bbox 28 3489 2322 3554; baseline 0.004 -19"><span class='ocrx_word' id='word_1_420' title='bbox 28 3499 38 3543; x_wconf 68' lang='lat'>‘5</span> <span class='ocrx_word' id='word_1_421' title='bbox 77 3489 418 3552; x_wconf 67' lang='lat' dir='ltr'>superioribus,</span> <span class='ocrx_word' id='word_1_422' title='bbox 455 3505 543 3554; x_wconf 88' lang='lat' dir='ltr'>pro</span> <span class='ocrx_word' id='word_1_423' title='bbox 582 3506 657 3552; x_wconf 91' lang='lat' dir='ltr'>eo,</span> <span class='ocrx_word' id='word_1_424' title='bbox 699 3489 830 3553; x_wconf 89' lang='lat' dir='ltr'>quod</span> <span class='ocrx_word' id='word_1_425' title='bbox 870 3495 970 3538; x_wconf 89' lang='lat' dir='ltr'>erat</span> <span class='ocrx_word' id='word_1_426' title='bbox 1011 3490 1059 3536; x_wconf 89' lang='lat' dir='ltr'>in</span> <span class='ocrx_word' id='word_1_427' title='bbox 1098 3490 1435 3550; x_wconf 88' lang='lat' dir='ltr'>primariorum</span> <span class='ocrx_word' id='word_1_428' title='bbox 1473 3490 1667 3554; x_wconf 88' lang='lat' dir='ltr'>aliqu0,</span> <span class='ocrx_word' id='word_1_429' title='bbox 1718 3499 1880 3543; x_wconf 85' lang='lat' dir='ltr'>motus</span> <span class='ocrx_word' id='word_1_430' title='bbox 1919 3495 2108 3544; x_wconf 89' lang='lat' dir='ltr'>medius</span> <span class='ocrx_word' id='word_1_431' title='bbox 2147 3496 2322 3546; x_wconf 90' lang='lat' dir='ltr'>solita-</span> 
     </span>
     <span class='ocr_line' id='line_1_55' title="bbox 30 3558 2325 3630; baseline 0.005 -25"><span class='ocrx_word' id='word_1_432' title='bbox 30 3580 35 3618; x_wconf 61' lang='grc' dir='ltr'>ᾳ</span> <span class='ocrx_word' id='word_1_433' title='bbox 77 3558 174 3608; x_wconf 74' lang='lat' dir='ltr'>rins</span> <span class='ocrx_word' id='word_1_434' title='bbox 210 3562 259 3609; x_wconf 87' lang='lat' dir='ltr'>in</span> <span class='ocrx_word' id='word_1_435' title='bbox 296 3562 438 3613; x_wconf 87' lang='lat' dir='ltr'>Luna</span> <span class='ocrx_word' id='word_1_436' title='bbox 473 3564 563 3612; x_wconf 83' lang='lat' dir='ltr'>suit</span> <span class='ocrx_word' id='word_1_437' title='bbox 600 3571 648 3612; x_wconf 91' lang='lat' dir='ltr'>et</span> <span class='ocrx_word' id='word_1_438' title='bbox 686 3562 874 3612; x_wconf 83' lang='lat' dir='ltr'>medius</span> <span class='ocrx_word' id='word_1_439' title='bbox 912 3568 961 3611; x_wconf 86' lang='lat' dir='ltr'>et</span> <span class='ocrx_word' id='word_1_440' title='bbox 1001 3563 1204 3610; x_wconf 87' lang='lat' dir='ltr'>variatio</span> <span class='ocrx_word' id='word_1_441' title='bbox 1243 3564 1610 3614; x_wconf 85' lang='lat' dir='ltr'>semimenstrua</span> <span class='ocrx_word' id='word_1_442' title='bbox 1649 3565 1795 3628; x_wconf 86' lang='lat' dir='ltr'>hujus</span> <span class='ocrx_word' id='word_1_443' title='bbox 1828 3567 2003 3630; x_wconf 87' lang='lat' dir='ltr'>medii,</span> <span class='ocrx_word' id='word_1_444' title='bbox 2053 3568 2139 3618; x_wconf 88' lang='lat' dir='ltr'>sed</span> <span class='ocrx_word' id='word_1_445' title='bbox 2179 3571 2325 3618; x_wconf 89' lang='lat' dir='ltr'>etiam</span> 
     </span>
    </p>
   </div>
   <div class='ocr_carea' id='block_1_20' title="bbox 32 3627 2327 3846">
    <p class='ocr_par' dir='ltr' id='par_1_22' title="bbox 32 3627 2327 3846">
     <span class='ocr_line' id='line_1_56' title="bbox 32 3627 2327 3704; baseline 0.004 -26"><span class='ocrx_word' id='word_1_446' title='bbox 32 3635 41 3677; x_wconf 69' lang='lat' dir='ltr'>i</span> <span class='ocrx_word' id='word_1_447' title='bbox 78 3627 170 3681; x_wconf 71' lang='lat' dir='ltr'>hoc</span> <span class='ocrx_word' id='word_1_448' title='bbox 203 3631 339 3696; x_wconf 84' lang='lat' dir='ltr'>loco,</span> <span class='ocrx_word' id='word_1_449' title='bbox 393 3650 501 3686; x_wconf 86' lang='lat' dir='ltr'>cum</span> <span class='ocrx_word' id='word_1_450' title='bbox 540 3641 701 3700; x_wconf 81' lang='lat' dir='ltr'>agitur</span> <span class='ocrx_word' id='word_1_451' title='bbox 749 3636 808 3684; x_wconf 88' lang='lat' dir='ltr'>de</span> <span class='ocrx_word' id='word_1_452' title='bbox 847 3641 1008 3683; x_wconf 86' lang='lat' dir='ltr'>motus</span> <span class='ocrx_word' id='word_1_453' title='bbox 1045 3633 1191 3695; x_wconf 84' lang='lat' dir='ltr'>hujus</span> <span class='ocrx_word' id='word_1_454' title='bbox 1233 3635 1579 3698; x_wconf 81' lang='lat' dir='ltr'>inaequalitate</span> <span class='ocrx_word' id='word_1_455' title='bbox 1617 3639 1888 3701; x_wconf 81' lang='lat' dir='ltr'>periodica,</span> <span class='ocrx_word' id='word_1_456' title='bbox 1943 3656 2068 3704; x_wconf 89' lang='lat' dir='ltr'>quae</span> <span class='ocrx_word' id='word_1_457' title='bbox 2116 3656 2212 3689; x_wconf 87' lang='lat' dir='ltr'>non</span> <span class='ocrx_word' id='word_1_458' title='bbox 2253 3649 2327 3689; x_wconf 86' lang='lat' dir='ltr'>est</span> 
     </span>
     <span class='ocr_line' id='line_1_57' title="bbox 34 3706 2323 3779; baseline 0.003 -27"><span class='ocrx_word' id='word_1_459' title='bbox 34 3706 440 3779; x_wconf 60' lang='grc' dir='ltr'>ἰιιοιπιίιιιοιῑεηιτιει</span> <span class='ocrx_word' id='word_1_460' title='bbox 492 3716 547 3757; x_wconf 90' lang='lat' dir='ltr'>ut</span> <span class='ocrx_word' id='word_1_461' title='bbox 604 3710 835 3767; x_wconf 81' lang='lat' dir='ltr'>variatio,</span> <span class='ocrx_word' id='word_1_462' title='bbox 899 3706 985 3756; x_wconf 82' lang='lat' dir='ltr'>sed</span> <span class='ocrx_word' id='word_1_463' title='bbox 1034 3714 1278 3756; x_wconf 85' lang='lat' dir='ltr'>menstrua</span> <span class='ocrx_word' id='word_1_464' title='bbox 1328 3722 1413 3757; x_wconf 77' lang='lat' dir='ltr'>seu</span> <span class='ocrx_word' id='word_1_465' title='bbox 1463 3711 1626 3772; x_wconf 84' lang='lat' dir='ltr'>potius</span> <span class='ocrx_word' id='word_1_466' title='bbox 1675 3714 1999 3775; x_wconf 75' lang='lat' dir='ltr'>semestraliS‚</span> <span class='ocrx_word' id='word_1_467' title='bbox 2051 3714 2323 3777; x_wconf 87' lang='lat' dir='ltr'>deprehen-</span> 
     </span>
     <span class='ocr_line' id='line_1_58' title="bbox 36 3771 2324 3846; baseline 0.003 -20"><span class='ocrx_word' id='word_1_468' title='bbox 36 3781 45 3826; x_wconf 62' lang='grc' dir='ltr'><strong>ὲ</strong></span> <span class='ocrx_word' id='word_1_469' title='bbox 80 3771 234 3827; x_wconf 71' lang='lat' dir='ltr'>dimne</span> <span class='ocrx_word' id='word_1_470' title='bbox 270 3794 356 3843; x_wconf 86' lang='lat' dir='ltr'>pro</span> <span class='ocrx_word' id='word_1_471' title='bbox 395 3780 601 3846; x_wconf 75' lang='lat' dir='ltr'>simplici</span> <span class='ocrx_word' id='word_1_472' title='bbox 640 3781 848 3843; x_wconf 81' lang='lat' dir='ltr'>alicujus</span> <span class='ocrx_word' id='word_1_473' title='bbox 896 3781 1108 3843; x_wconf 86' lang='lat' dir='ltr'>primarii</span> <span class='ocrx_word' id='word_1_474' title='bbox 1143 3778 1384 3842; x_wconf 85' lang='lat' dir='ltr'>duplicem</span> <span class='ocrx_word' id='word_1_475' title='bbox 1423 3781 1590 3834; x_wconf 86' lang='lat' dir='ltr'>Lunae</span> <span class='ocrx_word' id='word_1_476' title='bbox 1630 3785 1953 3836; x_wconf 84' lang='lat' dir='ltr'>intensionem</span> <span class='ocrx_word' id='word_1_477' title='bbox 1993 3793 2040 3836; x_wconf 86' lang='lat' dir='ltr'>et</span> <span class='ocrx_word' id='word_1_478' title='bbox 2077 3788 2324 3837; x_wconf 86' lang='lat' dir='ltr'>remissio-</span> 
     </span>
    </p>
   </div>
   <div class='ocr_carea' id='block_1_21' title="bbox 37 3843 1977 3922">
    <p class='ocr_par' dir='ltr' id='par_1_23' title="bbox 37 3843 1977 3922">
     <span class='ocr_line' id='line_1_59' title="bbox 37 3843 1977 3922; baseline 0.002 -4"><span class='ocrx_word' id='word_1_479' title='bbox 37 3843 46 3912; x_wconf 67' lang='lat'>?</span> <span class='ocrx_word' id='word_1_480' title='bbox 1850 3873 1977 3922; x_wconf 75' lang='lat'>25⁴·</span> 
     </span>
    </p>
   </div>
  </div>
 </body>
</html>
