2554 4140
848 118 986 164 Liber
1014 118 1210 164 Tertius.
1271 117 1383 162 Pars
1414 117 1583 164 Tertia.
2231 121 2338 169 257

86 267 279 312 nationis
319 277 442 310 verov
465 262 763 320 quantitatem
800 262 1004 319 sequitur
1045 264 1262 309 distantia
1299 261 1568 307 circulorum
1607 261 1781 306 dierum
1819 262 2099 308 naturalium·
2131 266 2179 308 et
2215 261 2340 307 diffe-

85 335 227 379 rentia
271 332 482 376 sectionis
528 343 682 374 eorum
729 331 784 375 ab
824 331 1079 384 horizonte3
1129 331 1334 388 sequitur
1379 330 1566 375 eandem
1611 336 1656 374 et
1703 329 1955 375 differentia
2004 328 2338 381 ascensionalis‚

5 394 15 398 ’
85 398 261 442 varians
291 396 379 442 diei
409 396 643 451 noctisque
674 408 943 440 mensuras..

229 473 494 520 Habentne
531 472 712 532 lonyae
749 472 866 518 illae
903 478 1066 520 noctes
1104 473 1306 534 aliquas
1345 471 1671 519 tenebrarum
1711 460 1963 518 medelas?
1997 469 2184 518 Multae
2223 475 2337 517 sunt

10 546 35 580 '—
87 556 293 603 causae,
347 558 473 606 quae
511 543 670 592 lucem
709 545 910 592 absente
950 544 1064 592 Sole
1102 545 1222 592 loeis
1262 543 1359 591 illis
1396 549 1686 606 prorogant,
1727 544 1951 591 tenebras
1989 546 2037 589 in
2077 549 2339 605 augustum

86 617 325 679 redigunt.
402 616 616 664 Primum
658 618 813 664 omnis
851 619 1010 679 portio
1051 616 1179 665 Solis
1218 617 1482 678 illuminat,
1535 615 1964 678 quantulacunque
2010 618 2088 662 sit.
2162 617 2342 678 Incipit

89 691 234 752 igitur
273 689 375 738 dies
401 689 629 752 populari
666 691 1008 739 aestimatione
1048 690 1322 752 desinitque
1363 691 1525 749 etiam,
1567 703 1675 736 cum
1715 687 1844 736 Solis
1883 694 2100 736 centrum
2143 691 2205 736 15
2246 690 2341 735 mi-

86 764 217 810 nutis
258 768 331 810 est
371 762 492 810 infra
523 762 848 824 horizontem3
889 763 1011 811 haec
1049 776 1196 823 causa
1242 764 1303 810 16
1345 762 1448 811 dies
1487 761 1655 824 adjicit
1691 762 1911 823 tempori,
1952 775 2048 822 quo
2075 760 2158 808 Sol
2188 761 2341 809 videri

86 841 249 898 potest
285 838 503 896 proxime
541 837 667 884 intra
704 836 910 898 polareS.
989 835 1178 884 Deinde
1216 835 1270 882 fit
1306 842 1502 898 propter
1539 834 1852 883 refractiones
1891 836 1938 880 in
1978 837 2112 892 ae‘re,
2162 840 2216 880 ut
2254 832 2337 881 Sol

79 907 325 961 interdum
373 907 519 956 solito
570 911 713 957 citius
754 910 867 956 oriri
905 907 1143 956 videatur.
1220 908 1393 970 Itaque
1430 908 1610 956 Batavi
1668 908 1731 954 14
1770 907 1944 954 diebus
1994 913 2105 953 ante
2151 913 2342 967 tempus

86 980 249 1029 Solem
288 987 655 1043 conspexerunt,
698 995 806 1029 cum
833 983 957 1029 intra
993 980 1209 1043 polarem
1236 981 1520 1029 hiemarent.
1595 979 1760 1028 Tertio
1801 979 2140 1041 crepusculum
2179 980 2338 1040 potis-

85 1055 209 1101 sima
246 1061 384 1115 parte
422 1056 579 1102 noctis
621 1061 719 1103 tam
758 1055 935 1116 longae
976 1053 1141 1113 durat,
1199 1055 1314 1115 quia
1351 1053 1434 1102 Sol
1473 1067 1572 1101 non
1608 1052 1844 1115 profunde
1884 1053 1980 1100 illis
2025 1054 2254 1112 mergitur
2294 1053 2339 1096 in

85 1125 181 1175 diei
219 1134 414 1175 nostrae
453 1126 639 1187 medio,
694 1141 784 1175 uec
824 1127 950 1174 ultra
990 1128 1056 1174 70
1097 1126 1199 1174 dies
1240 1133 1374 1187 sunt,
1428 1127 1604 1188 quibus
1653 1128 1893 1174 exstincta
1941 1132 2054 1173 sunt
2091 1124 2212 1172 locis
2251 1125 2341 1172 sub

84 1198 198 1262 polo
237 1200 536 1262 crepuscula.
614 1199 813 1261 Quarto,
855 1200 969 1248 Sole
1007 1214 1158 1262 penes
1195 1200 1329 1261 ipsos
1355 1200 1553 1258 lat-ente,
1596 1199 1747 1259 Luna,
1787 1200 1978 1262 quoties
2016 1203 2235 1260 permeat
2262 1211 2342 1245 ar-

85 1287 194 1320 cum
220 1278 492 1321 exstantem
530 1274 658 1322 circa
685 1272 813 1321 Solis
855 1275 1144 1337 oppositum,
1186 1272 1317 1335 apud
1356 1274 1488 1335 ipsos
1514 1271 1660 1334 pleno
1702 1272 2112 1334 orbe‘pernoetat,
2154 1278 2201 1319 et
2226 1276 2342 1317 tunc

84 1345 278 1408 quidem
316 1346 514 1406 diutim,
555 1346 751 1408 quando
792 1347 853 1395 ab
894 1346 1120 1408 ecliptica
1146 1347 1196 1392 in
1234 1346 1611 1408 septentrionem
1639 1351 1892 1409 evagatur.
1970 1343 2153 1406 Quinto
2194 1343 2343 1391 habet

26 1463 34 1467 -
85 1425 133 1468 et
169 1418 313 1481 polus
352 1420 747 1482 septentrionalis
794 1419 976 1468 octidui
1020 1419 1208 1468 lucrum
1258 1433 1373 1482 prae
1424 1417 1652 1479 australi,
1707 1417 1837 1480 quod
1876 1416 2046 1479 adjicit
2085 1417 2181 1464 diei
2219 1421 2358 1465 suae‘

82 1491 273 1554 longae.
349 1491 499 1540 Sexto
530 1492 714 1540 addunt
739 1491 924 1555 aliquid
963 1491 1213 1541 chasmata
1239 1493 1409 1555 ignita,
1450 1493 1680 1540 continua
1714 1493 1827 1553 fere,
1869 1493 2032 1540 nescio
2059 1505 2120 1539 an
2162 1491 2225 1539 ab
2253 1505 2340 1538 ex·

81 1566 320 1627 perientia
358 1571 505 1615 certa.

226 1651 418 1700 Dixisti
461 1667 648 1713 supra,
700 1652 801 1702 duo
839 1667 935 1701 esse
971 1652 1218 1701 horarum
1256 1666 1469 1714 yenera,
1522 1649 1934 1716 aequinoctiales
1960 1659 2006 1700 et
2041 1651 2341 1714 temporales

82 1738 168 1772 seu
206 1743 442 1788 καιρικας,
494 1725 573 1772 dic
601 1727 741 1786 jam,
790 1726 916 1788 quid
959 1727 1023 1773 sit
1067 1721 1172 1790 ὥρα
1211 1724 1432 1788 natantis?
1493 1726 1577 1774 Est
1626 1725 1914 1774 duodecima
1967 1727 2187 1788 praecise
2224 1738 2340 1788 pars

84 1799 463 1860 uniuscnjusque
513 1797 608 1846 diei
655 1805 740 1847 aut
788 1801 930 1847 unius
969 1800 1124 1846 noctis
1164 1797 1451 1859 artificialiS,
1508 1800 1673 1862 itaque
1725 1798 1982 1862 longorum
2035 1798 2221 1867 dierum
2260 1797 2340 1847 vel

83 1872 296 1919 noctium
335 1871 486 1920 horae
526 1890 732 1936 καιρικαι
770 1877 882 1920 sunt
918 1871 1111 1949 longae,
1151 1872 1373 1919 brevium
1414 1872 1601 1921 breves,

235 1943 373 1992 Unde
408 1951 528 1993 sunt
567 1945 727 1993 dictae
743 1945 898 1994 horae
934 1964 1156 2009 καιρικαι,
1194 1944 1528 2006 temporales?
1564 1944 1608 1992 A
1636 1950 1846 2008 quatuor
1883 1946 1997 1992 anni
2026 1943 2339 2007 temporibuS,

84 2036 284 2079 καιροις,
332 2017 381 2064 in
423 2032 545 2081 quos
586 2018 898 2080 distinguitur
945 2033 1100 2066 annus
1147 2032 1233 2082 per
1270 2017 1399 2066 Solis
1439 2031 1631 2066 cursum
1669 2019 1718 2065 in
1759 2017 2007 2081 ecliptica,
2064 2017 2123 2066 de
2164 2018 2341 2080 quibus

81 2096 219 2152 parte
258 2092 442 2152 quinta.
1149 2153 1157 2159 ,

233 2163 345 2227 Quo
382 2164 672 2212 discrimine
715 2170 762 2213 et
806 2177 933 2226 quas
983 2163 1041 2212 ob
1081 2177 1263 2212 causas
1299 2178 1405 2212 uno
1441 2178 1619 2227 yenere
1669 2164 1916 2213 horarum
1955 2169 2180 2213 utuntur
2214 2179 2343 2226 prae

15 2280 27 2290 ,
84 2235 222 2285 alio?
275 2236 426 2284 Primi
481 2237 690 2286 cultores
738 2238 1065 2285 astronomiae
1105 2251 1212 2285 cum
1262 2243 1570 2286 versarentur
1614 2238 1663 2283 in
1716 2236 1839 2286 locis
1893 2251 1990 2286 non
2030 2239 2099 2286 ita
2136 2237 2342 2286 multum

85 2309 147 2356 ab
189 2316 452 2371 aequatore
492 2310 798 2370 distantibus,
837 2324 934 2358 nou
973 2324 1151 2372 magna
1182 2312 1328 2358 etiam
1366 2315 1620 2360 senserunt
1660 2310 1936 2359 discrimina
1977 2311 2071 2359 diei
2112 2310 2344 2373 longissi-

8 2375 9 2385 ’
82 2395 191 2429 mae
229 2383 483 2445 noctisque
519 2383 850 2431 brevissimae.
927 2382 1250 2445 'Punc‘igitur
1288 2383 1419 2446 apud
1459 2383 1750 2444 Chaldaeos,
1791 2382 1971 2447 syros,
2011 2383 2233 2433 Judaeos
2273 2381 2346 2451 (ut

88 2456 136 2500 iu
175 2453 475 2520 Evangelio)
514 2452 754 2519 etiamque
793 2454 925 2519 apud
965 2453 1180 2504 Graecos
1220 2462 1268 2505 et
1304 2456 1555 2506 Romanos
1596 2463 1644 2505 et
1679 2462 1854 2520 postea
1893 2457 2024 2520 apud
2065 2457 2252 2506 Arabes
2291 2458 2342 2504 in

82 2540 174 2574 usu
211 2526 406 2576 suerunt
448 2529 596 2576 horae
644 2527 928 2592 inaequales
968 2531 1119 2589 istae,
1173 2544 1244 2590 ncv
1272 2543 1488 2591 unquam
1531 2531 1684 2578 variet
1722 2528 1955 2578 numerus*
1989 2530 2214 2579 horarum
2259 2532 2339 2578 12.

10 2598 13 2604 '
84 2600 306 2648 Accessit
356 2603 503 2649 etiam
553 2601 850 2650 consuetudo
899 2600 1183 2651 numerandi
1228 2602 1290 2650 ab
1332 2608 1439 2650 ortu
1478 2602 1623 2651 horas
1664 2603 1785 2664 diei,
1841 2610 1895 2650 ut
1932 2605 2079 2665 igitur
2115 2601 2341 2653 meridies

14 2703 15 2739 3
83 2671 286 2721 eandem
326 2673 489 2723 sedem
517 2688 707 2737 semper
743 2680 958 2723 tueretur
983 2677 1031 2722 in
1071 2675 1193 2723 hora
1219 2682 1359 2723 sexta
1396 2691 1556 2739 neque
1586 2682 1845 2738 vagaretur
1880 2691 1966 2738 per
1992 2676 2151 2738 horaS,
2194 2691 2341 2739 opor-

82 2746 176 2812 tuit
213 2746 449 2810 cujusque
488 2746 584 2795 diei
621 2746 768 2795 horas
806 2762 912 2796 esse
952 2747 1122 2796 eodem
1160 2762 1359 2797 numero
1400 2748 1672 2798 duodecim.
1752 2751 1816 2796 At
1855 2763 2004 2811 penes
2052 2765 2142 2799 nos
2181 2749 2341 2798 Euro-

85 2832 234 2881 paeos
277 2834 385 2868 eum
424 2820 727 2869 evidentiora
774 2817 870 2868 sint
921 2819 1104 2870 dierum
1145 2820 1422 2870 discrimina
1460 2827 1507 2871 et
1546 2823 1594 2869 in
1633 2824 1960 2885 septentrione
2011 2823 2148 2872 brevi
2186 2828 2342 2872 terra-

86 2905 191 2940 rum
231 2893 490 2942 intervallo
529 2890 733 2941 multum
772 2894 895 2941 inter
932 2908 984 2942 se
1023 2893 1308 2955 dissimilia,
1366 2893 1586 2957 adeoque
1635 2894 1928 2958 quibusdam
1970 2893 2141 2946 diebus
2178 2894 2341 2944 nullus

87 2969 219 3013 ortus
270 2965 348 3014 vel
399 2981 626 3027 occasus,
678 2965 976 3015 commodior
1027 2969 1134 3015 visa
1172 2971 1244 3015 est
1294 2969 1420 3016 ratio
1466 2967 1751 3017 numerandi
1802 2967 1946 3017 horas
1989 2985 2017 3018 a
2054 2968 2255 3019 meridie
2295 2973 2343 3016 et

85 3035 245 3087 media
280 3046 423 3087 noete
463 3054 642 3102 easque
682 3045 785 3087 toto
826 3052 954 3087 anuo
993 3038 1224 3103 aequales
1264 3037 1519 3103 usurpare3
1571 3041 1694 3090 haec
1745 3042 1872 3090 enim
1911 3041 2231 3092 universalior
2269 3045 2342 3090 est

88 3109 445 3176 observatuque
485 3113 660 3172 facilis,
700 3119 747 3160 et
788 3113 951 3175 magni
990 3127 1106 3161 usus
1135 3114 1180 3159 in
1223 3111 1572 3161 dinumeranda
1600 3112 1694 3163 diei
1733 3116 1990 3178 noctisque
2019 3114 2338 3179 longitudine.

87 3181 305 3233 Accessit
342 3192 700 3234 automatorum
738 3183 1100 3247 horologiorum
1139 3187 1371 3246 inventio,
1412 3200 1537 3248 quae
1577 3185 1766 3235 facilius
1806 3180 2222 3252 aequalesffioras
2263 3191 2341 3235 in-

13 3253 16 3268 *
87 3254 231 3319 dicat,
271 3273 415 3324 quam
444 3258 742 3321 inaequales,
783 3256 1056 3319 cujusmodi
1081 3257 1317 3307 machinis
1357 3273 1464 3307 cum
1505 3265 1608 3307 tota
1628 3258 1825 3323 Europa
1861 3261 2036 3312 referta
2074 3264 2150 3323 sit,
2191 3262 2340 3311 horae

89 3329 234 3379 'ctiam
272 3331 503 3395 aequales
543 3331 860 3390 inoleverunt,
902 3329 1185 3393 inaequales
1224 3331 1271 3378 in
1313 3330 1681 3381 desuetudinem
1718 3333 1956 3384 abierunt.

236 3402 342 3453 Gar
375 3411 550 3454 autem
587 3408 643 3455 in
685 3406 741 3452 12>
778 3409 947 3466 partes
983 3403 1173 3451 divisus
1211 3410 1280 3452 est
1316 3411 1424 3452 tam
1462 3404 1563 3453 dies
1609 3421 1765 3469 quam
1803 3421 1908 3457 nox
1940 3409 2132 3470 potius,
2184 3422 2340 3469 quam

17 3465 22 3536 l
89 3471 191 3524 'alio
232 3478 490 3528 numero?
544 3477 936 3527 Consentaneum
987 3482 1081 3537 est,
1140 3476 1321 3539 primos
1377 3483 1599 3527 auctores
1654 3480 1702 3527 in
1758 3479 1850 3529 hoc
1904 3481 2121 3530 voluisse
2162 3481 2339 3528 imitari

19 3546 24 3592 Ι
89 3553 310 3597 naturam
358 3553 495 3612 anni,
548 3553 598 3598 in
655 3565 751 3615 quo
794 3548 1049 3598 duodecim
1098 3563 1288 3598 menses
1342 3549 1542 3600 totidem
1594 3552 1927 3602 lunationibus
1981 3555 2340 3603 constituuntur

20 3602 24 3657 ἶ
89 3617 201 3669 fere.
274 3622 398 3672 Nam
445 3623 661 3674 indidem
711 3625 915 3681 factum,
963 3628 1018 3669 ut
1062 3622 1293 3671 zodiacus
1341 3623 1389 3671 in
1439 3622 1667 3675 duodena
1717 3627 1856 3690 signa
1910 3633 1958 3676 et
1997 3642 2050 3677 as
2089 3628 2138 3674 in
2176 3631 2339 3689 partes

15 3706 27 3773 3
93 3703 180 3740 seu
226 3697 395 3745 uncias
447 3697 649 3747 totidem
700 3694 1022 3755 divideretur,
1074 3701 1129 3743 ut
1175 3694 1257 3743 lib.
1299 3694 1363 3743 ΙΙ.
1405 3695 1601 3747 dictum
1681 3698 1882 3749 Accedit
1934 3706 1980 3749 et
2020 3699 2340 3750 commoditas

92 3769 276 3815 numeri
326 3767 635 3831 duodenarii,
689 3772 771 3833 qui
811 3770 960 3818 habet
996 3773 1159 3831 partes
1200 3767 1473 3830 dimidiam,
1515 3772 1729 3835 tertiam,
1774 3781 2024 3836 quartam,
2065 3778 2253 3821 sextam
2292 3777 2340 3818 et

26 3864 30 3891 ,ι
96 3834 454 3904 duodecimam,
494 3857 561 3893 sc.
605 3845 658 3905 6,
699 3846 761 3904 4,
805 3845 863 3904 3,
906 3845 952 3902 2,
1001 3844 1044 3889 1.
1123 3840 1324 3890 Hermes
1364 3842 1709 3908 'l‘rismegistus
1759 3846 1906 3895 sertui·
1955 3847 2086 3895 hunc
2134 3844 2340 3906 elegisse

182 3922 336 3963 chleri
359 3925 493 3968 Opera.
519 3927 583 3962 v1.
1930 3935 1990 3979 17
