2554 4140
495 133 733 191 Epitomes
764 132 1082 179 Astronomiae
1113 131 1251 177 Liber
1285 131 1495 188 Quintus.
1557 131 1669 176 Pars
1701 131 1870 177 Prima.
2204 137 2307 183 401

202 283 336 347 Quot
372 289 492 331 sunt
524 289 699 344 partes
741 282 861 331 libri
912 283 996 332 V?
1039 282 1209 332 Duae:
1260 283 1309 329 in
1345 283 1504 344 prima
1542 282 1840 330 eccentricus
1879 295 1988 330 cum
2029 295 2119 330 suo
2158 280 2309 344 plano

55 362 405 405 connectuntur
442 369 550 404 cum
590 357 750 403 causis
786 356 1032 420 physicis;
1071 358 1121 403 in
1146 354 1362 404 secunda
1387 353 1641 402 traduntur
1668 353 1974 403 definitiones
1999 356 2311 404 terminorum

54 430 515 489 astronomicorum‚
566 429 651 490 qui
690 435 948 477 occurrunt
985 430 1304 478 communiter
1341 429 1389 475 in
1430 428 1655 475 omnibus
1701 426 1911 488 planetis
1961 429 2088 477 circa
2137 441 2312 476 eccen-

55 503 224 550 tticum
261 501 405 559 hunc,
446 506 496 550 et
533 500 804 564 explicatur
839 504 964 550 ratio
1004 501 1181 550 calculi
1221 499 1387 564 quoad
1425 499 1551 548 hanc
1589 506 1788 561 partem.

202 574 382 638 Qualis
429 576 589 636 alitur
637 574 904 637 formatur
936 575 1109 638 fiyura
1146 574 1339 622 orbitae
1367 573 1695 634 planetariae
1731 587 1792 621 ex
1829 575 2098 634 principiis
2137 575 2312 635 quarti

53 646 174 697 lton·
204 647 466 710 physicis?
501 646 555 696 Si
591 646 819 709 planetae
858 661 1034 711 corpus
1072 661 1169 696 non
1206 647 1411 695 haberet
1435 645 1582 694 fibras
1608 645 1925 707 magneticaS‚
1965 652 2021 693 ut
2045 645 2312 694 seeundum

53 719 251 783 plagam
299 719 493 769 illarum
543 734 692 768 unam
738 723 788 768 in
836 721 1036 769 boream
1086 719 1367 780 diceretur,
1421 717 1686 767 secundum
1739 717 1938 766 alteram
1986 720 2036 765 in
2076 724 2310 779 austrum,

53 792 318 842 secundum
356 807 503 841 unam
541 791 740 855 plagam
778 793 1050 842 traheretur
1086 807 1257 841 versus
1291 791 1470 852 Solem,
1512 790 1778 839 secundum
1817 791 2056 852 reliquam
2096 790 2313 853 expelle-

52 871 209 913 retur:
247 873 363 914 tnnc
388 865 491 927 Sol,
530 867 788 930 gyratione
826 868 1043 930 corporis
1079 868 1157 914 sui
1196 867 1324 915 circa
1360 879 1502 913 suum
1541 878 1683 912 axem
1723 864 2062 921 circumferens
2101 865 2313 926 speciem

55 941 131 987 sai
169 941 385 1002 corporis
423 941 800 987 immateriatam
838 954 927 1002 per
963 938 1264 1001 amplissima
1300 937 1466 986 muudi
1505 939 1680 1000 spatia,
1723 936 1972 1000 planetam
2012 936 2097 984 illa
2135 952 2314 999 appre-

53 1010 257 1060 hensum
304 1026 404 1061 uua
449 1011 776 1061 circumferret
825 1018 873 1061 et
929 1009 986 1079 1)
1025 1011 1267 1074 siquidem
1304 1011 1389 1060 ille
1426 1011 1565 1059 initio
1606 1011 1905 1058 constitisset
1940 1009 2032 1057 sub
2072 1007 2314 1071 ecliptica,

54 1090 209 1133 totum
260 1085 367 1147 ejus
414 1086 507 1134 iter
537 1087 863 1134 exactissime
908 1086 958 1132 in
1006 1084 1208 1148 planum
1259 1083 1515 1147 eclipticae
1563 1082 1836 1145 ordinaret,
1889 1080 2137 1148 2).eoque
2176 1084 2226 1129 in
2265 1081 2314 1130 id

53 1151 213 1221 ipsum
250 1164 499 1222 punctum,
538 1157 668 1207 unde
705 1158 888 1206 sactum
928 1164 1003 1205 est
1037 1159 1245 1218 initium,
1285 1171 1475 1220 semper
1505 1157 1798 1216 restitueret,
1841 1152 1893 1220 3)
1929 1154 2059 1204 idem
2099 1163 2230 1204 esset
2268 1162 2317 1204 et

57 1232 270 1294 corporis
308 1230 439 1280 Solis
490 1237 539 1280 et
588 1231 775 1279 orbitae
813 1230 1114 1294 planetariae
1153 1234 1392 1292 centrum,
1445 1226 1498 1295 4)
1537 1231 1645 1292 ipsa
1682 1228 1840 1291 figura
1878 1229 2067 1277 orbitae
2107 1227 2316 1277 circulus

54 1310 185 1352 esset
230 1304 655 1365 absolutissimus,
708 1302 761 1367 5)
799 1303 1002 1366 planeta
1048 1306 1098 1351 in
1137 1303 1428 1367 aequalibus
1467 1303 1613 1365 hujus
1653 1301 1821 1352 circuli
1859 1303 2167 1365 portionibus
2208 1316 2315 1350 om-

54 1376 199 1426 nibus
237 1376 587 1440 aequalissima
624 1375 871 1426 celeritate
910 1376 1181 1429 veheretur.
1867 1404 1869 1411 ⁴

196 1447 295 1498 Sed
334 1452 452 1514 quia
490 1452 757 1514 posuimus,
797 1451 845 1498 in
884 1450 1148 1512 cujuslibet
1184 1450 1411 1514 planetae
1452 1462 1651 1512 corpore
1691 1448 1911 1511 duplices
1948 1450 2109 1498 inesse
2148 1449 2311 1510 fibraS,

53 1521 108 1572 fit
141 1524 288 1585 igitur
323 1525 647 1587 permixtione
684 1523 973 1572 facultatum
1012 1525 1226 1586 corporis
1264 1523 1524 1586 planetarii
1563 1527 1611 1570 et
1650 1523 1845 1570 virtutis
1871 1524 2087 1571 motricis
2112 1522 2312 1584 Solaris,

51 1602 110 1645 ut
147 1593 196 1661 1)
231 1595 432 1659 planeta
467 1596 711 1646 describat
749 1597 957 1646 orbitam
992 1596 1056 1646 ad
1094 1595 1368 1660 eclipticam
1410 1594 1690 1658 obliquam;
1729 1601 1778 1644 et
1809 1597 1926 1658 quia
1961 1595 2112 1645 fibrae
2138 1595 2312 1644 latitu-

53 1668 179 1718 dinis
214 1669 314 1718 fere
351 1669 551 1734 quidem
601 1671 651 1717 in
689 1669 927 1732 parallelo
965 1671 1063 1718 situ
1099 1676 1299 1719 manent
1335 1675 1440 1717 toto
1480 1670 1707 1729 circuitu,
1757 1682 1857 1721 non,
1893 1675 2057 1717 tamen
2097 1671 2311 1731 omnino,

0 1800 1 1804 Ἰ
54 1743 172 1806 quin
205 1743 371 1806 potius
401 1742 640 1806 paulatim
665 1749 778 1806 post
800 1741 982 1792 multas
1005 1745 1288 1807 gyrationes
1313 1742 1636 1802 inflectuntur,
1677 1740 1789 1790 ideo
1830 1738 1882 1807 2)
1919 1743 2137 1805 planum,
2178 1757 2315 1791 com-

54 1814 342 1879 prehensum
381 1817 540 1866 orbita
575 1816 819 1879 planetae,
857 1817 1079 1880 proxime
1117 1815 1315 1878 quidem
1355 1821 1430 1864 est
1465 1815 1668 1884 planum
1705 1815 1989 1879 perfectum,
2028 1829 2126 1864 non
2151 1821 2314 1865 tamen

55 1890 281 1950 omnin03
333 1891 450 1952 quin
497 1892 662 1954 potius
709 1895 907 1953 peracto
947 1903 1045 1937 uno
1083 1889 1243 1937 reditu
1283 1896 1500 1938 centrum
1539 1887 1797 1952 planetarii
1836 1887 1972 1950 globi
2010 1903 2107 1936 non
2147 1895 2315 1937 exacte

0 1970 5 2011 l
56 1963 324 2011 restituitur
370 1962 433 2011 ad
470 1977 613 2011 suum
661 1963 878 2023 initium,
933 1961 1021 2010 sed
1057 1976 1240 2010 novum
1279 1962 1512 2011 circulum
1561 1961 1763 2009 decurso
1805 1968 1854 2010 et
1890 1962 2116 2010 absoluto
2155 1964 2316 2025 priore

60 2036 301 2084 connectit
318 2036 367 2082 in
387 2035 585 2084 modum
607 2034 894 2084 circulorum
916 2034 1100 2084 dierum
1130 2035 1441 2092 naturalium,
1471 2034 1530 2083 de
1558 2034 1736 2097 quibus
1762 2032 1887 2083 libro
1912 2037 2054 2084 tertio
2080 2033 2164 2083 fol.
2195 2036 2316 2096 253,

0 2141 2 2160 ι
57 2107 139 2157 vol
172 2109 223 2156 in
261 2107 465 2157 modum
497 2107 580 2170 fili,
620 2107 753 2172 quod
793 2109 971 2156 vermis
1010 2109 1194 2157 sericus
1231 2108 1404 2169 fundit,
1446 2107 1789 2156 domunculam
1826 2109 1923 2157 sibi
1967 2109 2319 2171 circumjiciens

0 2171 2 2210 ¹
61 2187 111 2229 st
143 2187 334 2230 struens
382 2197 441 2232 ex
481 2181 798 2245 plurimorum
836 2182 1125 2230 circulorum
1164 2195 1493 2230 connexorum
1531 2179 1855 2243 implexione,
1908 2196 2010 2244 qua
2049 2183 2198 2230 etiam
2235 2196 2317 2230 ra-

0 2213 4 2314 ξ
58 2254 191 2302 tione
226 2253 445 2315 efficitur,
486 2261 539 2303 ut
574 2254 851 2315 longissimi
887 2269 1119 2304 excursus
1158 2255 1221 2303 ad
1258 2255 1414 2304 latera
1439 2269 1539 2303 non
1567 2254 1791 2302 omnibus
1821 2254 1999 2303 seculis
2027 2255 2118 2303 sub
2144 2254 2317 2303 iisdem

0 2339 7 2446 l
58 2324 179 2375 locis
228 2325 417 2376 zodiaci
465 2327 601 2376 fiant.
677 2328 740 2376 Et
786 2329 904 2391 quia
939 2327 1090 2376 fibrae
1126 2327 1411 2377 libratoriae
1450 2327 1698 2391 planetam
1736 2328 1924 2376 faciunt
1962 2327 2249 2377 altrinsecus
2290 2345 2320 2377 a

59 2397 175 2447 Sole
213 2398 352 2460 trabi,
390 2414 418 2448 e
456 2401 654 2463 regione
692 2414 809 2449 vero
848 2399 979 2463 pelli,
1019 2399 1130 2449 ideo
1171 2400 1369 2464 planeta
1409 2400 1461 2464 3)
1503 2399 1735 2450 describit
1768 2401 1976 2450 orbitam
2001 2403 2130 2450 circa
2155 2400 2319 2450 Solem

3 2470 273 2534 quidem,
310 2478 365 2521 at
398 2486 494 2521 non
530 2478 588 2522 ut
626 2475 752 2522 circa
790 2487 933 2521 suum
972 2480 1205 2533 centrum,
1244 2474 1338 2523 hoc
1377 2481 1452 2522 est
1489 2490 1520 2522 a
1556 2473 1673 2523 Sole
1712 2475 2045 2535 eccentricam,
2088 2473 2319 2523 efficitur-

4 2501 11 2598 l
59 2558 155 2607 que
191 2543 285 2594 bac
321 2547 509 2594 ratione
549 2544 602 2610 4)
638 2560 734 2595 ιιοιι
773 2547 1015 2609 perfectus
1053 2546 1284 2607 circulus,
1324 2546 1411 2595 sed
1449 2561 1480 2595 a
1517 2546 1754 2596 lateribus
1792 2547 1942 2612 paulo
1982 2548 2234 2631 angustior
2272 2552 2321 2595 et

6 2604 11 2676 ἶ
60 2619 405 2681 compressior,
443 2620 668 2667 nimirum
705 2619 890 2681 figurae
929 2618 1187 2681 ellipticae
1268 2619 1319 2681 5)
1362 2618 1438 2668 Ob
1478 2619 1683 2670 eandem
1723 2634 1922 2669 causam
1962 2626 2011 2669 et
2051 2621 2167 2682 quia
2204 2635 2320 2683 spe-

7 2681 13 2743 ἰ
62 2692 164 2740 cies
192 2693 415 2754 corporis
453 2690 664 2752 Solaris,
716 2698 902 2739 motum
940 2690 1171 2754 planetae
1210 2693 1502 2754 concilians,
1554 2694 1604 2740 in
1643 2693 1867 2756 ampliori
1908 2694 2089 2742 circulo
2128 2694 2321 2741 tenuior

9 2760 13 2803 ἕ
63 2769 114 2813 et
163 2763 476 2813 imbecillior
500 2770 603 2824 est,
653 2763 854 2827 planeta
898 2778 1057 2827 neque
1097 2763 1317 2827 eJusdem
1355 2764 1618 2815 celeritatis
1658 2780 1765 2814 esse
1803 2772 1967 2829 potest
2004 2768 2054 2813 in
2094 2767 2320 2814 omnibus

10 2815 15 2875 l
70 2836 256 2885 orbitae
293 2838 545 2900 partibus,
582 2835 671 2885 sed
708 2835 875 2886 tardus
914 2839 962 2885 in
1002 2836 1150 2900 longa
1187 2837 1420 2887 distantia
1456 2853 1488 2887 a
1525 2837 1656 2898 Sole,
1696 2838 1843 2887 velox
1882 2840 1930 2886 in
1969 2853 2138 2901 parva.
2215 2838 2322 2887 De-

11 2908 209 2992 zniqne
247 2911 364 2972 quia
401 2910 550 2958 etiam
586 2908 737 2958 fibrae
774 2907 1054 2959 libratoriae
1093 2912 1191 2959 situ
1227 2925 1316 2960 suo
1349 2910 1586 2974 parallelo
1611 2911 1929 2974 plurimarum
1957 2911 2321 2961 revolutionum

14 3008 16 3034 ;
65 2982 452 3031 successionibus
491 2989 793 3042 emoventur‚
835 2981 945 3031 ideo
985 2984 1132 3031 etiam
1170 2982 1282 3033 loca
1320 2984 1410 3033 sub
1449 2983 1700 3048 zodiaco,
1714 2984 1893 3046 quibus
1930 2983 2160 3047 planetae
2198 2984 2322 3033 fiunt

14 3050 15 3054 ’
66 3051 289 3103 altissimi
334 3054 718 3117 tardissimiquc,
769 3068 866 3103 non
904 3068 1095 3119 semper
1132 3062 1353 3118 manent,
1404 3055 1492 3106 sed
1529 3057 1768 3120 paulatim
1808 3055 2075 3106 succedunt
2112 3059 2162 3107 in
2201 3073 2321 3107 con-

16 3153 19 3178 i
64 3129 332 3190 Sequentia.

18 3259 20 3263 .
211 3200 516 3263 Perplexam
564 3200 863 3262 deser-ipsias·
905 3201 1130 3263 liparam
1174 3203 1369 3249 itineris
1417 3202 1724 3262 planetarii,
1790 3217 1881 3251 nec
1930 3209 2133 3265 aptam,
2189 3219 2322 3266 quae

66 3271 250 3332 oculis,
282 3276 579 3335 pracsertim
617 3276 675 3321 in
703 3274 892 3335 plano,
930 3273 1249 3333 subjiciatur.
1323 3274 1431 3322 Etsi
1482 3273 1576 3322 hoc
1621 3288 1790 3322 verum
1841 3281 1939 3336 est,
1987 3290 2083 3324 non
2135 3290 2320 3325 novum

71 3351 232 3392 tamen
283 3353 359 3394 cst
400 3347 449 3394 in
499 3348 798 3396 astronomia
835 3352 922 3394 aut
958 3347 1201 3408 privatum
1242 3345 1522 3408 Copernici‚
1574 3361 1664 3403 nec
1701 3361 1825 3409 opus
1865 3355 1938 3396 est
1977 3349 2139 3398 omnia
2177 3349 2322 3398 simul

21 3386 26 3455 l
72 3417 120 3463 in
158 3414 332 3465 eodem
367 3418 513 3480 plano
551 3421 934 3482 repraesentari,
973 3417 1059 3466 sed
1098 3424 1305 3480 possunt
1341 3417 1680 3481 perplexiones
1718 3419 1858 3482 illae,
1899 3427 2034 3471 ortae
2073 3438 2102 3471 a
2140 3421 2323 3471 tardis-

24 3524 26 3532 ,
70 3487 195 3538 sima
230 3488 545 3542 translatione
583 3499 821 3541 metarum
859 3489 1132 3539 latitudinis
1170 3496 1216 3539 et
1253 3489 1541 3551 altitudinis,
1583 3492 1753 3542 eadem
1794 3493 2080 3544 dexteritate
2118 3497 2320 3555 secerni,

25 3580 27 3594 ·
72 3572 172 3621 qua
209 3563 284 3610 usi
319 3569 433 3612 sunt
470 3571 659 3615 veteres
698 3565 980 3624 astronomi,
1021 3564 1192 3611 minori
1232 3570 1393 3612 tamen
1433 3571 1689 3628 apparatu.

26 3631 28 3645 ²
220 3632 480 3696 Quomodo
532 3644 713 3686 veteres
758 3642 1078 3685 secreverant
1123 3638 1244 3684 istas
1281 3637 1638 3687 translationes
1674 3638 2010 3690 latitudinum
2061 3648 2107 3689 et
2144 3643 2322 3689 altitu-

28 3710 34 3760 Ϊ
74 3704 294 3754 diam?
353 3706 619 3758 Commenti
659 3718 772 3758 sunt
810 3724 897 3773 pro
936 3706 1277 3757 latitudinibus
1326 3709 1491 3758 orbem
1544 3724 1717 3771 unum,
1773 3712 2171 3763 deferentem
2217 3727 2320 3760 no-

30 3795 36 3856 .'
76 3775 214 3836 dos,
257 3780 486 3830 extimum
523 3784 671 3831 totius
710 3781 929 3833 theoriae
969 3780 1300 3844 planetaria03
1339 3795 1424 3844 pro
1463 3781 1802 3834 altitudinibus
1844 3801 1960 3835 vero
2002 3788 2142 3835 orbes
2183 3785 2319 3845 duos,

160 3873 312 3915 xmus-t
335 3874 471 3918 Opera.
505 3877 573 3913 Vl.
1906 3875 1972 3920 26
