<?xml version="1.0" encoding="UTF-8"?>
<!DOCTYPE html PUBLIC "-//W3C//DTD XHTML 1.0 Transitional//EN"
    "http://www.w3.org/TR/xhtml1/DTD/xhtml1-transitional.dtd">
<html xmlns="http://www.w3.org/1999/xhtml" xml:lang="en" lang="en">
 <head>
  <title>
</title>
<meta http-equiv="Content-Type" content="text/html;charset=utf-8" />
  <meta name='ocr-system' content='tesseract 3.04.00' />
  <meta name='ocr-capabilities' content='ocr_page ocr_carea ocr_par ocr_line ocrx_word'/>
</head>
<body>
  <div class='ocr_page' id='page_1' title='image "./operaomniaedidit06kepluoft_0134.png"; bbox 0 0 2554 4140; ppageno 0'>
   <div class='ocr_carea' id='block_1_1' title="bbox 231 124 1639 182">
    <p class='ocr_par' dir='ltr' id='par_1_1' title="bbox 231 124 1639 182">
     <span class='ocr_line' id='line_1_1' title="bbox 231 124 1639 182; baseline -0.005 -5"><span class='ocrx_word' id='word_1_1' title='bbox 231 132 332 179; x_wconf 85' lang='lat'><strong>120</strong></span> <span class='ocrx_word' id='word_1_2' title='bbox 1060 124 1294 182; x_wconf 86' lang='lat' dir='ltr'><strong>Epitomes</strong></span> <span class='ocrx_word' id='word_1_3' title='bbox 1323 125 1639 172; x_wconf 87' lang='lat' dir='ltr'><strong>Astronomiae</strong></span> 
     </span>
    </p>
   </div>
   <div class='ocr_carea' id='block_1_2' title="bbox 224 272 2478 411">
    <p class='ocr_par' dir='ltr' id='par_1_2' title="bbox 224 272 2478 411">
     <span class='ocr_line' id='line_1_2' title="bbox 226 272 2478 340; baseline 0 -16"><span class='ocrx_word' id='word_1_4' title='bbox 226 290 334 324; x_wconf 89' lang='lat' dir='ltr'><strong>cum</strong></span> <span class='ocrx_word' id='word_1_5' title='bbox 372 276 468 323; x_wconf 89' lang='lat' dir='ltr'><strong>sint</strong></span> <span class='ocrx_word' id='word_1_6' title='bbox 507 272 705 336; x_wconf 84' lang='lat' dir='ltr'><strong>quidam</strong></span> <span class='ocrx_word' id='word_1_7' title='bbox 744 273 884 335; x_wconf 86' lang='lat' dir='ltr'><strong>quasi</strong></span> <span class='ocrx_word' id='word_1_8' title='bbox 922 287 1081 323; x_wconf 90' lang='lat' dir='ltr'><strong>sermo</strong></span> <span class='ocrx_word' id='word_1_9' title='bbox 1108 279 1481 337; x_wconf 74' lang='lat' dir='ltr'>geometrarum,</span> <span class='ocrx_word' id='word_1_10' title='bbox 1519 280 1617 324; x_wconf 88' lang='lat' dir='ltr'><strong>tres</strong></span> <span class='ocrx_word' id='word_1_11' title='bbox 1642 280 1806 325; x_wconf 88' lang='lat' dir='ltr'><strong>tamen</strong></span> <span class='ocrx_word' id='word_1_12' title='bbox 1844 277 2027 340; x_wconf 83' lang='lat' dir='ltr'><strong>priores</strong></span> <span class='ocrx_word' id='word_1_13' title='bbox 2053 277 2208 339; x_wconf 88' lang='lat' dir='ltr'><strong>magis</strong></span> <span class='ocrx_word' id='word_1_14' title='bbox 2245 277 2309 326; x_wconf 89' lang='lat' dir='ltr'><strong>ad</strong></span> <span class='ocrx_word' id='word_1_15' title='bbox 2337 275 2478 325; x_wconf 89' lang='lat' dir='ltr'><strong>theo-</strong></span> 
     </span>
     <span class='ocr_line' id='line_1_3' title="bbox 224 345 1571 411; baseline 0 -15"><span class='ocrx_word' id='word_1_16' title='bbox 224 350 345 397; x_wconf 89' lang='lat' dir='ltr'><strong>riam</strong></span> <span class='ocrx_word' id='word_1_17' title='bbox 383 349 638 411; x_wconf 82' lang='lat' dir='ltr'><strong>pertinent,</strong></span> <span class='ocrx_word' id='word_1_18' title='bbox 681 345 805 395; x_wconf 86' lang='lat' dir='ltr'><strong>duae</strong></span> <span class='ocrx_word' id='word_1_19' title='bbox 844 346 1045 396; x_wconf 92' lang='lat' dir='ltr'><strong>ultimae</strong></span> <span class='ocrx_word' id='word_1_20' title='bbox 1085 349 1244 410; x_wconf 86' lang='lat' dir='ltr'><strong>magis</strong></span> <span class='ocrx_word' id='word_1_21' title='bbox 1283 347 1347 396; x_wconf 90' lang='lat' dir='ltr'><strong>ad</strong></span> <span class='ocrx_word' id='word_1_22' title='bbox 1384 349 1571 410; x_wconf 86' lang='lat' dir='ltr'><strong>praxin.</strong></span> 
     </span>
    </p>
   </div>
   <div class='ocr_carea' id='block_1_3' title="bbox 1020 482 1683 542">
    <p class='ocr_par' dir='ltr' id='par_1_3' title="bbox 1020 482 1683 542">
     <span class='ocr_line' id='line_1_4' title="bbox 1020 482 1683 542; baseline 0.002 -2"><span class='ocrx_word' id='word_1_23' title='bbox 1020 484 1103 541; x_wconf 90' lang='lat' dir='ltr'><strong>De</strong></span> <span class='ocrx_word' id='word_1_24' title='bbox 1152 482 1683 542; x_wconf 78' lang='lat' dir='ltr'><strong>observationibus,</strong></span> 
     </span>
    </p>
   </div>
   <div class='ocr_carea' id='block_1_4' title="bbox 215 605 2481 1765">
    <p class='ocr_par' dir='ltr' id='par_1_4' title="bbox 215 605 2481 1401">
     <span class='ocr_line' id='line_1_5' title="bbox 377 605 2479 671; baseline 0.001 -15"><span class='ocrx_word' id='word_1_25' title='bbox 377 608 613 657; x_wconf 75' lang='lat' dir='ltr'><strong>Describe</strong></span> <span class='ocrx_word' id='word_1_26' title='bbox 652 609 776 657; x_wconf 82' lang='lat' dir='ltr'><strong>mihi</strong></span> <span class='ocrx_word' id='word_1_27' title='bbox 812 610 1030 670; x_wconf 80' lang='lat' dir='ltr'><em>primam</em></span> <span class='ocrx_word' id='word_1_28' title='bbox 1069 621 1247 654; x_wconf 87' lang='lat' dir='ltr'><strong>earum</strong></span> <span class='ocrx_word' id='word_1_29' title='bbox 1285 605 1588 653; x_wconf 82' lang='lat' dir='ltr'><strong>historicam.</strong></span> <span class='ocrx_word' id='word_1_30' title='bbox 1667 605 1993 656; x_wconf 90' lang='lat' dir='ltr'><strong>Historica</strong></span> <span class='ocrx_word' id='word_1_31' title='bbox 2032 609 2290 656; x_wconf 85' lang='lat' dir='ltr'><strong>conscribit</strong></span> <span class='ocrx_word' id='word_1_32' title='bbox 2327 611 2479 671; x_wconf 86' lang='lat' dir='ltr'><strong>initi0,</strong></span> 
     </span>
     <span class='ocr_line' id='line_1_6' title="bbox 219 670 2479 746; baseline 0 -17"><span class='ocrx_word' id='word_1_33' title='bbox 219 670 378 743; x_wconf 90' lang='lat' dir='ltr'><strong>qualis</strong></span> <span class='ocrx_word' id='word_1_34' title='bbox 416 682 560 730; x_wconf 91' lang='lat' dir='ltr'><strong>nobis</strong></span> <span class='ocrx_word' id='word_1_35' title='bbox 598 686 835 746; x_wconf 82' lang='lat' dir='ltr'><strong>appareat</strong></span> <span class='ocrx_word' id='word_1_36' title='bbox 870 678 1038 727; x_wconf 89' lang='lat' dir='ltr'><strong>mundi</strong></span> <span class='ocrx_word' id='word_1_37' title='bbox 1076 679 1250 737; x_wconf 82' lang='lat' dir='ltr'><strong>facieS,</strong></span> <span class='ocrx_word' id='word_1_38' title='bbox 1305 676 1518 739; x_wconf 91' lang='lat' dir='ltr'><strong>quidque</strong></span> <span class='ocrx_word' id='word_1_39' title='bbox 1556 681 1606 726; x_wconf 89' lang='lat' dir='ltr'><strong>iu</strong></span> <span class='ocrx_word' id='word_1_40' title='bbox 1647 694 1706 728; x_wconf 90' lang='lat' dir='ltr'><strong>ea</strong></span> <span class='ocrx_word' id='word_1_41' title='bbox 1745 679 1910 733; x_wconf 88' lang='lat' dir='ltr'><strong>dietim</strong></span> <span class='ocrx_word' id='word_1_42' title='bbox 1948 686 2178 742; x_wconf 90' lang='lat' dir='ltr'><strong>mutetur,</strong></span> <span class='ocrx_word' id='word_1_43' title='bbox 2235 682 2351 743; x_wconf 90' lang='lat' dir='ltr'><strong>quid</strong></span> <span class='ocrx_word' id='word_1_44' title='bbox 2390 682 2479 730; x_wconf 85' lang='lat' dir='ltr'><strong>an—</strong></span> 
     </span>
     <span class='ocr_line' id='line_1_7' title="bbox 219 751 2478 818; baseline 0.001 -17"><span class='ocrx_word' id='word_1_45' title='bbox 219 755 404 802; x_wconf 88' lang='lat' dir='ltr'><strong>nuatim</strong></span> <span class='ocrx_word' id='word_1_46' title='bbox 457 759 542 803; x_wconf 88' lang='lat' dir='ltr'><strong>aut</strong></span> <span class='ocrx_word' id='word_1_47' title='bbox 591 770 676 818; x_wconf 89' lang='lat' dir='ltr'><strong>per</strong></span> <span class='ocrx_word' id='word_1_48' title='bbox 726 754 970 816; x_wconf 83' lang='lat' dir='ltr'><strong>longiores</strong></span> <span class='ocrx_word' id='word_1_49' title='bbox 1021 757 1291 813; x_wconf 90' lang='lat' dir='ltr'><strong>temporum</strong></span> <span class='ocrx_word' id='word_1_50' title='bbox 1343 751 1685 812; x_wconf 79' lang='lat' dir='ltr'><strong>circumactuS,</strong></span> <span class='ocrx_word' id='word_1_51' title='bbox 1743 766 1868 814; x_wconf 89' lang='lat' dir='ltr'><strong>quae</strong></span> <span class='ocrx_word' id='word_1_52' title='bbox 1917 751 2121 801; x_wconf 90' lang='lat' dir='ltr'><strong>diversis</strong></span> <span class='ocrx_word' id='word_1_53' title='bbox 2169 760 2323 803; x_wconf 89' lang='lat' dir='ltr'><strong>terrae</strong></span> <span class='ocrx_word' id='word_1_54' title='bbox 2374 771 2478 804; x_wconf 87' lang='lat' dir='ltr'><strong>ma-</strong></span> 
     </span>
     <span class='ocr_line' id='line_1_8' title="bbox 219 822 2478 892; baseline 0.001 -18"><span class='ocrx_word' id='word_1_55' title='bbox 219 828 380 888; x_wconf 89' lang='lat' dir='ltr'><strong>risque</strong></span> <span class='ocrx_word' id='word_1_56' title='bbox 432 827 554 876; x_wconf 92' lang='lat' dir='ltr'><strong>locis</strong></span> <span class='ocrx_word' id='word_1_57' title='bbox 591 831 860 890; x_wconf 85' lang='lat' dir='ltr'><strong>appareant</strong></span> <span class='ocrx_word' id='word_1_58' title='bbox 899 824 1116 883; x_wconf 90' lang='lat' dir='ltr'><strong>diversa,</strong></span> <span class='ocrx_word' id='word_1_59' title='bbox 1172 838 1299 885; x_wconf 89' lang='lat' dir='ltr'><strong>quae</strong></span> <span class='ocrx_word' id='word_1_60' title='bbox 1351 822 1535 871; x_wconf 85' lang='lat' dir='ltr'><strong>eadem.</strong></span> <span class='ocrx_word' id='word_1_61' title='bbox 1612 824 1674 871; x_wconf 90' lang='lat' dir='ltr'><strong>Et</strong></span> <span class='ocrx_word' id='word_1_62' title='bbox 1722 827 1925 892; x_wconf 88' lang='lat' dir='ltr'><strong>rariores</strong></span> <span class='ocrx_word' id='word_1_63' title='bbox 1965 825 2158 887; x_wconf 88' lang='lat' dir='ltr'><strong>quidem</strong></span> <span class='ocrx_word' id='word_1_64' title='bbox 2210 841 2297 874; x_wconf 91' lang='lat' dir='ltr'><strong>seu</strong></span> <span class='ocrx_word' id='word_1_65' title='bbox 2335 835 2478 876; x_wconf 90' lang='lat' dir='ltr'><strong>nota-</strong></span> 
     </span>
     <span class='ocr_line' id='line_1_9' title="bbox 218 895 2477 962; baseline 0 -14"><span class='ocrx_word' id='word_1_66' title='bbox 218 899 414 948; x_wconf 89' lang='lat' dir='ltr'><strong>biliores</strong></span> <span class='ocrx_word' id='word_1_67' title='bbox 454 906 687 961; x_wconf 87' lang='lat' dir='ltr'><strong>eventus,</strong></span> <span class='ocrx_word' id='word_1_68' title='bbox 744 905 797 947; x_wconf 91' lang='lat' dir='ltr'><strong>ut</strong></span> <span class='ocrx_word' id='word_1_69' title='bbox 846 904 959 946; x_wconf 87' lang='lat' dir='ltr'><strong>sunt</strong></span> <span class='ocrx_word' id='word_1_70' title='bbox 1009 897 1213 960; x_wconf 87' lang='lat' dir='ltr'><strong>eclipses</strong></span> <span class='ocrx_word' id='word_1_71' title='bbox 1251 895 1381 945; x_wconf 85' lang='lat' dir='ltr'><strong>Solis</strong></span> <span class='ocrx_word' id='word_1_72' title='bbox 1430 901 1479 944; x_wconf 88' lang='lat' dir='ltr'><strong>et</strong></span> <span class='ocrx_word' id='word_1_73' title='bbox 1515 896 1691 946; x_wconf 79' lang='lat' dir='ltr'><strong>Lunae</strong></span> <span class='ocrx_word' id='word_1_74' title='bbox 1746 898 2206 960; x_wconf 87' lang='lat' dir='ltr'><strong>conjunctionesque</strong></span> <span class='ocrx_word' id='word_1_75' title='bbox 2250 902 2477 962; x_wconf 82' lang='lat' dir='ltr'><strong>insigneS,</strong></span> 
     </span>
     <span class='ocr_line' id='line_1_10' title="bbox 220 966 2478 1035; baseline -0 -14"><span class='ocrx_word' id='word_1_76' title='bbox 220 972 457 1035; x_wconf 87' lang='lat' dir='ltr'><strong>depromit</strong></span> <span class='ocrx_word' id='word_1_77' title='bbox 483 987 541 1021; x_wconf 86' lang='lat' dir='ltr'><strong>ex</strong></span> <span class='ocrx_word' id='word_1_78' title='bbox 579 972 903 1021; x_wconf 87' lang='lat' dir='ltr'><strong>monumentis</strong></span> <span class='ocrx_word' id='word_1_79' title='bbox 928 970 1186 1029; x_wconf 79' lang='lat' dir='ltr'><strong>historicis,</strong></span> <span class='ocrx_word' id='word_1_80' title='bbox 1225 966 1504 1017; x_wconf 87' lang='lat' dir='ltr'><strong>subtiliores</strong></span> <span class='ocrx_word' id='word_1_81' title='bbox 1547 984 1664 1019; x_wconf 92' lang='lat' dir='ltr'><strong>vero</strong></span> <span class='ocrx_word' id='word_1_82' title='bbox 1697 970 1946 1019; x_wconf 87' lang='lat' dir='ltr'><strong>stellarum</strong></span> <span class='ocrx_word' id='word_1_83' title='bbox 1983 971 2282 1032; x_wconf 88' lang='lat' dir='ltr'><strong>singularum</strong></span> <span class='ocrx_word' id='word_1_84' title='bbox 2310 974 2478 1022; x_wconf 88' lang='lat' dir='ltr'><strong>obser-</strong></span> 
     </span>
     <span class='ocr_line' id='line_1_11' title="bbox 218 1041 2479 1107; baseline 0.001 -15"><span class='ocrx_word' id='word_1_85' title='bbox 218 1046 441 1094; x_wconf 87' lang='lat' dir='ltr'><strong>vationes</strong></span> <span class='ocrx_word' id='word_1_86' title='bbox 494 1061 553 1094; x_wconf 88' lang='lat' dir='ltr'><strong>ex</strong></span> <span class='ocrx_word' id='word_1_87' title='bbox 589 1045 725 1094; x_wconf 90' lang='lat' dir='ltr'><strong>libris</strong></span> <span class='ocrx_word' id='word_1_88' title='bbox 764 1042 1000 1092; x_wconf 87' lang='lat' dir='ltr'><strong>artificum</strong></span> <span class='ocrx_word' id='word_1_89' title='bbox 1038 1041 1134 1090; x_wconf 91' lang='lat' dir='ltr'><strong>fide</strong></span> <span class='ocrx_word' id='word_1_90' title='bbox 1173 1041 1455 1104; x_wconf 88' lang='lat' dir='ltr'><strong>dignorum,</strong></span> <span class='ocrx_word' id='word_1_91' title='bbox 1512 1057 1571 1090; x_wconf 86' lang='lat' dir='ltr'><strong>ex</strong></span> <span class='ocrx_word' id='word_1_92' title='bbox 1609 1041 1920 1106; x_wconf 83' lang='lat' dir='ltr'><strong>Hipparche,</strong></span> <span class='ocrx_word' id='word_1_93' title='bbox 1969 1042 2281 1107; x_wconf 82' lang='lat' dir='ltr'><strong>Ptoleman,</strong></span> <span class='ocrx_word' id='word_1_94' title='bbox 2323 1047 2479 1094; x_wconf 87' lang='lat' dir='ltr'><strong>Alba-</strong></span> 
     </span>
     <span class='ocr_line' id='line_1_12' title="bbox 216 1114 2481 1181; baseline 0 -15"><span class='ocrx_word' id='word_1_95' title='bbox 216 1119 396 1181; x_wconf 87' lang='lat' dir='ltr'><strong>tegni0,</strong></span> <span class='ocrx_word' id='word_1_96' title='bbox 439 1117 706 1167; x_wconf 87' lang='lat' dir='ltr'><strong>Arzachele</strong></span> <span class='ocrx_word' id='word_1_97' title='bbox 745 1123 792 1165; x_wconf 91' lang='lat' dir='ltr'><strong>et</strong></span> <span class='ocrx_word' id='word_1_98' title='bbox 828 1115 966 1176; x_wconf 90' lang='lat' dir='ltr'><strong>aliis,</strong></span> <span class='ocrx_word' id='word_1_99' title='bbox 1010 1129 1136 1177; x_wconf 91' lang='lat' dir='ltr'><strong>quos</strong></span> <span class='ocrx_word' id='word_1_100' title='bbox 1174 1114 1225 1162; x_wconf 92' lang='lat' dir='ltr'><strong>hi</strong></span> <span class='ocrx_word' id='word_1_101' title='bbox 1263 1114 1508 1176; x_wconf 83' lang='lat' dir='ltr'><strong>allegant,</strong></span> <span class='ocrx_word' id='word_1_102' title='bbox 1551 1114 1831 1178; x_wconf 90' lang='lat' dir='ltr'><strong>depromtas</strong></span> <span class='ocrx_word' id='word_1_103' title='bbox 1869 1118 1918 1162; x_wconf 92' lang='lat' dir='ltr'><strong>in</strong></span> <span class='ocrx_word' id='word_1_104' title='bbox 1956 1130 2105 1164; x_wconf 92' lang='lat' dir='ltr'><strong>unum</strong></span> <span class='ocrx_word' id='word_1_105' title='bbox 2144 1116 2349 1180; x_wconf 82' lang='lat' dir='ltr'><strong>colligit,</strong></span> <span class='ocrx_word' id='word_1_106' title='bbox 2359 1152 2361 1154; x_wconf 91' lang='lat'>-</span> <span class='ocrx_word' id='word_1_107' title='bbox 2391 1118 2481 1166; x_wconf 91' lang='lat' dir='ltr'><strong>ad-</strong></span> 
     </span>
     <span class='ocr_line' id='line_1_13' title="bbox 218 1187 2480 1253; baseline 0 -14"><span class='ocrx_word' id='word_1_108' title='bbox 218 1191 335 1240; x_wconf 90' lang='lat' dir='ltr'><strong>dens</strong></span> <span class='ocrx_word' id='word_1_109' title='bbox 375 1193 522 1241; x_wconf 85' lang='lat' dir='ltr'><strong>etiam</strong></span> <span class='ocrx_word' id='word_1_110' title='bbox 558 1191 660 1251; x_wconf 89' lang='lat' dir='ltr'><strong>illa,</strong></span> <span class='ocrx_word' id='word_1_111' title='bbox 702 1204 828 1253; x_wconf 91' lang='lat' dir='ltr'><strong>quae</strong></span> <span class='ocrx_word' id='word_1_112' title='bbox 866 1202 1096 1252; x_wconf 86' lang='lat' dir='ltr'><strong>praesens</strong></span> <span class='ocrx_word' id='word_1_113' title='bbox 1141 1192 1278 1235; x_wconf 90' lang='lat' dir='ltr'><strong>aetas</strong></span> <span class='ocrx_word' id='word_1_114' title='bbox 1319 1187 1617 1247; x_wconf 87' lang='lat' dir='ltr'><strong>observavit,</strong></span> <span class='ocrx_word' id='word_1_115' title='bbox 1660 1203 1755 1250; x_wconf 91' lang='lat' dir='ltr'><strong>quo</strong></span> <span class='ocrx_word' id='word_1_116' title='bbox 1795 1191 1842 1235; x_wconf 89' lang='lat' dir='ltr'><strong>in</strong></span> <span class='ocrx_word' id='word_1_117' title='bbox 1869 1203 2066 1238; x_wconf 89' lang='lat' dir='ltr'><strong>munere</strong></span> <span class='ocrx_word' id='word_1_118' title='bbox 2104 1204 2219 1252; x_wconf 91' lang='lat' dir='ltr'><strong>prae</strong></span> <span class='ocrx_word' id='word_1_119' title='bbox 2260 1192 2480 1239; x_wconf 88' lang='lat' dir='ltr'><strong>omnibus</strong></span> 
     </span>
     <span class='ocr_line' id='line_1_14' title="bbox 215 1259 2481 1345; baseline -0 -33"><span class='ocrx_word' id='word_1_120' title='bbox 215 1265 326 1313; x_wconf 89' lang='lat' dir='ltr'><strong>aliis</strong></span> <span class='ocrx_word' id='word_1_121' title='bbox 365 1263 661 1312; x_wconf 86' lang='lat' dir='ltr'><strong>incredibili</strong></span> <span class='ocrx_word' id='word_1_122' title='bbox 677 1263 942 1345; x_wconf 86' lang='lat' dir='ltr'><strong>diligentia</strong></span> <span class='ocrx_word' id='word_1_123' title='bbox 971 1266 1194 1309; x_wconf 88' lang='lat' dir='ltr'><strong>versatus</strong></span> <span class='ocrx_word' id='word_1_124' title='bbox 1233 1264 1308 1307; x_wconf 90' lang='lat' dir='ltr'><strong>est</strong></span> <span class='ocrx_word' id='word_1_125' title='bbox 1345 1259 1516 1323; x_wconf 84' lang='lat' dir='ltr'><strong>Tyeho</strong></span> <span class='ocrx_word' id='word_1_126' title='bbox 1551 1259 1729 1319; x_wconf 85' lang='lat' dir='ltr'><strong>Brahe,</strong></span> <span class='ocrx_word' id='word_1_127' title='bbox 1768 1262 1947 1310; x_wconf 88' lang='lat' dir='ltr'><strong>relictis</strong></span> <span class='ocrx_word' id='word_1_128' title='bbox 1990 1263 2055 1309; x_wconf 85' lang='lat'><strong>38</strong></span> <span class='ocrx_word' id='word_1_129' title='bbox 2095 1277 2327 1311; x_wconf 85' lang='lat' dir='ltr'><strong>annorum</strong></span> <span class='ocrx_word' id='word_1_130' title='bbox 2367 1279 2481 1328; x_wconf 89' lang='lat' dir='ltr'><strong>pro-</strong></span> 
     </span>
     <span class='ocr_line' id='line_1_15' title="bbox 216 1333 2152 1401; baseline -0.002 -16"><span class='ocrx_word' id='word_1_131' title='bbox 216 1338 332 1401; x_wconf 89' lang='lat' dir='ltr'><strong>priis</strong></span> <span class='ocrx_word' id='word_1_132' title='bbox 372 1337 797 1385; x_wconf 89' lang='lat' dir='ltr'><strong>observationibus</strong></span> <span class='ocrx_word' id='word_1_133' title='bbox 837 1335 1202 1396; x_wconf 82' lang='lat' dir='ltr'><strong>copiosissimiS,</strong></span> <span class='ocrx_word' id='word_1_134' title='bbox 1242 1346 1366 1396; x_wconf 91' lang='lat' dir='ltr'><strong>pene</strong></span> <span class='ocrx_word' id='word_1_135' title='bbox 1405 1334 1663 1393; x_wconf 76' lang='lat' dir='ltr'><strong>continuiS,</strong></span> <span class='ocrx_word' id='word_1_136' title='bbox 1703 1333 1799 1382; x_wconf 92' lang='lat' dir='ltr'><strong>fide</strong></span> <span class='ocrx_word' id='word_1_137' title='bbox 1840 1334 2152 1396; x_wconf 79' lang='lat' dir='ltr'><strong>dignissimis.</strong></span> 
     </span>
    </p>

    <p class='ocr_par' dir='ltr' id='par_1_5' title="bbox 215 1404 2481 1765">
     <span class='ocr_line' id='line_1_16' title="bbox 310 1404 2481 1471; baseline -0 -13"><span class='ocrx_word' id='word_1_138' title='bbox 310 1407 314 1410; x_wconf 80' lang='grc'><strong>’</strong></span> <span class='ocrx_word' id='word_1_139' title='bbox 381 1407 763 1458; x_wconf 88' lang='lat' dir='ltr'><strong>Observationes</strong></span> <span class='ocrx_word' id='word_1_140' title='bbox 817 1408 1003 1470; x_wconf 88' lang='lat' dir='ltr'><strong>igitur</strong></span> <span class='ocrx_word' id='word_1_141' title='bbox 1019 1404 1304 1469; x_wconf 84' lang='lat' dir='ltr'><strong>hujusmodi</strong></span> <span class='ocrx_word' id='word_1_142' title='bbox 1361 1405 1539 1454; x_wconf 90' lang='lat' dir='ltr'><strong>debent</strong></span> <span class='ocrx_word' id='word_1_143' title='bbox 1593 1406 1855 1455; x_wconf 88' lang='lat' dir='ltr'><strong>artificiose</strong></span> <span class='ocrx_word' id='word_1_144' title='bbox 1909 1409 2032 1456; x_wconf 87' lang='lat' dir='ltr'><strong>iuter</strong></span> <span class='ocrx_word' id='word_1_145' title='bbox 2087 1422 2140 1456; x_wconf 88' lang='lat' dir='ltr'><strong>se</strong></span> <span class='ocrx_word' id='word_1_146' title='bbox 2196 1411 2481 1471; x_wconf 86' lang='lat' dir='ltr'><strong>comparari,</strong></span> 
     </span>
     <span class='ocr_line' id='line_1_17' title="bbox 217 1473 2480 1545; baseline 0 -15"><span class='ocrx_word' id='word_1_147' title='bbox 217 1484 362 1545; x_wconf 88' lang='lat' dir='ltr'><strong>inque</strong></span> <span class='ocrx_word' id='word_1_148' title='bbox 402 1487 557 1531; x_wconf 89' lang='lat' dir='ltr'><strong>certas</strong></span> <span class='ocrx_word' id='word_1_149' title='bbox 591 1482 790 1540; x_wconf 81' lang='lat' dir='ltr'><strong>classeS,</strong></span> <span class='ocrx_word' id='word_1_150' title='bbox 830 1495 917 1543; x_wconf 92' lang='lat' dir='ltr'><strong>per</strong></span> <span class='ocrx_word' id='word_1_151' title='bbox 944 1485 1099 1528; x_wconf 87' lang='lat' dir='ltr'><strong>certos</strong></span> <span class='ocrx_word' id='word_1_152' title='bbox 1139 1485 1410 1540; x_wconf 90' lang='lat' dir='ltr'><strong>temporum</strong></span> <span class='ocrx_word' id='word_1_153' title='bbox 1437 1473 1757 1528; x_wconf 85' lang='lat' dir='ltr'><strong>circuma‘ctus</strong></span> <span class='ocrx_word' id='word_1_154' title='bbox 1798 1479 2004 1543; x_wconf 84' lang='lat' dir='ltr'><strong>disponi,</strong></span> <span class='ocrx_word' id='word_1_155' title='bbox 2045 1487 2098 1528; x_wconf 93' lang='lat' dir='ltr'><strong>ut</strong></span> <span class='ocrx_word' id='word_1_156' title='bbox 2124 1481 2304 1530; x_wconf 90' lang='lat' dir='ltr'><strong>similes</strong></span> <span class='ocrx_word' id='word_1_157' title='bbox 2344 1484 2480 1530; x_wconf 88' lang='lat' dir='ltr'><strong>simi-</strong></span> 
     </span>
     <span class='ocr_line' id='line_1_18' title="bbox 215 1550 2479 1619; baseline 0.001 -17"><span class='ocrx_word' id='word_1_158' title='bbox 215 1555 343 1604; x_wconf 89' lang='lat' dir='ltr'><strong>libus</strong></span> <span class='ocrx_word' id='word_1_159' title='bbox 383 1559 684 1619; x_wconf 87' lang='lat' dir='ltr'><strong>coaptentur,</strong></span> <span class='ocrx_word' id='word_1_160' title='bbox 725 1569 783 1603; x_wconf 92' lang='lat' dir='ltr'><strong>eo</strong></span> <span class='ocrx_word' id='word_1_161' title='bbox 821 1555 920 1602; x_wconf 83' lang='lat' dir='ltr'><strong>fere</strong></span> <span class='ocrx_word' id='word_1_162' title='bbox 960 1551 1120 1612; x_wconf 90' lang='lat' dir='ltr'><strong>mod0,</strong></span> <span class='ocrx_word' id='word_1_163' title='bbox 1162 1566 1260 1614; x_wconf 90' lang='lat' dir='ltr'><strong>quo</strong></span> <span class='ocrx_word' id='word_1_164' title='bbox 1301 1550 1620 1612; x_wconf 74' lang='lat' dir='ltr'><strong>AristoteleS,</strong></span> <span class='ocrx_word' id='word_1_165' title='bbox 1658 1558 1883 1601; x_wconf 89' lang='lat' dir='ltr'><strong>naturam</strong></span> <span class='ocrx_word' id='word_1_166' title='bbox 1924 1551 2250 1616; x_wconf 86' lang='lat' dir='ltr'><strong>explicaturus</strong></span> <span class='ocrx_word' id='word_1_167' title='bbox 2289 1556 2479 1604; x_wconf 88' lang='lat' dir='ltr'><strong>anima-</strong></span> 
     </span>
     <span class='ocr_line' id='line_1_19' title="bbox 215 1623 2479 1692; baseline 0.001 -17"><span class='ocrx_word' id='word_1_168' title='bbox 215 1627 350 1690; x_wconf 88' lang='lat' dir='ltr'><strong>lium,</strong></span> <span class='ocrx_word' id='word_1_169' title='bbox 389 1629 543 1692; x_wconf 82' lang='lat' dir='ltr'><strong>primo</strong></span> <span class='ocrx_word' id='word_1_170' title='bbox 573 1626 791 1677; x_wconf 89' lang='lat' dir='ltr'><strong>condidit</strong></span> <span class='ocrx_word' id='word_1_171' title='bbox 817 1626 1073 1674; x_wconf 86' lang='lat' dir='ltr'><strong>historiam</strong></span> <span class='ocrx_word' id='word_1_172' title='bbox 1101 1623 1384 1672; x_wconf 90' lang='lat' dir='ltr'><strong>animalium</strong></span> <span class='ocrx_word' id='word_1_173' title='bbox 1410 1624 1876 1687; x_wconf 89' lang='lat' dir='ltr'><strong>artificiosissimam,</strong></span> <span class='ocrx_word' id='word_1_174' title='bbox 1913 1628 2188 1675; x_wconf 87' lang='lat' dir='ltr'><strong>summatim</strong></span> <span class='ocrx_word' id='word_1_175' title='bbox 2226 1642 2479 1677; x_wconf 85' lang='lat' dir='ltr'><strong>recensens</strong></span> 
     </span>
     <span class='ocr_line' id='line_1_20' title="bbox 216 1696 2472 1765; baseline 0 -15"><span class='ocrx_word' id='word_1_176' title='bbox 216 1700 275 1750; x_wconf 91' lang='lat' dir='ltr'><strong>de</strong></span> <span class='ocrx_word' id='word_1_177' title='bbox 315 1701 539 1751; x_wconf 88' lang='lat' dir='ltr'><strong>omnibus</strong></span> <span class='ocrx_word' id='word_1_178' title='bbox 564 1698 836 1765; x_wconf 87' lang='lat' dir='ltr'><strong>speciebus,</strong></span> <span class='ocrx_word' id='word_1_179' title='bbox 877 1697 967 1747; x_wconf 91' lang='lat' dir='ltr'><strong>sub</strong></span> <span class='ocrx_word' id='word_1_180' title='bbox 1001 1696 1172 1747; x_wconf 89' lang='lat' dir='ltr'><strong>eodem</strong></span> <span class='ocrx_word' id='word_1_181' title='bbox 1210 1710 1387 1760; x_wconf 88' lang='lat' dir='ltr'><strong>genere</strong></span> <span class='ocrx_word' id='word_1_182' title='bbox 1414 1698 1706 1760; x_wconf 86' lang='lat' dir='ltr'><strong>constitutis,</strong></span> <span class='ocrx_word' id='word_1_183' title='bbox 1746 1713 1872 1762; x_wconf 91' lang='lat' dir='ltr'><strong>quae</strong></span> <span class='ocrx_word' id='word_1_184' title='bbox 1900 1698 1995 1747; x_wconf 89' lang='lat' dir='ltr'><strong>illis</strong></span> <span class='ocrx_word' id='word_1_185' title='bbox 2020 1706 2156 1749; x_wconf 90' lang='lat' dir='ltr'><strong>erant</strong></span> <span class='ocrx_word' id='word_1_186' title='bbox 2183 1703 2472 1751; x_wconf 91' lang='lat' dir='ltr'><strong>communia</strong></span> 
     </span>
    </p>
   </div>
   <div class='ocr_carea' id='block_1_5' title="bbox 1061 1846 1641 1924">
    <p class='ocr_par' dir='ltr' id='par_1_6' title="bbox 1061 1846 1641 1924">
     <span class='ocr_line' id='line_1_21' title="bbox 1061 1846 1641 1924; baseline 0.005 -19"><span class='ocrx_word' id='word_1_187' title='bbox 1061 1846 1145 1907; x_wconf 92' lang='lat' dir='ltr'><strong>De</strong></span> <span class='ocrx_word' id='word_1_188' title='bbox 1191 1847 1279 1924; x_wconf 85' lang='lat' dir='ltr'><strong>Hy</strong></span> <span class='ocrx_word' id='word_1_189' title='bbox 1286 1848 1641 1924; x_wconf 73' lang='lat' dir='ltr'><strong>pothesrbus.</strong></span> 
     </span>
    </p>
   </div>
   <div class='ocr_carea' id='block_1_6' title="bbox 217 1974 2481 2261">
    <p class='ocr_par' dir='ltr' id='par_1_7' title="bbox 217 1974 2481 2261">
     <span class='ocr_line' id='line_1_22' title="bbox 358 1974 2481 2041; baseline 0 -16"><span class='ocrx_word' id='word_1_190' title='bbox 358 1975 592 2025; x_wconf 76' lang='lat' dir='ltr'><strong>Describe</strong></span> <span class='ocrx_word' id='word_1_191' title='bbox 642 1976 796 2023; x_wconf 89' lang='lat' dir='ltr'><strong>etiam</strong></span> <span class='ocrx_word' id='word_1_192' title='bbox 840 1974 1116 2023; x_wconf 81' lang='lat' dir='ltr'><strong>secundam</strong></span> <span class='ocrx_word' id='word_1_193' title='bbox 1158 1979 1358 2035; x_wconf 83' lang='lat' dir='ltr'><strong>partem</strong></span> <span class='ocrx_word' id='word_1_194' title='bbox 1407 1976 1733 2024; x_wconf 80' lang='lat' dir='ltr'><strong>astronomici</strong></span> <span class='ocrx_word' id='word_1_195' title='bbox 1778 1977 2019 2024; x_wconf 81' lang='lat' dir='ltr'><strong>muneris.</strong></span> <span class='ocrx_word' id='word_1_196' title='bbox 2096 1975 2321 2025; x_wconf 88' lang='lat' dir='ltr'><strong>Secunda</strong></span> <span class='ocrx_word' id='word_1_197' title='bbox 2370 1993 2481 2041; x_wconf 82' lang='lat' dir='ltr'><strong>pars</strong></span> 
     </span>
     <span class='ocr_line' id='line_1_23' title="bbox 217 2045 2479 2115; baseline 0 -17"><span class='ocrx_word' id='word_1_198' title='bbox 217 2065 245 2098; x_wconf 93' lang='lat' dir='ltr'><strong>o</strong></span> <span class='ocrx_word' id='word_1_199' title='bbox 261 2051 452 2115; x_wconf 86' lang='lat' dir='ltr'><strong>ptica,</strong></span> <span class='ocrx_word' id='word_1_200' title='bbox 493 2047 810 2097; x_wconf 82' lang='lat' dir='ltr'><strong>consideratis</strong></span> <span class='ocrx_word' id='word_1_201' title='bbox 833 2047 910 2096; x_wconf 89' lang='lat' dir='ltr'><strong>his</strong></span> <span class='ocrx_word' id='word_1_202' title='bbox 934 2048 1333 2097; x_wconf 87' lang='lat' dir='ltr'><strong>observationum</strong></span> <span class='ocrx_word' id='word_1_203' title='bbox 1358 2048 1695 2107; x_wconf 84' lang='lat' dir='ltr'><strong>varietatibus,</strong></span> <span class='ocrx_word' id='word_1_204' title='bbox 1737 2045 2113 2103; x_wconf 74' lang='lat' dir='ltr'><strong>et‚diversarum</strong></span> <span class='ocrx_word' id='word_1_205' title='bbox 2139 2052 2479 2099; x_wconf 89' lang='lat' dir='ltr'><strong>convenientia</strong></span> 
     </span>
     <span class='ocr_line' id='line_1_24' title="bbox 217 2117 2479 2186; baseline 0 -16"><span class='ocrx_word' id='word_1_206' title='bbox 217 2126 264 2170; x_wconf 91' lang='lat' dir='ltr'><strong>in</strong></span> <span class='ocrx_word' id='word_1_207' title='bbox 307 2121 616 2186; x_wconf 89' lang='lat' dir='ltr'><strong>quibusdam,</strong></span> <span class='ocrx_word' id='word_1_208' title='bbox 656 2120 720 2169; x_wconf 88' lang='lat' dir='ltr'><strong>ad</strong></span> <span class='ocrx_word' id='word_1_209' title='bbox 745 2135 918 2169; x_wconf 88' lang='lat' dir='ltr'><strong>causas</strong></span> <span class='ocrx_word' id='word_1_210' title='bbox 955 2126 1208 2184; x_wconf 89' lang='lat' dir='ltr'><strong>penetrare</strong></span> <span class='ocrx_word' id='word_1_211' title='bbox 1235 2120 1417 2181; x_wconf 89' lang='lat' dir='ltr'><strong>nititur,</strong></span> <span class='ocrx_word' id='word_1_212' title='bbox 1459 2121 1638 2183; x_wconf 89' lang='lat' dir='ltr'><strong>quibus</strong></span> <span class='ocrx_word' id='word_1_213' title='bbox 1664 2117 1915 2182; x_wconf 80' lang='lat' dir='ltr'><strong>efficiatur,</strong></span> <span class='ocrx_word' id='word_1_214' title='bbox 1956 2127 2010 2170; x_wconf 90' lang='lat' dir='ltr'><strong>ut</strong></span> <span class='ocrx_word' id='word_1_215' title='bbox 2049 2122 2202 2170; x_wconf 87' lang='lat' dir='ltr'><strong>oculis</strong></span> <span class='ocrx_word' id='word_1_216' title='bbox 2229 2122 2479 2171; x_wconf 89' lang='lat' dir='ltr'><strong>hominum</strong></span> 
     </span>
     <span class='ocr_line' id='line_1_25' title="bbox 218 2193 2481 2261; baseline -0 -17"><span class='ocrx_word' id='word_1_217' title='bbox 218 2197 406 2261; x_wconf 88' lang='lat' dir='ltr'><strong>species</strong></span> <span class='ocrx_word' id='word_1_218' title='bbox 445 2195 590 2258; x_wconf 90' lang='lat' dir='ltr'><strong>longe</strong></span> <span class='ocrx_word' id='word_1_219' title='bbox 630 2193 989 2242; x_wconf 86' lang='lat' dir='ltr'><strong>diversissimae</strong></span> <span class='ocrx_word' id='word_1_220' title='bbox 1030 2209 1060 2242; x_wconf 91' lang='lat' dir='ltr'><strong>a</strong></span> <span class='ocrx_word' id='word_1_221' title='bbox 1098 2206 1214 2241; x_wconf 86' lang='lat' dir='ltr'><strong>vero</strong></span> <span class='ocrx_word' id='word_1_222' title='bbox 1254 2193 1560 2253; x_wconf 83' lang='lat' dir='ltr'><strong>oboriantur,</strong></span> <span class='ocrx_word' id='word_1_223' title='bbox 1616 2207 1739 2255; x_wconf 91' lang='lat' dir='ltr'><strong>quas</strong></span> <span class='ocrx_word' id='word_1_224' title='bbox 1778 2195 1965 2258; x_wconf 88' lang='lat' dir='ltr'><strong>species</strong></span> <span class='ocrx_word' id='word_1_225' title='bbox 2005 2197 2269 2244; x_wconf 86' lang='lat' dir='ltr'><strong>astronomi</strong></span> <span class='ocrx_word' id='word_1_226' title='bbox 2309 2196 2481 2261; x_wconf 89' lang='lat' dir='ltr'><strong>appel-</strong></span> 
     </span>
    </p>
   </div>
   <div class='ocr_carea' id='block_1_7' title="bbox 217 2264 2554 2332">
    <p class='ocr_par' dir='ltr' id='par_1_8' title="bbox 217 2264 2554 2332">
     <span class='ocr_line' id='line_1_26' title="bbox 217 2264 2554 2332; baseline 0.002 -16"><span class='ocrx_word' id='word_1_227' title='bbox 217 2270 320 2318; x_wconf 86' lang='lat' dir='ltr'><strong>lant</strong></span> <span class='ocrx_word' id='word_1_228' title='bbox 376 2268 834 2332; x_wconf 78' lang='lat' dir='ltr'><strong>apparentiaS,</strong></span> <span class='ocrx_word' id='word_1_229' title='bbox 887 2265 1073 2315; x_wconf 86' lang='lat' dir='ltr'><strong>Graece</strong></span> <span class='ocrx_word' id='word_1_230' title='bbox 1113 2282 1391 2327; x_wconf 69' lang='grc' dir='ltr'><strong><em>φαινομενα.</em></strong></span> <span class='ocrx_word' id='word_1_231' title='bbox 1466 2264 1565 2314; x_wconf 89' lang='lat' dir='ltr'><strong>Ubi</strong></span> <span class='ocrx_word' id='word_1_232' title='bbox 1604 2270 1659 2314; x_wconf 92' lang='lat' dir='ltr'><strong>ut</strong></span> <span class='ocrx_word' id='word_1_233' title='bbox 1696 2267 1904 2330; x_wconf 87' lang='lat' dir='ltr'><strong>quisque</strong></span> <span class='ocrx_word' id='word_1_234' title='bbox 1942 2266 2096 2330; x_wconf 90' lang='lat' dir='ltr'><strong>pollet</strong></span> <span class='ocrx_word' id='word_1_235' title='bbox 2136 2270 2360 2331; x_wconf 86' lang='lat' dir='ltr'><strong>ingenio,</strong></span> <span class='ocrx_word' id='word_1_236' title='bbox 2413 2271 2482 2317; x_wconf 88' lang='lat' dir='ltr'><strong>ita</strong></span> <span class='ocrx_word' id='word_1_237' title='bbox 2551 2317 2554 2320; x_wconf 14' lang='grc' dir='ltr'><em>Α</em></span> 
     </span>
    </p>
   </div>
   <div class='ocr_carea' id='block_1_8' title="bbox 218 2337 2480 2840">
    <p class='ocr_par' dir='ltr' id='par_1_9' title="bbox 218 2337 2480 2840">
     <span class='ocr_line' id='line_1_27' title="bbox 220 2337 2480 2406; baseline 0 -16"><span class='ocrx_word' id='word_1_238' title='bbox 220 2341 884 2406; x_wconf 79' lang='lat' dir='ltr'><strong>plurimasapparentiarum</strong></span> <span class='ocrx_word' id='word_1_239' title='bbox 925 2339 1232 2388; x_wconf 85' lang='lat' dir='ltr'><strong>diversitates</strong></span> <span class='ocrx_word' id='word_1_240' title='bbox 1271 2338 1433 2387; x_wconf 88' lang='lat' dir='ltr'><strong>salvat</strong></span> <span class='ocrx_word' id='word_1_241' title='bbox 1470 2344 1519 2387; x_wconf 91' lang='lat' dir='ltr'><strong>et</strong></span> <span class='ocrx_word' id='word_1_242' title='bbox 1558 2337 1705 2387; x_wconf 86' lang='lat' dir='ltr'><strong>efficit</strong></span> <span class='ocrx_word' id='word_1_243' title='bbox 1737 2353 1824 2401; x_wconf 91' lang='lat' dir='ltr'><strong>per</strong></span> <span class='ocrx_word' id='word_1_244' title='bbox 1861 2354 2007 2389; x_wconf 88' lang='lat' dir='ltr'><strong>unam</strong></span> <span class='ocrx_word' id='word_1_245' title='bbox 2035 2340 2250 2403; x_wconf 86' lang='lat' dir='ltr'><strong>aliquam</strong></span> <span class='ocrx_word' id='word_1_246' title='bbox 2288 2341 2480 2405; x_wconf 90' lang='lat' dir='ltr'><strong>sibique</strong></span> 
     </span>
     <span class='ocr_line' id='line_1_28' title="bbox 218 2411 2480 2479; baseline 0 -16"><span class='ocrx_word' id='word_1_247' title='bbox 218 2421 451 2479; x_wconf 89' lang='lat' dir='ltr'><strong>perpetuo</strong></span> <span class='ocrx_word' id='word_1_248' title='bbox 490 2412 698 2462; x_wconf 85' lang='lat' dir='ltr'><strong>similem</strong></span> <span class='ocrx_word' id='word_1_249' title='bbox 725 2418 945 2460; x_wconf 90' lang='lat' dir='ltr'><strong>motuum</strong></span> <span class='ocrx_word' id='word_1_250' title='bbox 984 2412 1186 2460; x_wconf 87' lang='lat' dir='ltr'><strong>sormam</strong></span> <span class='ocrx_word' id='word_1_251' title='bbox 1227 2417 1311 2459; x_wconf 90' lang='lat' dir='ltr'><strong>aut</strong></span> <span class='ocrx_word' id='word_1_252' title='bbox 1352 2411 1557 2475; x_wconf 87' lang='lat' dir='ltr'><strong>figuram</strong></span> <span class='ocrx_word' id='word_1_253' title='bbox 1583 2425 1868 2474; x_wconf 89' lang='lat' dir='ltr'><strong>corporum,</strong></span> <span class='ocrx_word' id='word_1_254' title='bbox 1911 2413 2336 2463; x_wconf 88' lang='lat' dir='ltr'><strong>demonstrationis</strong></span> <span class='ocrx_word' id='word_1_255' title='bbox 2363 2429 2480 2464; x_wconf 89' lang='lat' dir='ltr'><strong>suae</strong></span> 
     </span>
     <span class='ocr_line' id='line_1_29' title="bbox 218 2482 2480 2550; baseline 0 -14"><span class='ocrx_word' id='word_1_256' title='bbox 218 2482 733 2536; x_wconf 89' lang='lat' dir='ltr'><strong>methodum&#39;omnem</strong></span> <span class='ocrx_word' id='word_1_257' title='bbox 772 2484 1145 2534; x_wconf 89' lang='lat' dir='ltr'><strong>accommodans</strong></span> <span class='ocrx_word' id='word_1_258' title='bbox 1182 2483 1375 2546; x_wconf 89' lang='lat' dir='ltr'><strong>legibus</strong></span> <span class='ocrx_word' id='word_1_259' title='bbox 1414 2492 1462 2533; x_wconf 87' lang='lat' dir='ltr'><strong>et</strong></span> <span class='ocrx_word' id='word_1_260' title='bbox 1493 2485 1874 2534; x_wconf 88' lang='lat' dir='ltr'><strong>theorematibus</strong></span> <span class='ocrx_word' id='word_1_261' title='bbox 1915 2501 2011 2549; x_wconf 92' lang='lat' dir='ltr'><strong>qua</strong></span> <span class='ocrx_word' id='word_1_262' title='bbox 2037 2489 2342 2549; x_wconf 86' lang='lat' dir='ltr'><strong>geometricis</strong></span> <span class='ocrx_word' id='word_1_263' title='bbox 2384 2503 2480 2550; x_wconf 83' lang='lat' dir='ltr'><strong>qua</strong></span> 
     </span>
     <span class='ocr_line' id='line_1_30' title="bbox 224 2557 2479 2624; baseline -0 -15"><span class='ocrx_word' id='word_1_264' title='bbox 224 2562 411 2624; x_wconf 77' lang='lat' dir='ltr'><strong>opticiS,</strong></span> <span class='ocrx_word' id='word_1_265' title='bbox 454 2574 580 2622; x_wconf 89' lang='lat' dir='ltr'><strong>quae</strong></span> <span class='ocrx_word' id='word_1_266' title='bbox 618 2560 915 2621; x_wconf 89' lang='lat' dir='ltr'><strong>geometriae</strong></span> <span class='ocrx_word' id='word_1_267' title='bbox 954 2557 1273 2606; x_wconf 89' lang='lat' dir='ltr'><strong>subordinata</strong></span> <span class='ocrx_word' id='word_1_268' title='bbox 1312 2563 1411 2618; x_wconf 82' lang='lat' dir='ltr'><strong>est,</strong></span> <span class='ocrx_word' id='word_1_269' title='bbox 1466 2557 1616 2621; x_wconf 89' lang='lat' dir='ltr'><strong>fitque</strong></span> <span class='ocrx_word' id='word_1_270' title='bbox 1657 2563 1709 2606; x_wconf 92' lang='lat' dir='ltr'><strong>ut</strong></span> <span class='ocrx_word' id='word_1_271' title='bbox 1747 2558 1810 2607; x_wconf 88' lang='lat' dir='ltr'><strong>ad</strong></span> <span class='ocrx_word' id='word_1_272' title='bbox 1847 2560 2005 2621; x_wconf 90' lang='lat' dir='ltr'><strong>ipsam</strong></span> <span class='ocrx_word' id='word_1_273' title='bbox 2043 2574 2206 2609; x_wconf 91' lang='lat' dir='ltr'><strong>rerum</strong></span> <span class='ocrx_word' id='word_1_274' title='bbox 2241 2566 2479 2621; x_wconf 88' lang='lat' dir='ltr'><strong>naturam,</strong></span> 
     </span>
     <span class='ocr_line' id='line_1_31' title="bbox 224 2629 2480 2705; baseline 0 -23"><span class='ocrx_word' id='word_1_275' title='bbox 224 2633 559 2705; x_wconf 83' lang='lat' dir='ltr'><strong>excogitandis</strong></span> <span class='ocrx_word' id='word_1_276' title='bbox 607 2631 888 2694; x_wconf 89' lang='lat' dir='ltr'><strong>hujusmodi</strong></span> <span class='ocrx_word' id='word_1_277' title='bbox 926 2631 1090 2679; x_wconf 83' lang='lat' dir='ltr'><strong>formis</strong></span> <span class='ocrx_word' id='word_1_278' title='bbox 1129 2635 1370 2690; x_wconf 89' lang='lat' dir='ltr'><strong>motuum,</strong></span> <span class='ocrx_word' id='word_1_279' title='bbox 1424 2629 1549 2678; x_wconf 83' lang='lat' dir='ltr'><strong>alius</strong></span> <span class='ocrx_word' id='word_1_280' title='bbox 1590 2630 1687 2679; x_wconf 88' lang='lat' dir='ltr'><strong>alio</strong></span> <span class='ocrx_word' id='word_1_281' title='bbox 1725 2633 1925 2696; x_wconf 77' lang='lat' dir='ltr'><strong>propius</strong></span> <span class='ocrx_word' id='word_1_282' title='bbox 1963 2633 2229 2696; x_wconf 84' lang='lat' dir='ltr'><strong>perveniat.</strong></span> <span class='ocrx_word' id='word_1_283' title='bbox 2305 2633 2480 2696; x_wconf 88' lang='lat' dir='ltr'><strong>Itaque</strong></span> 
     </span>
     <span class='ocr_line' id='line_1_32' title="bbox 224 2702 2476 2772; baseline 0 -18"><span class='ocrx_word' id='word_1_284' title='bbox 224 2721 331 2755; x_wconf 89' lang='lat' dir='ltr'><strong>cum</strong></span> <span class='ocrx_word' id='word_1_285' title='bbox 371 2708 420 2753; x_wconf 92' lang='lat' dir='ltr'><strong>in</strong></span> <span class='ocrx_word' id='word_1_286' title='bbox 458 2706 551 2754; x_wconf 88' lang='lat' dir='ltr'><strong>hac</strong></span> <span class='ocrx_word' id='word_1_287' title='bbox 590 2702 755 2753; x_wconf 88' lang='lat' dir='ltr'><strong>dificili</strong></span> <span class='ocrx_word' id='word_1_288' title='bbox 803 2711 852 2753; x_wconf 90' lang='lat' dir='ltr'><strong>et</strong></span> <span class='ocrx_word' id='word_1_289' title='bbox 891 2718 1038 2758; x_wconf 89' lang='lat' dir='ltr'><strong>caeca</strong></span> <span class='ocrx_word' id='word_1_290' title='bbox 1085 2717 1339 2752; x_wconf 86' lang='lat' dir='ltr'><strong>causarum</strong></span> <span class='ocrx_word' id='word_1_291' title='bbox 1389 2706 1665 2767; x_wconf 88' lang='lat' dir='ltr'><strong>captatione</strong></span> <span class='ocrx_word' id='word_1_292' title='bbox 1705 2706 1954 2772; x_wconf 89' lang='lat' dir='ltr'><strong>contingat</strong></span> <span class='ocrx_word' id='word_1_293' title='bbox 1992 2712 2193 2755; x_wconf 89' lang='lat' dir='ltr'><strong>naturae</strong></span> <span class='ocrx_word' id='word_1_294' title='bbox 2233 2707 2476 2767; x_wconf 89' lang='lat' dir='ltr'><strong>consultis,</strong></span> 
     </span>
     <span class='ocr_line' id='line_1_33' title="bbox 224 2776 2478 2840; baseline -0.001 -12"><span class='ocrx_word' id='word_1_295' title='bbox 224 2780 445 2828; x_wconf 83' lang='lat' dir='ltr'><strong>aberrare</strong></span> <span class='ocrx_word' id='word_1_296' title='bbox 485 2793 515 2827; x_wconf 91' lang='lat' dir='ltr'><strong>a</strong></span> <span class='ocrx_word' id='word_1_297' title='bbox 553 2791 668 2827; x_wconf 92' lang='lat' dir='ltr'><strong>vero</strong></span> <span class='ocrx_word' id='word_1_298' title='bbox 706 2779 755 2824; x_wconf 92' lang='lat' dir='ltr'><strong>in</strong></span> <span class='ocrx_word' id='word_1_299' title='bbox 793 2776 1038 2826; x_wconf 89' lang='lat' dir='ltr'><strong>nonnullis</strong></span> <span class='ocrx_word' id='word_1_300' title='bbox 1079 2778 1362 2840; x_wconf 87' lang='lat' dir='ltr'><strong>opinionum</strong></span> <span class='ocrx_word' id='word_1_301' title='bbox 1399 2791 1595 2824; x_wconf 88' lang='lat' dir='ltr'><strong>suarum</strong></span> <span class='ocrx_word' id='word_1_302' title='bbox 1632 2777 1874 2838; x_wconf 90' lang='lat' dir='ltr'><strong>membris,</strong></span> <span class='ocrx_word' id='word_1_303' title='bbox 1915 2792 2005 2827; x_wconf 91' lang='lat' dir='ltr'><strong>nec</strong></span> <span class='ocrx_word' id='word_1_304' title='bbox 2032 2792 2091 2827; x_wconf 92' lang='lat' dir='ltr'><strong>eo</strong></span> <span class='ocrx_word' id='word_1_305' title='bbox 2130 2780 2289 2826; x_wconf 88' lang='lat' dir='ltr'><strong>minus</strong></span> <span class='ocrx_word' id='word_1_306' title='bbox 2318 2786 2478 2828; x_wconf 90' lang='lat' dir='ltr'><strong>tamen</strong></span> 
     </span>
    </p>
   </div>
   <div class='ocr_carea' id='block_1_9' title="bbox 222 2849 2554 2986">
    <p class='ocr_par' dir='ltr' id='par_1_10' title="bbox 222 2849 2554 2986">
     <span class='ocr_line' id='line_1_34' title="bbox 222 2849 2554 2915; baseline -0 -14"><span class='ocrx_word' id='word_1_307' title='bbox 222 2866 310 2915; x_wconf 89' lang='lat' dir='ltr'><strong>per</strong></span> <span class='ocrx_word' id='word_1_308' title='bbox 346 2850 455 2901; x_wconf 85' lang='lat' dir='ltr'><strong>illas</strong></span> <span class='ocrx_word' id='word_1_309' title='bbox 494 2850 689 2899; x_wconf 85' lang='lat' dir='ltr'><strong>salvent</strong></span> <span class='ocrx_word' id='word_1_310' title='bbox 712 2852 1036 2915; x_wconf 53' lang='lat' dir='ltr'><strong>&gt;apparentias</strong></span> <span class='ocrx_word' id='word_1_311' title='bbox 1077 2849 1335 2909; x_wconf 89' lang='lat' dir='ltr'><strong>coelestes,</strong></span> <span class='ocrx_word' id='word_1_312' title='bbox 1388 2863 1506 2898; x_wconf 90' lang='lat' dir='ltr'><strong>usus</strong></span> <span class='ocrx_word' id='word_1_313' title='bbox 1546 2850 1782 2910; x_wconf 88' lang='lat' dir='ltr'><strong>obtinuit,</strong></span> <span class='ocrx_word' id='word_1_314' title='bbox 1834 2855 1889 2898; x_wconf 91' lang='lat' dir='ltr'><strong>ut</strong></span> <span class='ocrx_word' id='word_1_315' title='bbox 1926 2853 2202 2914; x_wconf 90' lang='lat' dir='ltr'><strong>opinionem</strong></span> <span class='ocrx_word' id='word_1_316' title='bbox 2242 2852 2478 2915; x_wconf 90' lang='lat' dir='ltr'><strong>cujusque</strong></span> <span class='ocrx_word' id='word_1_317' title='bbox 2548 2858 2554 2864; x_wconf 86' lang='grc'><em>“</em></span> 
     </span>
     <span class='ocr_line' id='line_1_35' title="bbox 223 2921 2554 2986; baseline -0 -13"><span class='ocrx_word' id='word_1_318' title='bbox 223 2940 282 2974; x_wconf 88' lang='lat' dir='ltr'><strong>ex</strong></span> <span class='ocrx_word' id='word_1_319' title='bbox 340 2924 686 2973; x_wconf 88' lang='lat' dir='ltr'><strong>celebrioribus</strong></span> <span class='ocrx_word' id='word_1_320' title='bbox 743 2923 1037 2984; x_wconf 90' lang='lat' dir='ltr'><strong>artificibus,</strong></span> <span class='ocrx_word' id='word_1_321' title='bbox 1097 2936 1194 2985; x_wconf 91' lang='lat' dir='ltr'><strong>qua</strong></span> <span class='ocrx_word' id='word_1_322' title='bbox 1248 2935 1422 2971; x_wconf 89' lang='lat' dir='ltr'><strong>causas</strong></span> <span class='ocrx_word' id='word_1_323' title='bbox 1473 2921 1683 2986; x_wconf 88' lang='lat' dir='ltr'><strong>explicat</strong></span> <span class='ocrx_word' id='word_1_324' title='bbox 1734 2926 2124 2986; x_wconf 89' lang='lat' dir='ltr'><strong>apparentiarum</strong></span> <span class='ocrx_word' id='word_1_325' title='bbox 2180 2925 2477 2986; x_wconf 87' lang='lat' dir='ltr'><strong>coelestium,</strong></span> <span class='ocrx_word' id='word_1_326' title='bbox 2552 2977 2554 2979; x_wconf 55' lang='grc'>,</span> 
     </span>
    </p>
   </div>
   <div class='ocr_carea' id='block_1_10' title="bbox 191 2994 2546 3615">
    <p class='ocr_par' dir='ltr' id='par_1_11' title="bbox 222 2994 2546 3279">
     <span class='ocr_line' id='line_1_36' title="bbox 223 2994 2480 3061; baseline 0 -16"><span class='ocrx_word' id='word_1_327' title='bbox 223 2997 620 3061; x_wconf 86' lang='lat' dir='ltr'><strong>hypotheses</strong></span> <span class='ocrx_word' id='word_1_328' title='bbox 670 2997 995 3061; x_wconf 76' lang='lat' dir='ltr'><strong>appellemuS,</strong></span> <span class='ocrx_word' id='word_1_329' title='bbox 1049 2997 1165 3059; x_wconf 89' lang='lat' dir='ltr'><strong>quia</strong></span> <span class='ocrx_word' id='word_1_330' title='bbox 1203 2994 1361 3044; x_wconf 89' lang='lat' dir='ltr'><strong>dicere</strong></span> <span class='ocrx_word' id='word_1_331' title='bbox 1399 2995 1525 3044; x_wconf 84' lang='lat' dir='ltr'><strong>solet</strong></span> <span class='ocrx_word' id='word_1_332' title='bbox 1562 3001 1891 3056; x_wconf 77' lang='lat' dir='ltr'><strong>astronomuS,</strong></span> <span class='ocrx_word' id='word_1_333' title='bbox 1946 2996 2040 3046; x_wconf 92' lang='lat' dir='ltr'><strong>hoc</strong></span> <span class='ocrx_word' id='word_1_334' title='bbox 2079 2997 2157 3046; x_wconf 88' lang='lat' dir='ltr'><strong>vel</strong></span> <span class='ocrx_word' id='word_1_335' title='bbox 2195 2997 2279 3046; x_wconf 90' lang='lat' dir='ltr'><strong>illo</strong></span> <span class='ocrx_word' id='word_1_336' title='bbox 2320 3000 2480 3060; x_wconf 87' lang='lat' dir='ltr'><strong>posito</strong></span> 
     </span>
     <span class='ocr_line' id='line_1_37' title="bbox 222 3065 2546 3136; baseline 0 -17"><span class='ocrx_word' id='word_1_337' title='bbox 222 3069 303 3119; x_wconf 88' lang='lat' dir='ltr'><strong>vel</strong></span> <span class='ocrx_word' id='word_1_338' title='bbox 341 3071 594 3132; x_wconf 89' lang='lat' dir='ltr'><strong>supposito</strong></span> <span class='ocrx_word' id='word_1_339' title='bbox 635 3065 1030 3136; x_wconf 74' lang='grc' dir='ltr'><strong>(ὑποτεθεντος),</strong></span> <span class='ocrx_word' id='word_1_340' title='bbox 1083 3067 1216 3132; x_wconf 91' lang='lat' dir='ltr'><strong>quod</strong></span> <span class='ocrx_word' id='word_1_341' title='bbox 1249 3070 1359 3131; x_wconf 83' lang='lat' dir='ltr'><strong>ipse</strong></span> <span class='ocrx_word' id='word_1_342' title='bbox 1400 3067 1458 3116; x_wconf 89' lang='lat' dir='ltr'><strong>de</strong></span> <span class='ocrx_word' id='word_1_343' title='bbox 1495 3067 1676 3117; x_wconf 91' lang='lat' dir='ltr'><strong>mundo</strong></span> <span class='ocrx_word' id='word_1_344' title='bbox 1714 3068 1950 3129; x_wconf 85' lang='lat' dir='ltr'><strong>affirmat,</strong></span> <span class='ocrx_word' id='word_1_345' title='bbox 2000 3072 2138 3133; x_wconf 90' lang='lat' dir='ltr'><strong>sequi</strong></span> <span class='ocrx_word' id='word_1_346' title='bbox 2191 3072 2480 3120; x_wconf 88' lang='lat' dir='ltr'><strong>necessitate</strong></span> <span class='ocrx_word' id='word_1_347' title='bbox 2541 3081 2546 3088; x_wconf 87' lang='lat'><em>·</em></span> 
     </span>
     <span class='ocr_line' id='line_1_38' title="bbox 225 3140 2481 3207; baseline 0 -17"><span class='ocrx_word' id='word_1_348' title='bbox 225 3143 689 3192; x_wconf 89' lang='lat' dir='ltr'><strong>demonstrationum</strong></span> <span class='ocrx_word' id='word_1_349' title='bbox 728 3143 1157 3205; x_wconf 88' lang='lat' dir='ltr'><strong>geometricarum,</strong></span> <span class='ocrx_word' id='word_1_350' title='bbox 1213 3148 1267 3189; x_wconf 90' lang='lat' dir='ltr'><strong>ut</strong></span> <span class='ocrx_word' id='word_1_351' title='bbox 1316 3143 1626 3205; x_wconf 88' lang='lat' dir='ltr'><strong>apparuerint</strong></span> <span class='ocrx_word' id='word_1_352' title='bbox 1663 3140 1748 3190; x_wconf 90' lang='lat' dir='ltr'><strong>illa</strong></span> <span class='ocrx_word' id='word_1_353' title='bbox 1786 3146 1886 3190; x_wconf 89' lang='lat' dir='ltr'><strong>tam</strong></span> <span class='ocrx_word' id='word_1_354' title='bbox 1923 3142 2103 3204; x_wconf 86' lang='lat' dir='ltr'><strong>multa,</strong></span> <span class='ocrx_word' id='word_1_355' title='bbox 2156 3158 2279 3207; x_wconf 88' lang='lat' dir='ltr'><strong>quae</strong></span> <span class='ocrx_word' id='word_1_356' title='bbox 2318 3145 2481 3192; x_wconf 90' lang='lat' dir='ltr'><strong>insunt</strong></span> 
     </span>
     <span class='ocr_line' id='line_1_39' title="bbox 222 3211 1922 3279; baseline 0 -17"><span class='ocrx_word' id='word_1_357' title='bbox 222 3218 291 3262; x_wconf 88' lang='lat' dir='ltr'><strong>in</strong></span> <span class='ocrx_word' id='word_1_358' title='bbox 300 3211 679 3277; x_wconf 88' lang='lat' dir='ltr'><strong>consignatione</strong></span> <span class='ocrx_word' id='word_1_359' title='bbox 718 3215 952 3264; x_wconf 90' lang='lat' dir='ltr'><strong>historica</strong></span> <span class='ocrx_word' id='word_1_360' title='bbox 989 3214 1252 3279; x_wconf 88' lang='lat' dir='ltr'><strong>praedicta,</strong></span> <span class='ocrx_word' id='word_1_361' title='bbox 1295 3213 1523 3278; x_wconf 88' lang='lat' dir='ltr'><strong>quodque</strong></span> <span class='ocrx_word' id='word_1_362' title='bbox 1561 3228 1651 3262; x_wconf 91' lang='lat' dir='ltr'><strong>suo</strong></span> <span class='ocrx_word' id='word_1_363' title='bbox 1684 3219 1922 3277; x_wconf 89' lang='lat' dir='ltr'><strong>tempore.</strong></span> 
     </span>
    </p>

    <p class='ocr_par' dir='ltr' id='par_1_12' title="bbox 228 3283 2479 3411">
     <span class='ocr_line' id='line_1_40' title="bbox 366 3283 2479 3353; baseline 0 -17"><span class='ocrx_word' id='word_1_364' title='bbox 366 3288 445 3336; x_wconf 89' lang='lat' dir='ltr'><strong>Ita</strong></span> <span class='ocrx_word' id='word_1_365' title='bbox 479 3287 627 3336; x_wconf 87' lang='lat' dir='ltr'><strong>hodie</strong></span> <span class='ocrx_word' id='word_1_366' title='bbox 665 3294 760 3337; x_wconf 90' lang='lat' dir='ltr'><strong>tres</strong></span> <span class='ocrx_word' id='word_1_367' title='bbox 798 3288 1014 3337; x_wconf 88' lang='lat' dir='ltr'><strong>feruntur</strong></span> <span class='ocrx_word' id='word_1_368' title='bbox 1050 3283 1396 3352; x_wconf 89' lang='lat' dir='ltr'><strong>hypothesium</strong></span> <span class='ocrx_word' id='word_1_369' title='bbox 1433 3287 1631 3349; x_wconf 88' lang='lat' dir='ltr'><strong>formae,</strong></span> <span class='ocrx_word' id='word_1_370' title='bbox 1670 3285 1966 3348; x_wconf 89' lang='lat' dir='ltr'><strong>Ptolemaei,</strong></span> <span class='ocrx_word' id='word_1_371' title='bbox 1995 3287 2248 3351; x_wconf 87' lang='lat' dir='ltr'><strong>Copernici</strong></span> <span class='ocrx_word' id='word_1_372' title='bbox 2289 3294 2336 3337; x_wconf 89' lang='lat' dir='ltr'><strong>et</strong></span> <span class='ocrx_word' id='word_1_373' title='bbox 2373 3289 2479 3353; x_wconf 89' lang='lat' dir='ltr'><strong>Ty-</strong></span> 
     </span>
     <span class='ocr_line' id='line_1_41' title="bbox 203 3350 629 3424; baseline -0.01 -12.74"><span class='ocrx_word' id='word_1_374' title='bbox 203 3350 396 3411; x_wconf 80' lang='lat' dir='ltr'><strong>ebonis</strong></span> <span class='ocrx_word' id='word_1_375' title='bbox 434 3360 629 3424; x_wconf 85' lang='lat' dir='ltr'><strong>Brahei</strong></span> 
     </span>
    </p>

    <p class='ocr_par' dir='ltr' id='par_1_13' title="bbox 226 3420 2480 3572">
     <span class='ocr_line' id='line_1_42' title="bbox 369 3420 2480 3496; baseline 0.001 -15"><span class='ocrx_word' id='word_1_376' title='bbox 369 3420 586 3482; x_wconf 81' lang='lat' dir='ltr'><strong>Pertinet</strong></span> <span class='ocrx_word' id='word_1_377' title='bbox 638 3438 802 3481; x_wconf 86' lang='lat' dir='ltr'><strong>autem</strong></span> <span class='ocrx_word' id='word_1_378' title='bbox 852 3435 1168 3482; x_wconf 89' lang='lat' dir='ltr'><strong>communiter</strong></span> <span class='ocrx_word' id='word_1_379' title='bbox 1217 3433 1279 3481; x_wconf 91' lang='lat' dir='ltr'><strong>ad</strong></span> <span class='ocrx_word' id='word_1_380' title='bbox 1329 3433 1418 3482; x_wconf 90' lang='lat' dir='ltr'><strong>has</strong></span> <span class='ocrx_word' id='word_1_381' title='bbox 1472 3433 1594 3482; x_wconf 87' lang='lat' dir='ltr'><strong>duas</strong></span> <span class='ocrx_word' id='word_1_382' title='bbox 1644 3434 1828 3496; x_wconf 86' lang='lat' dir='ltr'><strong>priores</strong></span> <span class='ocrx_word' id='word_1_383' title='bbox 1876 3438 2038 3495; x_wconf 89' lang='lat' dir='ltr'><strong>partes</strong></span> <span class='ocrx_word' id='word_1_384' title='bbox 2077 3434 2222 3481; x_wconf 89' lang='lat' dir='ltr'><strong>etiam</strong></span> <span class='ocrx_word' id='word_1_385' title='bbox 2262 3440 2480 3483; x_wconf 89' lang='lat' dir='ltr'><strong>contem·-</strong></span> 
     </span>
     <span class='ocr_line' id='line_1_43' title="bbox 191 3505 2404 3615; baseline -0 -58.984"><span class='ocrx_word' id='word_1_386' title='bbox 191 3507 378 3615; x_wconf 80' lang='lat' dir='ltr'><strong>platio</strong></span> <span class='ocrx_word' id='word_1_387' title='bbox 417 3512 620 3574; x_wconf 86' lang='lat' dir='ltr'><strong>naturae</strong></span> <span class='ocrx_word' id='word_1_388' title='bbox 658 3511 707 3554; x_wconf 92' lang='lat' dir='ltr'><strong>et</strong></span> <span class='ocrx_word' id='word_1_389' title='bbox 741 3507 1087 3568; x_wconf 89' lang='lat' dir='ltr'><strong>proprietatum</strong></span> <span class='ocrx_word' id='word_1_390' title='bbox 1126 3506 1263 3568; x_wconf 87' lang='lat' dir='ltr'><strong>lucis,</strong></span> <span class='ocrx_word' id='word_1_391' title='bbox 1305 3521 1394 3556; x_wconf 89' lang='lat' dir='ltr'><strong>seu</strong></span> <span class='ocrx_word' id='word_1_392' title='bbox 1429 3508 1592 3570; x_wconf 88' lang='lat' dir='ltr'><strong>praxis</strong></span> <span class='ocrx_word' id='word_1_393' title='bbox 1631 3505 1879 3555; x_wconf 87' lang='lat' dir='ltr'><strong>doctrinae</strong></span> <span class='ocrx_word' id='word_1_394' title='bbox 1919 3505 1979 3556; x_wconf 89' lang='lat' dir='ltr'><strong>de</strong></span> <span class='ocrx_word' id='word_1_395' title='bbox 2017 3505 2404 3555; x_wconf 72' lang='lat' dir='ltr'><strong>retractionibus.</strong></span> 
     </span>
    </p>
   </div>
   <div class='ocr_carea' id='block_1_11' title="bbox 963 3641 1749 3718">
    <p class='ocr_par' dir='ltr' id='par_1_14' title="bbox 963 3641 1749 3718">
     <span class='ocr_line' id='line_1_44' title="bbox 963 3641 1749 3718; baseline 0.001 -19"><span class='ocrx_word' id='word_1_396' title='bbox 963 3641 1047 3700; x_wconf 92' lang='lat' dir='ltr'><strong>De</strong></span> <span class='ocrx_word' id='word_1_397' title='bbox 1093 3644 1283 3701; x_wconf 86' lang='lat' dir='ltr'><strong>causis</strong></span> <span class='ocrx_word' id='word_1_398' title='bbox 1330 3642 1749 3718; x_wconf 82' lang='lat' dir='ltr'><strong>hypothesium.</strong></span> 
     </span>
    </p>
   </div>
   <div class='ocr_carea' id='block_1_12' title="bbox 231 3766 2480 3911">
    <p class='ocr_par' dir='ltr' id='par_1_15' title="bbox 231 3766 2480 3911">
     <span class='ocr_line' id='line_1_45' title="bbox 298 3766 2479 3835; baseline 0.001 -19"><span class='ocrx_word' id='word_1_399' title='bbox 298 3826 304 3832; x_wconf 26' lang='lat'><em>⁶</em></span> <span class='ocrx_word' id='word_1_400' title='bbox 379 3768 646 3831; x_wconf 79' lang='lat' dir='ltr'><strong>Quaenam</strong></span> <span class='ocrx_word' id='word_1_401' title='bbox 693 3774 762 3815; x_wconf 84' lang='lat' dir='ltr'><strong>est</strong></span> <span class='ocrx_word' id='word_1_402' title='bbox 810 3770 957 3817; x_wconf 83' lang='lat' dir='ltr'><strong>tertia</strong></span> <span class='ocrx_word' id='word_1_403' title='bbox 991 3784 1113 3832; x_wconf 78' lang='lat' dir='ltr'><strong>pars</strong></span> <span class='ocrx_word' id='word_1_404' title='bbox 1150 3774 1473 3820; x_wconf 78' lang='lat' dir='ltr'><strong>astronomici</strong></span> <span class='ocrx_word' id='word_1_405' title='bbox 1523 3769 1786 3820; x_wconf 76' lang='lat' dir='ltr'><strong>muneris?</strong></span> <span class='ocrx_word' id='word_1_406' title='bbox 1846 3766 2015 3819; x_wconf 86' lang='lat' dir='ltr'><strong>Tertia</strong></span> <span class='ocrx_word' id='word_1_407' title='bbox 2060 3784 2173 3832; x_wconf 87' lang='lat' dir='ltr'><strong>pars</strong></span> <span class='ocrx_word' id='word_1_408' title='bbox 2221 3770 2479 3835; x_wconf 85' lang='lat' dir='ltr'><strong>physica</strong></span> 
     </span>
     <span class='ocr_line' id='line_1_46' title="bbox 231 3841 2480 3911; baseline 0 -21"><span class='ocrx_word' id='word_1_409' title='bbox 231 3841 380 3911; x_wconf 78' lang='lat' dir='ltr'><strong>vulgo</strong></span> <span class='ocrx_word' id='word_1_410' title='bbox 422 3854 519 3889; x_wconf 89' lang='lat' dir='ltr'><strong>non</strong></span> <span class='ocrx_word' id='word_1_411' title='bbox 567 3846 787 3892; x_wconf 83' lang='lat' dir='ltr'><strong>censetur</strong></span> <span class='ocrx_word' id='word_1_412' title='bbox 826 3843 1099 3893; x_wconf 82' lang='lat' dir='ltr'><strong>necessaria</strong></span> <span class='ocrx_word' id='word_1_413' title='bbox 1137 3849 1443 3904; x_wconf 87' lang='lat' dir='ltr'><strong>astronomo,</strong></span> <span class='ocrx_word' id='word_1_414' title='bbox 1495 3859 1604 3893; x_wconf 90' lang='lat' dir='ltr'><strong>cum</strong></span> <span class='ocrx_word' id='word_1_415' title='bbox 1654 3849 1817 3892; x_wconf 86' lang='lat' dir='ltr'><strong>tamen</strong></span> <span class='ocrx_word' id='word_1_416' title='bbox 1870 3843 1950 3893; x_wconf 91' lang='lat' dir='ltr'><strong>vel</strong></span> <span class='ocrx_word' id='word_1_417' title='bbox 1997 3845 2204 3893; x_wconf 85' lang='lat' dir='ltr'><strong>maxime</strong></span> <span class='ocrx_word' id='word_1_418' title='bbox 2243 3845 2480 3908; x_wconf 85' lang='lat' dir='ltr'><strong>pertineat</strong></span> 
     </span>
    </p>
   </div>
  </div>
 </body>
</html>
