2560 4100
144 100 212 148 38
778 90 1015 148 Epistolae
1046 91 1236 149 Kepleri
1264 89 1550 147 aliorumque
1579 94 1765 135 mutuae

139 244 300 298 mibus
340 242 604 305 eclipsibus
643 244 788 289 exeat
825 254 857 288 a
893 238 1038 319 Sole3
1070 240 1183 288 nisi
1216 245 1384 288 tamen
1424 233 1796 288 observationes
1833 241 1884 288 in
1922 239 2069 303 culpa
2105 242 2227 301 sint,
2280 254 2406 301 qua-

142 332 248 365 rum
297 316 495 379 quidem
547 300 964 363 circumstantias
993 314 1219 360 examino
1272 311 1530 374 diligenter
1579 313 1806 374 adeoque
1852 318 1904 362 et
1951 313 2189 362 taediose.
2276 310 2407 360 Illud

143 391 290 439 etiam
327 389 584 452 protritum
616 386 722 450 jam
758 392 848 446 est,
889 386 951 433 ob
993 384 1192 434 easdem
1231 398 1406 433 causas
1446 385 1658 447 opticas,
1697 384 1785 434 sed
1822 388 2013 448 generis
2053 386 2270 446 alterius,
2309 386 2408 433 sci-

143 463 259 514 licet
298 464 360 511 ob
402 461 589 509 variam
628 458 1000 524 dispositionem
1041 459 1188 520 ae'ris,
1243 459 1327 519 qui
1365 457 1503 505 fusus
1542 464 1616 505 est
1655 459 1784 507 circa
1821 457 2046 519 Terram,
2101 457 2409 507 durationem

77 556 80 561 v
143 549 310 584 morae
362 536 411 581 in
470 532 682 586 tenebris
731 547 830 580 non
883 530 1176 593 respondere
1233 529 1438 578 calculo.
1515 528 1633 578 Jam
1689 531 1842 580 habes
1887 531 2036 594 hujus
2087 532 2156 580 rei
2211 538 2409 594 gustum

141 609 265 656 libro
305 606 395 656 VI.
435 607 705 669 Epitomes.
782 605 1009 666 Denique
1048 604 1142 652 hoc
1181 617 1273 665 ego
1315 604 1348 650 4
1385 601 1468 651 vel
1508 603 1538 650 5
1573 602 1837 666 eclipsibus
1874 603 2064 654 reddidi
2104 603 2408 653 demonstra-

143 680 402 739 tissimum,
441 684 659 728 umbram
686 677 867 727 Terrae
907 677 1096 739 aliquot
1135 675 1377 738 scrupulis
1416 673 1558 723 aliter
1594 690 1625 724 a
1656 675 1772 724 fixis
1799 675 1994 736 distare,
2034 692 2183 740 quam
2210 677 2411 741 Tycho-

144 755 282 802 nicus
321 751 450 802 Solis
489 751 708 801 calculus
747 752 850 813 fert,
888 749 1036 812 idque
1075 763 1206 797 nunc
1244 750 1294 795 in
1331 747 1459 797 hanc
1495 748 1720 811 plagam,
1759 763 1889 798 nunc
1926 751 1975 798 in
2014 749 2170 810 illam,
2209 750 2409 813 perinde

143 841 203 876 ac
242 822 286 876 si
322 832 486 875 motus
524 824 738 874 Telluris
776 839 862 887 per
901 824 1112 886 spatium
1152 820 1429 870 aethereum
1479 821 1680 870 vacillet
1727 814 2047 888 (germanicez
2087 821 2309 889 idyuctlpet)
2348 822 2412 872 ob

142 914 320 950 causas
357 898 550 962 aliquas
587 898 834 962 physicas,
912 895 1021 957 Quo
1060 896 1221 943 minus
1260 901 1426 943 autem
1475 894 1570 943 hoc
1618 897 1668 942 iu
1708 903 1844 945 motu
1889 911 2053 944 annuo
2079 895 2293 946 Telluris
2333 895 2413 945 vel

141 972 271 1024 Solis
321 975 489 1034 mirer,
561 971 681 1020 facit
730 968 1077 1031 contemplatio
1131 974 1400 1017 ceterorum
1452 967 1784 1031 planetarum,
1857 970 2143 1032 praesertim
2192 969 2411 1018 Saturni.

142 1046 272 1096 Nam
310 1047 352 1094 si
392 1045 455 1094 ad
493 1044 765 1093 Ptolemaei
805 1049 1028 1106 tempora
1082 1042 1441 1090 constituantur
1492 1041 1710 1105 epochae
1751 1057 1811 1091 ex
1850 1042 2279 1092 observationibus
2314 1041 2410 1091 Sa-

144 1121 274 1168 turni
310 1118 626 1168 Ptolemaicis
665 1116 729 1165 ad
782 1122 949 1168 nostra
1001 1129 1062 1163 ex
1112 1114 1541 1164 observationibus
1597 1114 1804 1176 Brabei‚
1853 1122 2067 1180 emerget
2102 1122 2264 1165 motus
2302 1129 2410 1165 me-

145 1192 282 1254 dius,
335 1193 420 1255 qui
468 1192 836 1240 observationes
886 1187 1267 1251 Regiomontani
1319 1194 1369 1237 et
1418 1187 1659 1237 Waltheri
1708 1203 2020 1253 nequaquam
2066 1195 2411 1254 repraesentat.

141 1266 315 1329 Neque
352 1265 447 1314 hoc
484 1265 539 1312 fit
576 1269 800 1327 respectu
839 1262 1074 1325 apogaei:
1132 1276 1246 1310 nam
1296 1261 1669 1311 observationes
1709 1261 1976 1322 Waltheri,
2033 1264 2236 1312 seorsim
2279 1269 2413 1312 trac-

143 1345 294 1397 tatae,
335 1337 452 1386 dant
491 1351 767 1401 apogaeum
805 1333 1090 1401 (aphelium)
1130 1349 1228 1382 non
1267 1333 1415 1382 valde
1450 1333 1743 1384 dissentiens
1782 1336 1845 1384 ab
1884 1336 2115 1399 analogia
2140 1342 2412 1400 temporum

142 1410 537 1476 praecedentium
577 1418 626 1460 et
664 1409 1061 1468 censecutorum‚
1101 1422 1192 1460 nec
1231 1407 1385 1456 multo
1426 1406 1574 1456 aliam
1612 1411 2051 1472 eccentricitatem3
2099 1418 2150 1457 at
2189 1412 2238 1457 in
2276 1415 2413 1459 motu

143 1484 303 1535 medio
342 1490 534 1533 mutant
572 1498 611 1533 c.
655 1481 742 1533 40‘
781 1496 869 1546 per
906 1487 1064 1531 totum
1103 1483 1358 1530 circuitum
1397 1479 1595 1529 Saturni
1633 1482 1683 1528 in
1723 1482 1922 1546 plagam
1961 1482 2181 1533 eandem.
2264 1482 2405 1546 Quae

143 1574 220 1607 res
266 1572 344 1606 me
395 1557 826 1607 consideratiorem
878 1554 1039 1604 reddit
1096 1556 1224 1604 circa
1274 1569 1530 1603 censuram
1581 1554 1980 1605 observationum
2029 1555 2305 1606 Ptolemaei
2359 1557 2410 1605 in

144 1632 486 1695 aequinoctiis,
526 1637 595 1691 ut,
636 1630 863 1693 quamvis
900 1629 1085 1691 ingenti
1125 1642 1235 1676 cum
1274 1628 1520 1692 applausu
1559 1627 1759 1691 legerim
1786 1631 1835 1678 in
1861 1630 2176 1679 Astronomia
2204 1629 2412 1690 Danica,

146 1706 516 1755 observationes
540 1702 816 1752 Ptolemaei
854 1707 1109 1766 suspectas
1148 1701 1316 1751 haberi
1344 1703 1473 1751 circa
1498 1700 1625 1750 diem
1661 1704 1976 1766 aequinoctii,
2016 1704 2243 1767 quamvis
2268 1704 2415 1752 etiam

145 1778 399 1843 Epitomes
438 1777 561 1826 libro
599 1776 716 1826 VII.
758 1777 1044 1825 occasiones
1084 1776 1427 1837 quaesiverim,
1469 1775 1648 1838 quibus
1688 1774 1848 1840 decipi
1885 1775 2200 1827 Ptolemaeus
2237 1784 2417 1840 potue-

147 1853 224 1913 rit,
265 1865 387 1914 quas
426 1852 712 1900 occasiones
749 1851 899 1899 etiam
937 1863 1038 1898 una
1074 1846 1219 1897 lectio
1259 1847 1513 1898 Censorini
1565 1847 1821 1899 confirmat
1857 1849 2087 1911 mirifice,
2129 1857 2314 1911 tamen,
2354 1865 2413 1899 ex

146 1939 242 1988 quo
282 1923 479 1973 Saturni
518 1923 733 1989 epochas
772 1922 835 1972 ad
877 1922 1072 1971 diversa
1109 1921 1279 1971 secula
1318 1920 1633 1986 contemplor,
1676 1924 1864 1972 cautior
1886 1923 2001 1972 fiam
2039 1931 2087 1973 et
2125 1925 2174 1972 iu
2200 1937 2416 1987 arguen-

146 1998 219 2046 dis
260 1997 686 2047 observationibus
723 1995 1040 2046 Ptolemaicis
1078 1989 1308 2044 timidio'r.
1386 1995 1497 2046 Non
1536 2010 1595 2045 eo
1623 1995 1821 2059 quidem
1861 2010 2017 2061 usque
2055 1995 2416 2062 procedendum

145 2074 289 2135 put0,
341 2078 395 2119 ut
433 2073 588 2120 motui
628 2069 758 2120 Solis
815 2070 907 2118 sub
946 2067 1058 2118 fixis
1110 2066 1174 2117 ad
1212 2066 1485 2119 Ptolemaei
1540 2074 1763 2132 tempora
1811 2084 2036 2120 censeam
2089 2069 2419 2134 adjiciendum

148 2159 297 2194 unum
337 2144 542 2206 gradum
594 2150 730 2194 extra
778 2141 1014 2193 ordinem.
1091 2140 1224 2191 Satis
1275 2141 1400 2192 bene
1446 2142 1712 2193 concordat
1758 2151 1919 2193 motus
1957 2143 2087 2194 Solis
2125 2142 2317 2193 medius
2371 2151 2421 2193 et

146 2232 292 2275 verus
340 2219 387 2264 in
426 2217 638 2281 planetis
689 2218 863 2267 ceteris
913 2214 976 2264 ad
1030 2214 1116 2263 illa
1153 2220 1394 2280 tempora,
1447 2222 1499 2265 at
1535 2230 1679 2266 axem
1718 2216 1953 2278 Telluris,
2007 2219 2091 2282 qui
2144 2224 2279 2266 motu
2329 2231 2418 2266 suo

149 2290 542 2356 praecessionem
581 2291 1001 2354 aequinoctiorum
1052 2294 1304 2350 causatur,
1348 2289 1705 2353 Jurare'nolim
1745 2289 1986 2340 interdum
2036 2290 2190 2341 veluti
2229 2289 2420 2340 saltua-

151 2367 236 2413 tim
278 2366 523 2430 torqueri,
576 2367 666 2414 etsi
704 2369 895 2427 praeter
932 2362 1026 2411 hoc
1063 2360 1340 2412 Ptolemaei
1378 2361 1597 2413 seculum
1646 2363 1836 2412 nullum
1875 2371 1975 2425 est,
2025 2380 2084 2415 ex
2136 2363 2276 2427 cujus
2314 2377 2421 2414 me-

155 2438 312 2489 moria
349 2440 542 2502 possint
579 2438 726 2501 hujus
764 2438 832 2487 rei
870 2442 1159 2500 argumenta
1197 2434 1425 2495 derivari,
1464 2443 1519 2486 ut
1557 2438 1693 2485 innui
1731 2437 1856 2488 libro
1895 2437 2010 2487 VII.
2051 2438 2318 2502 Epitomes.

294 2510 550 2560 Hactenus
588 2513 737 2574 igitur
775 2510 833 2560 de
859 2509 1136 2559 Lunaribus
1177 2509 1458 2573 eclipsibus,
1534 2505 1615 2560 De
1653 2510 1907 2561 Solaribus
1944 2513 2104 2561 ausim
2143 2511 2243 2561 sere
2279 2511 2421 2575 plura

152 2590 200 2633 et
238 2586 571 2634 constantiora
606 2583 843 2649 polliceri,
883 2590 938 2632 ut
975 2582 1115 2633 vides
1154 2597 1213 2631 ex
1253 2582 1580 2647 descriptione
1619 2584 1873 2647 eclipsium
1897 2584 2028 2634 Solis
2068 2585 2131 2634 ab
2172 2587 2315 2634 aunis
2340 2586 2423 2645 80,

154 2659 294 2721 cujus
347 2658 595 2722 exemplar
644 2658 824 2707 habes:
883 2658 975 2705 nisi
1027 2670 1105 2705 me
1157 2670 1257 2705 una
1307 2655 1501 2720 eclipsis
1555 2658 1669 2705 anui
1715 2659 1851 2707 1614
1902 2658 2166 2707 sollicitum
2219 2665 2422 2720 teneret,

155 2746 282 2794 quae
321 2731 518 2780 videtur
553 2730 717 2796 paulo'
745 2732 990 2780 enormius
1039 2730 1336 2792 anticipasse
1373 2736 1566 2795 tempus
1604 2729 1797 2780 calculi.
1872 2731 2046 2780 Nullas
2095 2734 2291 2781 omnino
2332 2732 2425 2782 ob-

153 2805 457 2854 servationes
498 2807 686 2865 omitt0,
727 2818 851 2867 quas
888 2804 1070 2853 habere
1107 2805 1248 2866 potui
1288 2818 1347 2852 ex
1386 2805 1760 2867 quibuscunque
1797 2803 1935 2856 locis.
2013 2803 2142 2867 Quin
2179 2813 2295 2855 sunt
2330 2805 2427 2855 ali-

159 2892 287 2940 quae
326 2878 376 2925 in
419 2879 447 2926 5
488 2885 571 2927 aut
613 2880 643 2928 6
682 2877 805 2927 locis
844 2878 1152 2937 observatae,
1194 2891 1317 2939 quas
1357 2891 1526 2927 omnes
1565 2877 1935 2928 observationes
1964 2881 2203 2928 examino.
2281 2879 2427 2928 Hunc

162 2950 383 3000 libellum
443 2953 591 3000 statui
649 2957 836 3016 partem
886 2951 1046 3000 facere
1099 2949 1487 3014 Hipparchi,
1547 2956 1660 3000 ante
1717 2953 1787 3000 20
1842 2966 1998 3001 annos
2051 2954 2278 3015 promissi
2325 2960 2424 3002 etc.

162 3032 399 3080 (sequentia
428 3031 627 3080 leguntur
666 3031 753 3071 voi.
782 3031 854 3070 111.
894 3042 936 3082 p.
970 3025 1084 3073 518).
1163 3023 1240 3073 De
1276 3023 1452 3073 futuris
1489 3023 1756 3087 eclipsibus
1791 3023 2009 3087 polliceri
2049 3025 2170 3074 nihil
2200 3040 2427 3090 possum3

158 3113 256 3147 non
297 3103 370 3147 est
408 3103 621 3156 tamen,
649 3112 734 3146 cur
769 3102 1001 3161 suspecta
1036 3097 1127 3146 tibi
1164 3098 1229 3146 sit
1267 3095 1388 3146 fides
1425 3097 1711 3161 hypothesis
1749 3099 2020 3161 praesentis
2059 3113 2119 3148 ex
2157 3114 2241 3160 eo,
2293 3099 2425 3163 quod

156 3187 263 3222 eam
301 3169 518 3220 nondum
555 3169 711 3220 habes
749 3171 1018 3233 publicam.
1090 3170 1305 3220 Tantum
1344 3172 1471 3220 enim
1504 3171 1610 3233 jam
1647 3170 1803 3221 habes
1830 3173 1880 3220 in
1908 3171 2146 3235 exemplo,
2187 3179 2240 3221 ut
2262 3172 2426 3237 hypo-

158 3244 328 3303 thesis,
369 3258 497 3306 quae
535 3257 664 3291 nuuc
703 3251 777 3292 est
816 3245 864 3290 in
905 3243 1099 3304 chartis,
1138 3246 1179 3292 si
1219 3243 1417 3306 quando
1454 3244 1703 3308 prodierit,
1745 3259 1806 3294 ex
1842 3259 1902 3294 eo
1940 3248 2141 3308 agnosci
2178 3249 2351 3310 possit.

305 3318 410 3378 Ais,
451 3322 499 3365 te
539 3316 884 3366 contabescere
925 3316 1165 3366 desiderio
1204 3316 1643 3382 Rudolpbinarum.
1719 3316 1857 3367 Scias
1889 3319 2052 3404 igitur,
2084 3319 2190 3382 jam
2228 3335 2259 3368 a
2297 3319 2425 3368 duo-

92 3436 98 3453 ,
158 3392 257 3441 bus
290 3390 540 3440 mensibus
589 3404 667 3438 me
704 3404 790 3453 per
825 3388 1044 3438 libellum
1092 3385 1363 3454 supplicem'
1404 3391 1454 3440 id
1492 3406 1662 3456 agere,
1714 3396 1796 3451 ut,
1846 3393 1964 3455 quia
2011 3398 2124 3440 sunt
2170 3407 2230 3441 eo
2270 3407 2424 3455 usque

168 3463 440 3523 absolutae,
481 3469 535 3511 ut
573 3462 652 3512 edi
689 3463 880 3526 possint
915 3477 994 3511 me
1030 3471 1303 3526 praesente,
1346 3464 1529 3515 Caesar
1563 3465 1712 3528 igitur
1751 3463 1833 3514 vel
1871 3464 1932 3514 de
1969 3479 2060 3514 suo
2097 3465 2179 3514 vel
2218 3465 2277 3514 de
2316 3481 2425 3516 meo

166 3536 333 3598 debito
372 3541 560 3585 sumtus
601 3535 908 3599 suppeditet,
946 3535 1052 3596 vel,
1094 3550 1220 3598 quae
1259 3540 1403 3587 tertia
1419 3531 1656 3589 conditio
1693 3537 1986 3587 consiliariis
2033 3540 2082 3586 in
2119 3553 2263 3587 aures
2302 3539 2427 3589 dici-

160 3616 255 3671 tur,
308 3609 519 3658 dimittat
568 3623 646 3658 me
695 3609 758 3658 ad
808 3608 1025 3672 aliquem
1073 3611 1340 3673 principem
1380 3610 1675 3665 Germaniae
1732 3615 1818 3660 aut
1863 3610 1950 3667 ad,
1979 3610 2198 3675 aliquam
2256 3613 2426 3662 urbem

160 3682 483 3747 imperialem,
539 3682 601 3730 ad
640 3681 854 3732 edendas
893 3687 943 3732 et
979 3682 1178 3732 tabulas
1226 3690 1275 3732 et
1312 3685 1684 3750 observationes
1724 3683 2010 3735 Braheanas
2048 3690 2099 3735 et
2133 3685 2424 3749 Ephemeri-

164 3756 264 3806 des.
339 3755 485 3818 Quod
521 3769 638 3805 vero
677 3756 938 3819 Epitomeu
977 3757 1255 3818 seposuisti‚
1296 3771 1453 3822 usque
1492 3758 1608 3808 dum
1644 3757 1844 3808 tabulas
1882 3758 2084 3818 habeas,
2134 3759 2185 3808 id
2222 3774 2423 3810 necesse
2479 3779 2483 3781 ’

163 3843 260 3880 non
298 3835 429 3894 ιιι-αις
467 3829 718 3895 Epitomes
756 3831 884 3879 enim
922 3835 1188 3895 praecepta
1222 3838 1422 3881 manent
1458 3832 1692 3897 pleraque
1730 3838 2039 3896 possuntque
2067 3836 2281 3886 exerceri
2316 3835 2422 3884 siue
