2554 4140
173 150 276 200 202
791 128 795 133 ⁵
1009 142 1245 199 Epitomes
1274 142 1589 187 Astronomiae

171 294 309 355 redit,
349 293 451 343 dies
490 294 695 342 transire
733 292 832 342 fere
869 293 1082 356 triginta,
1122 293 1192 341 sic
1230 295 1406 351 tamen,
1448 296 1501 339 ut
1540 290 1666 339 desit
1690 290 1805 340 huic
1842 306 2043 342 numero
2081 292 2231 356 paulo
2268 293 2428 340 minus

173 366 372 416 dimidio
412 366 521 414 diei.
597 365 785 428 Quodsi
822 371 1026 429 uterque
1066 378 1293 413 numerus
1333 369 1460 412 esset
1497 365 1759 428 praecisuS,
1798 366 1960 414 tricies
1997 366 2144 428 igitur
2175 367 2238 413 12
2267 371 2429 414 essent

177 442 295 489 360.
370 439 527 502 Igitur
576 437 806 488 zodiacus
845 440 893 486 in
933 437 1188 487 duodecim
1223 438 1444 499 praecise
1483 438 1624 499 signa
1659 441 1820 486 sectus
1859 444 1962 499 est,
2019 440 2211 501 signum
2250 439 2298 484 in
2338 438 2427 486 tri-

170 515 306 575 ginta
342 513 562 575 praecise
599 511 778 575 gradus
818 517 892 561 est
929 510 1250 569 subdivisum,
1292 514 1340 557 et
1376 514 1567 558 veteres
1609 510 1676 557 30
1714 509 1955 573 perfectos
1995 509 2099 560 dies
2136 525 2224 574 pro
2262 524 2428 560 mense
2519 561 2529 571 ,

176 585 466 634 habuerunt.

315 657 660 706 Duodenarius
699 657 894 720 quidem
932 669 1169 720 numerus
1199 655 1345 703 etiam
1384 653 1495 703 ideo
1535 660 1671 704 tanto
1711 656 2075 705 convenientior
2114 655 2317 705 zodiaco
2357 661 2431 705 est

177 731 333 792 visus,
387 729 519 792 quod
555 730 635 779 hic
673 730 878 780 circulus
929 730 1137 792 primum
1176 727 1239 776 ab
1277 733 1541 790 aequatore
1578 729 1628 775 in
1667 727 1790 777 duos
1827 729 2061 791 aequales
2101 728 2430 777 semicirculos

173 810 301 853 esset
339 799 549 863 divisus,
597 810 708 867 post
757 803 819 852 ab
860 803 952 850 hoc
991 807 1038 850 et
1075 816 1106 849 a
1145 799 1350 861 coluris,
1404 799 1559 861 altero
1597 815 1681 864 per
1718 802 1968 864 utriusque
2007 800 2150 865 polos
2187 799 2428 860 traducto,

171 878 220 923 in
260 882 473 940 quatuor
509 876 741 939 aequales
781 875 1088 938 quadrantes.
1163 872 1281 922 Jam
1320 887 1436 922 vero
1474 878 1677 922 naturae
1718 875 1949 923 instinctu
1997 873 2212 923 solemus
2250 889 2427 922 unam-

175 949 446 1013 quamlibet
484 950 807 1011 quantitatem
844 951 892 996 in
932 949 1025 996 tria
1063 946 1293 1007 dividere,
1336 947 1384 992 in
1425 947 1743 1011 principium,
1781 947 1994 996 medium
2032 953 2080 996 et
2116 947 2284 1006 finem,
2335 948 2429 996 tria

174 1036 290 1072 vero
331 1028 504 1086 quater
542 1027 655 1070 sunt
685 1021 956 1070 duodecim.
1033 1019 1171 1068 Alias
1209 1018 1493 1068 duodenarii
1521 1019 1891 1069 commoditates
1930 1019 2042 1069 vide
2067 1020 2188 1068 infra
2226 1018 2310 1069 lib.
2339 1019 2430 1068 111.

173 1102 222 1145 et
253 1096 357 1159 jam
395 1097 574 1144 statim.

318 1168 399 1217 Sic
435 1180 664 1216 numerus
704 1165 823 1226 360,
863 1165 958 1214 hoe
997 1170 1071 1214 est
1108 1163 1284 1214 divisio
1324 1164 1586 1227 cujuslibet
1622 1167 1748 1228 signi
1787 1167 1836 1213 in
1864 1166 1947 1226 30,
1988 1167 2135 1214 etiam
2172 1164 2283 1215 ideo
2319 1164 2432 1229 pla·

173 1242 296 1302 cuit,
349 1242 466 1304 quia
504 1254 612 1288 cum
650 1252 806 1286 annus
845 1238 1030 1287 Solaris
1067 1238 1250 1287 habeat
1288 1237 1391 1287 dies
1431 1238 1535 1286 365
1576 1238 1655 1287 vel
1697 1239 1828 1299 366,
1869 1253 2025 1287 annus
2066 1253 2181 1288 vero
2221 1238 2429 1287 Lunaris

99 1320 101 1323 '
173 1329 262 1363 seu
301 1313 557 1362 duodecim
594 1325 785 1360 menses
822 1310 1068 1361 naturales
1106 1311 1322 1360 habeant
1361 1310 1463 1359 dies
1504 1311 1607 1358 354
1646 1311 1728 1360 vel
1769 1312 1898 1372 355,
1933 1311 2039 1373 jam
2077 1311 2202 1361 inter
2241 1311 2346 1360 354
2383 1316 2430 1360 et

176 1388 278 1436 366
318 1387 530 1436 medium
567 1385 925 1434 arithmeticum
966 1389 1039 1434 est
1079 1385 1199 1445 360,
1238 1386 1309 1433 sic
1347 1385 1492 1433 etiam
1532 1386 1656 1434 inter
1695 1384 1797 1432 355
1838 1390 1888 1433 et
1927 1384 2045 1434 365.

316 1459 533 1523 Explica
584 1472 791 1507 causam
843 1458 1101 1507 divisionis
1154 1459 1551 1506 trecentenariae
1585 1460 1950 1520 seaeayenariae
1995 1463 2191 1506 natura
2241 1455 2431 1505 circuli.

172 1533 382 1597 Figurae
418 1533 602 1598 primae
642 1530 821 1581 circulo
859 1530 1151 1595 inscriptiles
1176 1531 1470 1593 geometrica
1509 1528 1909 1580 determinatione
1944 1537 2079 1579 sunt:
2120 1528 2430 1594 triangulum,

172 1605 588 1670 quadrangulum,
646 1604 1084 1668 quinquangulum.
1165 1602 1386 1653 Circulus
1430 1604 1580 1665 igitur
1627 1605 1919 1667 geometrice
1972 1602 2202 1651 dividuus
2258 1607 2332 1651 est
2382 1603 2430 1649 in

172 1682 289 1741 tria,
341 1684 574 1743 quatuor,
612 1679 843 1741 quinque.
919 1677 1036 1726 Jam
1075 1676 1348 1726 differentia
1382 1677 1555 1725 tertiae
1594 1684 1643 1726 et
1682 1673 1911 1739 quartae,
1965 1678 2176 1742 partium
2227 1675 2289 1724 ab
2332 1688 2431 1724 uno

172 1753 375 1802 termino
402 1754 718 1815 inceptarum,
760 1757 833 1800 est
870 1765 981 1814 pars
1009 1749 1326 1812 duodecima3
1365 1764 1451 1813 per
1487 1749 1577 1798 has
1603 1751 1752 1814 igitur
1790 1749 1912 1798 duas
1936 1749 2130 1813 figuras,
2169 1763 2255 1813 per
2279 1749 2433 1797 trian-

172 1825 341 1888 gulum
379 1839 445 1875 sc.
486 1832 534 1891 ει
573 1823 962 1887 quadrangulum
1002 1822 1211 1873 circulus
1249 1824 1298 1870 in
1351 1826 1414 1870 12
1452 1828 1616 1885 partes
1656 1829 1731 1872 est
1768 1822 2013 1872 dividuus.
2088 1822 2299 1870 Rursum
2338 1820 2435 1869 dif-
2520 1834 2539 1887 .‘·.

172 1900 376 1948 ferentia
412 1900 653 1962 partium,
706 1900 878 1947 tertiae
918 1903 967 1946 et
1004 1896 1209 1945 duarum
1247 1897 1525 1959 quintarum
1564 1902 1638 1944 est
1674 1910 1787 1958 pars
1845 1895 2176 1959 quindecima3
2231 1900 2434 1958 quartae

173 1986 289 2021 vero
328 1979 376 2022 et
414 1974 640 2035 quintae,
699 1977 773 2020 εει
808 1985 920 2035 pars
959 1971 1207 2019 vicesima.
1285 1969 1591 2033 Comparatis
1630 1982 1746 2017 vero
1785 1971 1910 2018 inter
1947 1983 1999 2018 se
2038 1969 2261 2033 partibus
2310 1968 2437 2015 duo·

174 2044 374 2107 decima,
416 2043 738 2108 quindecima,
778 2045 1028 2104 vicesima,
1071 2042 1341 2091 differentia
1367 2043 1503 2090 ‘inter
1539 2041 1680 2090 binas
1709 2049 1782 2091 est
1818 2057 1931 2107 pars
1957 2042 2277 2104 sexagesima.
2316 2040 2436 2090 Tres
2518 2037 2537 2101 'j'

172 2120 317 2182 igitur
352 2120 539 2183 primae
576 2117 759 2181 figurae
786 2117 1047 2181 regulares,
1086 2116 1379 2179 geometrice
1419 2113 1834 2175 demonstrabileS,
1876 2115 2051 2165 docent
2086 2113 2302 2163 dividere
2341 2114 2437 2163 cir·
2528 2127 2554 2162 ,-

176 2191 338 2241 culum
375 2193 425 2239 in
464 2197 629 2255 partes
676 2193 948 2255 sexaginta.
1025 2188 1348 2252 sexagesima
1403 2202 1518 2237 vero
1569 2190 1863 2251 geometrice
1901 2186 2088 2238 bisecta
2125 2188 2283 2251 gignit
2319 2199 2437 2236 cen·
2525 2252 2531 2263 ι

174 2267 576 2315 tumvicesimam.

1155 2346 1242 2391 Hic
1282 2346 1360 2391 AB
1401 2351 1472 2391 est
1510 2344 1691 2402 quinta,
1732 2344 1809 2390 AC
1841 2349 2024 2402 quarta,
2066 2357 2173 2400 ergo
2204 2342 2278 2388 BC
2317 2341 2435 2387 vice-

521 2405 602 2446 ¹³¹⁸·
626 2403 681 2438 3²·
1039 2412 1165 2457 sima.
1228 2411 1302 2457 Sic
1333 2425 1434 2457 cum
1465 2411 1525 2456 sit
1554 2411 1631 2456 AC
1663 2415 1846 2467 quarta,
1888 2411 1972 2455 AD
2013 2409 2172 2467 tertia,
2218 2422 2326 2466 ergo
2359 2408 2436 2454 CD
2514 2436 2519 2441 -
2549 2419 2554 2426 ··

1039 2482 1110 2523 εει
1156 2477 1436 2523 duodecima.
1498 2477 1574 2522 Sic
1621 2490 1723 2522 cum
1763 2478 1823 2523 sit
1860 2477 1943 2521 AD
1987 2475 2145 2532 tertia,
2192 2474 2276 2519 ΑΕ
2322 2473 2439 2520 duae
2522 2476 2554 2526 ,⁸

1037 2544 1234 2602 quintae,
1267 2557 1375 2601 ergo
1408 2544 1491 2588 DE
1525 2549 1596 2587 est
1626 2543 1926 2608 quindecima,
1959 2540 2214 2587 differentia
2243 2540 2436 2584 veroin·

1037 2617 1108 2655 ter
1149 2611 1224 2656 CD
1268 2610 1581 2656 duodecimam
1619 2616 1664 2653 et
1703 2609 1787 2653 DE
1831 2598 2186 2664 quindecimam,
2235 2606 2434 2662 itemque

1035 2677 1154 2725 inter
1181 2677 1301 2721 hanc
1332 2682 1378 2721 et
1407 2675 1483 2721 BC
1512 2675 1770 2721 vicesimam
1802 2679 1873 2718 est
1904 2671 2199 2729 sexagesima.

1183 2753 1359 2816 Itaque
1412 2752 1590 2802 divisio
1638 2754 1686 2799 in
1736 2752 1802 2799 60
1835 2755 1883 2799 ει
1920 2764 2065 2813 porro
2111 2750 2158 2798 in
2215 2749 2315 2798 120
2365 2753 2437 2797 est

1042 2826 1222 2874 circulo
1285 2825 1551 2888 naturalis,
1628 2824 1678 2872 id
1741 2828 1816 2873 est
1876 2822 2136 2872 rationalis
2201 2826 2250 2871 et
2311 2835 2435 2886 geo-

1041 2901 1256 2948 metrica.

1044 3059 1368 3118 metricarum,
1408 3062 1464 3105 ut
1489 3055 1590 3104 ulla
1613 3056 1714 3106 alia
1738 3071 1851 3120 pars
1889 3056 2086 3116 circuli,
2123 3060 2317 3120 praeter
2354 3061 2434 3105 to-

1044 3138 1162 3191 tum,
1202 3129 1470 3191 dimidium,
1499 3135 1737 3192 quartam,
1769 3135 2017 3189 octavam,
2047 3131 2164 3178 item
2194 3131 2431 3192 quintam,

1049 3203 1289 3253 decimam
1328 3209 1377 3253 et
1403 3208 1589 3253 ceteras
1626 3201 1799 3251 harum
1825 3201 2114 3265 subduplas,
2153 3203 2202 3249 in
2241 3203 2335 3250 tria
2361 3200 2438 3249 di-

1189 2985 1295 3033 Etsi
1344 2998 1460 3033 vero
1513 2989 1588 3032 est
1634 2989 1804 3033 contra
1849 2989 2078 3032 naturam
2118 2996 2276 3032 rerum
2314 2995 2438 3046 geo·
2489 2995 2499 2999 ·

180 3271 375 3331 vidatur
421 3276 597 3345 (neque
637 3281 766 3328 enim
802 3277 1136 3342 nonangulum
1175 3279 1224 3324 in
1264 3275 1445 3326 circulo
1486 3276 1656 3336 scribi,
1696 3275 1792 3324 hoc
1829 3280 1903 3323 est
1941 3275 2084 3323 tertia
2120 3289 2234 3338 pars
2274 3273 2440 3323 circuli

181 3353 475 3417 geometrice
514 3353 565 3398 in
602 3352 695 3399 tria
722 3351 875 3400 dividi
912 3357 1092 3415 potest,
1133 3364 1293 3414 neque
1330 3364 1444 3413 pars
1469 3354 1611 3399 sexta
1648 3362 1806 3411 neque
1839 3346 2143 3407 duodecima,
2182 3348 2251 3395 uti
2279 3360 2437 3409 neque

182 3427 372 3476 decima
409 3425 594 3487 quinta,
635 3425 891 3485 tricesima,
929 3424 1252 3487 sexagesima,
1293 3429 1486 3473 centum
1525 3429 1572 3471 et
1612 3418 1880 3481 vicesima),
1919 3419 2007 3469 sed
2045 3421 2234 3468 sistitur
2271 3419 2437 3469 circuli

184 3499 362 3549 divisio
387 3497 634 3546 continua
656 3497 922 3545 rationalis
961 3499 1010 3543 in
1047 3501 1241 3545 centum
1280 3502 1330 3546 et
1364 3496 1612 3556 vicesima,
1653 3496 1700 3542 in
1728 3507 1826 3556 qua
1849 3494 1974 3541 inest
2013 3492 2189 3542 divisio
2215 3493 2440 3555 quinaria

182 3570 347 3632 semel,
388 3571 599 3620 ternaria
635 3568 800 3629 semel,
842 3574 890 3618 et
925 3569 1117 3618 binaria
1149 3576 1243 3631 ter3
1282 3569 1395 3617 inde
1423 3582 1540 3618 vero
1579 3569 1863 3617 continuata
1886 3561 2094 3615 bisectio
2131 3571 2296 3629 partes
2323 3565 2440 3614 facit

183 3647 399 3709 priorum
444 3640 719 3704 subduplas
772 3643 821 3690 in
871 3641 1144 3706 infinitum,
1195 3648 1250 3691 ut
1289 3643 1409 3703 240,
1451 3642 1579 3703 480,
1624 3641 1754 3701 9603
1806 3634 1966 3701 neque
2006 3641 2106 3687 exit
2144 3638 2249 3687 ulla
2286 3638 2437 3687 sectio

183 3716 436 3767 rationalis
473 3714 676 3763 ulterius
715 3716 762 3761 in
803 3729 967 3763 earum
1007 3714 1287 3777 subtriplaS,
1327 3716 1397 3764 sic
1434 3720 1488 3763 ut
1525 3729 1586 3763 ex
1635 3714 1734 3761 120
1771 3710 1892 3760 fiant
1928 3712 2056 3759 360:
2098 3717 2260 3761 tamen
2300 3724 2435 3759 com·

185 3793 344 3840 munis
385 3787 686 3839 consuetudo
728 3786 978 3837 dividendi
1015 3787 1439 3849 unamquamlibet
1476 3798 1593 3836 rem*
1615 3786 1664 3832 in
1689 3786 1795 3844 tria,
1835 3783 1970 3832 nullo
1999 3783 2179 3846 circuli,
2218 3782 2303 3832 sed
2330 3783 2437 3832 solo

184 3862 504 3928 longitudinis
540 3866 781 3925 respectu,
822 3865 990 3926 regnat
1027 3860 1173 3910 etiam
1213 3859 1308 3922 hic,
1348 3866 1403 3910 ut
1439 3875 1553 3924 pars
1592 3858 1840 3922 quaelibet
1878 3862 2069 3907 centum
2109 3862 2157 3907 et
2200 3857 2434 3906 vicesima
