2554 4140
873 193 1013 241 Liber
1043 193 1225 242 Sextus.
1283 195 1396 241 Pars
1429 194 1617 253 Quarta.
2262 194 2368 246 475

110 343 340 407 aequatio
377 341 671 406 dispergitur
706 357 793 406 per
828 344 1156 394 semicirculos
1195 348 1340 406 totOS,
1380 347 1435 391 ut
1473 343 1536 391 sit
1573 346 1624 392 in
1663 342 1861 407 quadris
1886 342 2123 403 maxima,
2163 340 2258 389 ista
2288 354 2375 404 per

112 415 405 480 quadrantes
445 415 752 479 dispergitur,
794 421 1043 467 evanescit
1081 423 1181 467 tam
1219 419 1268 465 in
1308 416 1523 480 quadriS,
1565 431 1712 480 quam
1738 418 1787 464 in
1816 415 2025 479 copulis,
2058 415 2273 463 maxima
2300 418 2375 463 est

63 535 81 550 Α,
111 491 237 539 circa
276 493 512 538 octanteS.
588 490 636 536 4.
678 489 851 553 Itaque
889 499 1086 554 propter
1111 491 1245 540 illam
1286 496 1650 552 temporaneam
1679 490 1817 538 Luna
1842 489 1896 537 fit
1935 487 2084 538 semel
2123 489 2171 535 in
2208 501 2374 535 mense

111 562 264 623 tarda,
302 561 452 611 semel
493 559 664 623 velox,
717 568 768 610 at
805 571 1002 627 propter
1038 564 1165 613 hanc
1203 565 1278 612 bis
1317 563 1369 610 fit
1408 562 1574 623 tarda,
1616 562 1802 611 scilicet
1838 564 2132 624 inutraque
2173 559 2374 624 quadra,

110 635 185 684 bis
222 634 393 695 velox,
445 636 493 681 in
533 641 738 698 utraque
777 636 964 687 scilicet
1002 636 1207 701 copula;
1261 641 1309 685 ct
1356 641 1492 684 tanto
1534 635 1748 684 velocior
1786 636 1963 698 quovis
2001 635 2139 696 loce,
2190 638 2373 697 quanto

110 708 314 758 vicinior
351 708 393 756 is
434 713 508 756 est
546 707 750 770 copulis.

256 780 400 843 Quod
443 795 629 829 nomen
675 781 822 830 habet
858 782 1286 844 aequatiuncula,
1342 796 1473 844 quae
1505 795 1602 842 per
1639 779 1772 827 hanc
1811 780 2131 828 anomaliam
2170 778 2377 828 oritur?

109 853 278 918 Tycho
318 853 479 902 Brahe
529 855 754 902 inventor
806 856 1227 903 variationem
1276 854 1410 902 dixit.
1488 853 1545 901 Id
1597 867 1774 901 nomen
1814 852 1899 901 illa
1936 853 2170 911 retineto,
2222 858 2277 900 ut
2316 866 2376 900 ex

109 929 216 990 ipsa
252 927 463 975 nominis
514 929 858 990 praerogativa
905 927 1275 987 admoneamur,
1329 927 1464 975 illam
1516 925 1655 975 aliter
1707 926 1819 974 oriri
1871 940 2018 988 quam
2057 926 2376 987 aequationes

109 1000 343 1049 hactenus
383 998 563 1060 dictas,
614 1015 721 1048 esse
769 1000 957 1050 scilicet
995 1001 1222 1050 accidens
1260 1006 1422 1049 motus
1462 999 1639 1061 medii,
1694 1013 1837 1062 quem
1893 1000 2048 1047 variet
2086 1000 2233 1047 etiam
2272 998 2376 1046 sine

111 1074 484 1123 eccentricitatis
525 1087 688 1136 opera.

258 1161 392 1225 Quid
427 1167 497 1209 est
533 1160 795 1209 variatio?
846 1159 934 1207 Est
973 1158 1181 1222 angulus
1221 1159 1599 1223 comprehensus
1639 1160 1763 1207 inter
1803 1159 1925 1207 duas
1963 1140 2118 1207 lineas
2159 1173 2217 1207 ex
2257 1171 2373 1206 cen-

111 1239 182 1284 tro
232 1233 438 1294 Terrae,
499 1233 594 1282 loci
654 1233 822 1281 Lunae
874 1247 1024 1296 prope
1075 1234 1174 1280 veri
1228 1240 1275 1281 et
1332 1235 1434 1282 veri
1492 1231 1804 1296 absolutique
1853 1231 2063 1289 indices}
2119 1231 2206 1280 sed
2261 1231 2378 1293 quia

71 1306 337 1367 ·viantdae
374 1307 685 1372 ,confusionis
737 1321 885 1354 causa
936 1320 1031 1354 non
1082 1308 1346 1369 pinguntur
1395 1308 1519 1354 istae
1569 1305 1728 1355 lineae
1780 1307 1828 1354 in
1873 1305 2144 1365 schemate,
2198 1306 2377 1352 rectius

109 1382 253 1445 igitur
291 1379 516 1429 definitur
554 1380 763 1428 variatio
802 1394 860 1427 ex
901 1393 1050 1427 causa
1089 1394 1192 1439 sua,
1235 1378 1367 1442 quod
1393 1381 1456 1428 sit
1495 1380 1830 1441 promotionis,
1872 1374 1998 1441 quae
2038 1378 2091 1426 fit
2125 1393 2155 1427 a
2178 1378 2376 1438 lumine,

110 1454 378 1517 inaequalis
427 1460 474 1502 et
523 1453 667 1502 realis
720 1467 946 1501 excessus
995 1467 1140 1515 super
1179 1452 1438 1516 aequalem
1489 1467 1575 1500 seu
1615 1452 1792 1501 fictam.
1869 1451 1966 1502 Ubi
2008 1466 2128 1500 voce
2166 1465 2379 1514 promo-

79 1526 258 1579 tionis
296 1527 610 1589 intelligimus
650 1527 876 1576 effectum
913 1527 960 1573 in
999 1525 1234 1589 gradibus
1274 1533 1321 1575 et
1360 1525 1600 1589 scrupulis
1641 1526 1965 1590 elongationis
1999 1524 2169 1574 Lunae
2209 1540 2238 1572 a
2264 1523 2380 1573 Sole

109 1615 258 1667 prope
298 1615 462 1650 verae.

249 1689 387 1738 Doce
439 1689 669 1736 invenire
731 1689 1070 1737 variationem
1132 1690 1450 1750 9eometrice,
1511 1687 1787 1736 secundum
1849 1687 2113 1748 principia
2173 1685 2380 1748 physica

109 1763 235 1815 libro
289 1761 387 1811 IV.
424 1762 514 1825 fol.
551 1761 669 1808 364.
725 1766 771 1808 et
813 1776 943 1823 seqq.
997 1761 1206 1810 tradita.
1284 1761 1337 1809 Si
1377 1776 1437 1810 cx
1476 1767 1640 1809 centro
1681 1760 1888 1821 Terrae,
1941 1757 2200 1808 intervallo
2252 1771 2379 1821 quo-

110 1850 323 1899 cunque,
374 1833 676 1884 describatur
725 1833 994 1896 quadrans,
1050 1835 1271 1897 inceptus
1328 1850 1357 1883 a
1400 1835 1532 1883 linea
1585 1834 1868 1897 copularum
1918 1838 1965 1882 et
2004 1824 2255 1881 traductus
2295 1845 2381 1894 per

110 1908 287 1958 lineam
325 1908 420 1957 loci
459 1907 629 1955 Lunae
663 1922 815 1969 prope
857 1908 984 1968 veri,
1038 1913 1085 1956 et
1132 1909 1179 1955 in
1233 1921 1290 1955 eo
1332 1907 1599 1970 quadrante
1638 1905 2001 1969 rectangulum,
2057 1907 2183 1954 circa
2221 1903 2380 1953 lineae

113 1981 227 2032 dicti
263 1981 359 2030 loci
384 1981 555 2029 Lunae
582 1980 870 2043 particulam
909 1986 1160 2040 resectam,
1199 1986 1254 2028 ut
1293 1982 1419 2029 circa
1446 1980 1737 2043 diagonion:
1779 1994 1892 2029 area
1918 1977 2187 2041 rectanguli
2216 1977 2379 2040 hujus,

113 2055 307 2106 redacta
345 2057 391 2102 in
431 2053 686 2116 scrupula,
728 2053 944 2116 qualium
984 2053 1319 2116 rectangulum
1359 2055 1622 2102 maximum
1666 2054 1799 2102 valet
1841 2054 1927 2101 40‘
1969 2054 2074 2101 30“
2113 2051 2380 2100 secundum

113 2128 393 2194 Tychonem
440 2126 542 2191 (vel
583 2128 668 2175 51¹
707 2126 972 2178 secundum
1011 2129 1224 2175 rationes
1274 2127 1381 2175 libri
1422 2125 1555 2192 1V.),
1607 2126 1780 2191 prodet
1818 2127 2036 2175 valorem
2074 2125 2379 2186 variationis,

114 2203 428 2267 competentis
468 2202 719 2265 proposito
761 2200 870 2248 loco
912 2200 1082 2250 Lunae
1120 2215 1273 2264 prope
1314 2214 1447 2249 vero,

262 2287 313 2330 In
345 2285 574 2330 schemate
608 2284 680 2330 89.
713 2284 772 2328 sit
802 2288 957 2328 centro
991 2285 1158 2330 Terrae
1188 2284 1230 2328 A
1261 2283 1518 2341 descriptus
1550 2281 1775 2341 quadrans
1796 2284 1879 2328 EY
1908 2297 1935 2328 a
1964 2282 2086 2326 linea
2118 2279 2382 2337 copularum

114 2343 197 2397 HA
234 2363 316 2408 per
356 2351 523 2395 lineam
562 2349 651 2394 loci
681 2350 839 2394 Lunae
871 2351 972 2407 AL,
1017 2363 1134 2407 quae
1173 2349 1308 2395 debet
1341 2363 1495 2395 secare
1528 2350 1824 2407 quadrantem
1856 2349 1902 2393 in
1933 2349 1999 2405 R,
2044 2347 2103 2392 sit
2134 2347 2254 2392 circa
2285 2345 2382 2399 AR,

116 2414 451 2473 utdiagonion,
486 2416 799 2472 rectangulum
831 2413 923 2474 CX,
959 2417 1044 2462 erit
1074 2431 1180 2462 area
1212 2417 1288 2461 CX
1317 2430 1531 2462 mensura
1562 2416 1846 2469 variationis,
1887 2428 2003 2472 quae
2035 2411 2252 2470 competit
2281 2409 2382 2455 loco

113 2481 268 2527 Lunae
296 2494 440 2539 prope
470 2494 592 2539 vero,
624 2495 706 2539 per
736 2481 902 2527 lineam
934 2483 1015 2527 AL
1046 2483 1261 2529 indicato.

193 2600 198 2606 .
254 2557 366 2608 Hoc
402 2566 546 2623 pacto
587 2558 830 2621 circelluS,
885 2563 969 2623 qui
1022 2576 1051 2608 a
1092 2566 1255 2613 centro
1309 2560 1564 2609 eccentrici
1606 2559 1644 2607 B
1687 2559 1813 2607 circa
1860 2562 2078 2606 centrum
2117 2555 2297 2604 Terrae
2339 2554 2382 2602 A

117 2629 422 2693 describitur,
471 2647 634 2681 aream
673 2647 839 2694 suam,
894 2648 1020 2696 quae
1060 2635 1194 2698 prius
1233 2634 1481 2683 serviebat
1521 2632 1803 2695 aequationi
1843 2635 2121 2679 menstruae
2169 2628 2382 2695 fermen-

115 2704 314 2766 tandae,
356 2720 484 2754 nunc
523 2708 669 2755 etiam
710 2708 972 2755 variationi
1012 2707 1344 2770 expediendae
1385 2705 1748 2764 accommodat,
1803 2710 1856 2752 ut
1893 2717 1989 2752 non
2031 2717 2154 2765 opus
2193 2701 2382 2750 habea-

116 2791 221 2827 mus
266 2785 504 2842 apparatu
557 2779 746 2841 majori.
838 2778 903 2827 At
953 2780 1220 2829 secundum
1275 2779 1560 2844 Tychonem
1615 2778 1776 2826 Brahe
1829 2792 1888 2825 ex
1945 2776 2055 2824 loco
2105 2775 2274 2823 Lunae
2332 2775 2380 2821 in

117 2849 339 2915 ecliptica
375 2866 526 2915 prope
563 2866 676 2900 vero
716 2852 999 2901 scribendus
1027 2860 1100 2902 est
1137 2855 1184 2900 in
1212 2853 1468 2916 superficie
1507 2852 1712 2900 fixarum
1740 2849 1976 2909 circelluS,
2017 2847 2380 2897 semidiametro

118 2923 203 2972 40⁴
241 2925 369 2986 30“;
410 2925 515 2987 ejus
555 2925 646 2972 sub
685 2925 911 2988 ecliptica
949 2932 1119 2975 tensae
1146 2926 1402 2989 particula,
1442 2925 1741 2989 respondens
1783 2925 1909 2971 sinui
1937 2922 2214 2985 duplicatae
2242 2920 2382 2970 elon-

117 2998 324 3060 gationis
363 3012 513 3060 prope
553 3012 699 3047 verae
738 2997 908 3047 Lunae
948 3014 977 3047 a
1017 2999 1146 3061 Sole,
1189 3001 1278 3048 erit
1318 3000 1526 3047 variatio
1567 3002 1861 3061 competens.

260 3088 391 3147 Quia
435 3086 562 3134 libro
613 3087 669 3134 V.
710 3100 953 3148 suspensa
996 3087 1100 3150 fuit
1147 3087 1510 3136 demonstratio
1564 3086 1985 3149 aequipollentiae
2031 3084 2183 3144 pla-ni
2229 3083 2382 3143 hujus

122 3170 234 3217 cum
272 3161 436 3207 causis
469 3160 703 3222 physicis,
745 3160 872 3208 libro
915 3157 1013 3207 JV.
1057 3160 1387 3220 introductis,
1429 3159 1606 3221 expedi
1644 3160 1786 3207 illam
1827 3158 1920 3206 hic.
1997 3156 2245 3205 Memento
2284 3156 2382 3218 igi-

120 3233 218 3291 tur,
269 3230 361 3280 boc
398 3246 505 3281 esse
543 3233 755 3295 positum
803 3230 926 3279 libro
967 3231 1068 3292 IV,
1122 3232 1253 3294 quod
1305 3233 1467 3281 lumen
1508 3230 1638 3280 Solis
1677 3230 1880 3294 adjuvet
1917 3232 2131 3293 speciem
2157 3227 2381 3278 Telluris

119 3304 362 3353 uictricem
400 3306 446 3352 in
486 3307 799 3368 proportione
840 3302 1086 3366 duplicata
1125 3305 1246 3367 ejuS,
1289 3320 1435 3367 quam
1476 3310 1639 3352 tenent
1679 3305 1814 3351 sinus
1841 3302 2181 3367 complementi
2221 3317 2382 3366 angu-

120 3369 289 3435 lorum,
331 3379 509 3440 quibus
549 3377 855 3441 applicantur
894 3377 1101 3425 invicem
1142 3379 1330 3439 species
1370 3377 1566 3440 luminis
1602 3376 1747 3437 Solis,
1788 3382 1842 3424 ut
1880 3376 2160 3440 superficies
2199 3376 2381 3439 sphae-

121 3445 220 3569 ξω
264 3448 508 3500 luminosa
549 3454 675 3500 circa
714 3449 878 3499 Solem
918 3455 1085 3510 tensa,
1137 3456 1185 3498 et
1229 3451 1416 3513 species
1452 3449 1708 3512 sphaerica
1754 3452 1968 3513 corporis
2006 3449 2215 3500 Telluris
2255 3452 2382 3499 circa

166 3520 360 3572 cllurem
401 3532 553 3573 tensa.

262 3605 324 3651 Ut
354 3607 459 3662 quia
488 3607 534 3652 in
566 3607 607 3651 H
641 3605 805 3663 copula
836 3604 1030 3660 angulus
1063 3610 1132 3649 est
1161 3603 1333 3661 nullus,
1365 3618 1516 3650 merus
1549 3605 1721 3651 scilicet
1753 3610 1988 3653 contactus
2014 3604 2266 3664 specierum
2289 3621 2380 3652 mo-

39 3710 42 3717 .
122 3668 326 3727 nntium,
358 3671 510 3729 anguli
542 3685 647 3717 vero
678 3675 728 3718 Ο0
759 3670 1138 3726 complementum
1173 3675 1241 3712 est
1274 3670 1372 3725 90⁰,
1421 3666 1560 3725 quare
1594 3671 1718 3717 sinus
1750 3672 1831 3717 EA
1863 3687 1995 3718 arcus
2029 3674 2132 3730 EY,
2167 3675 2266 3729 90⁰,
2310 3679 2380 3718 est

39 3755 47 3795 ’ὗ
124 3742 329 3781 mensura
371 3737 617 3794 adjumenti
657 3754 683 3784 a
722 3737 889 3782 lumine
928 3736 973 3779 in
1014 3735 1068 3778 11.
1129 3734 1336 3779 Vicissim
1377 3735 1422 3780 in
1453 3735 1473 3779 I
1506 3735 1783 3792 quadratura
1823 3740 2073 3796 specierum
2116 3740 2379 3796 superficies

40 3799 45 3823 s
125 3803 275 3844 flecant
304 3814 352 3847 se
391 3803 448 3849 ad
478 3810 649 3862 rectos,
690 3805 804 3849 recti
836 3815 939 3846 vero
981 3814 1058 3845 seu
1092 3801 1172 3846 90⁰
1203 3801 1577 3858 complementum
1609 3809 1679 3849 est
1711 3806 1780 3862 0⁰,-
1824 3819 1969 3862 eoque
2012 3812 2057 3850 et
2088 3805 2212 3849 sinus
2245 3804 2379 3861 huJus

41 3894 43 3908 .
127 3867 196 3908 ent
222 3865 352 3911 nihil:
396 3867 566 3914 nullum
608 3869 745 3926 igitur
784 3872 933 3912 motus
976 3866 1284 3922 adjumentum
1328 3882 1355 3911 a
1392 3868 1557 3912 lumine
1591 3869 1705 3914 Solis
1747 3872 1884 3919 sentit
1914 3874 2046 3917 Luna
2086 3873 2131 3915 in
2162 3871 2183 3914 I
2213 3869 2376 3926 posita.

128 3924 190 3972 nt
216 3929 261 3975 in
291 3930 343 3988 L,
374 3933 523 3988 posito
555 3935 676 3991 quod
708 3933 934 3989 elongatio
966 3932 1088 3977 HAL
1121 3933 1190 3978 vel
1223 3934 1350 3978 EAR
1382 3935 1502 3990 (quia
1532 3936 1612 3981 AL
1645 3942 1690 3980 et
1712 3937 1796 3983 AR
1826 3937 1994 3983 debent
2018 3950 2118 3981 esse
2150 3949 2239 3980 una
2261 3935 2380 3980 linea
