2554 4140
790 177 794 182 ⁵
844 107 980 155 Liber
1007 107 1197 154 Primus.
1257 107 1370 153 Pars
1401 107 1581 164 Quinta.
2237 112 2334 161 169

106 257 374 309 credibilius
422 263 517 318 est,
569 262 714 319 caput
759 256 968 306 hominis
1007 255 1222 305 converti
1270 256 1318 301 in
1357 253 1623 315 auditorio,
1675 271 1820 320 quam
1869 257 2161 306 auditorium
2210 255 2343 304 volvi

106 335 234 380 circa
271 335 416 393 caput
456 324 664 377 hominis
700 329 960 387 immobile,
1000 330 1069 378 sic
1108 327 1382 377 credibilius
1421 331 1494 375 cst
1529 328 1696 388 etiam,
1738 330 1933 379 Terram
1971 331 2118 378 rotari
2157 330 2220 378 ab
2259 342 2344 377 oc-

104 418 222 453 casu
257 405 307 450 in
352 408 531 462 ortum,
574 416 720 464 quam
758 403 1034 451 universam
1068 401 1308 463 reliquam
1345 399 1511 448 mundi
1549 400 1819 450 machinam
1860 404 1922 452 ab
1962 409 2069 452 ortu
2106 404 2157 450 in
2197 415 2341 451 ocea-

32 516 38 524 .
103 490 225 535 sum,
264 488 375 522 cum
412 474 582 523 eadem
620 477 844 536 utrinque
882 481 1160 537 sequantur.

243 546 298 595 Si
332 548 514 609 primus
550 553 711 595 motus
748 549 874 596 inest
910 547 1201 596 coelestibus
1240 545 1438 593 orbibus
1452 579 1464 605 ,
1517 542 1631 592 tiinc
1670 544 1826 594 eidem
1867 546 2088 608 subJecto
2130 546 2225 595 duo
2266 547 2344 602 iu-

103 625 215 669 sunt
239 625 415 679 metue,
454 633 578 668 unus
604 622 871 686 commpnis
897 620 1113 683 sphaeris
1142 612 1378 678 omnibus,
1416 616 1538 666 alter
1573 619 1794 679 proprius
1822 618 2056 680 cujusque
2080 619 2338 682 sphaerae3

103 697 155 740 at
190 691 343 739 multo
391 692 699 741 verisimilius
738 698 838 753 est,
887 698 1071 741 motum
1117 693 1323 754 primum
1377 695 1425 738 et
1461 695 1620 738 motus
1658 689 1897 739 secundos
1951 691 2200 740 distinctos
2239 706 2346 740 esse

103 763 357 826 subjectis,
400 771 454 812 ut
489 765 712 827 secundi,
762 766 843 828 qui
882 762 1043 828 plures
1080 770 1220 823 sunt,
1271 764 1418 811 insint
1454 777 1570 811 suae
1611 764 1815 825 quisque
1853 763 2112 825 sphaerae,
2164 765 2345 826 primus

104 849 234 896 vern,
274 838 357 898 qui
386 839 556 886 unicus
592 844 679 898 est,
721 840 836 886 insit
876 840 1022 886 etiam
1056 838 1200 885 unico
1239 837 1426 898 corpori
1462 834 1691 896 Telluris,
1735 842 1782 884 ct
1820 835 2014 898 quidem
2053 837 2156 898 ipse
2195 837 2344 897 solus,

102 914 325 971 respectu
363 910 559 971 quidem
597 925 715 959 suae
740 911 953 970 formae,
1009 923 1133 972 quae
1173 908 1397 957 definitur
1434 922 1524 956 axe
1577 913 1625 957 et
1660 908 1785 971 polis
1824 909 1959 956 velut
1995 909 2346 970 immobilibus3

103 989 204 1028 ῐιοῐιε
237 982 475 1043 obstante,
517 983 647 1045 quod
686 984 808 1031 intra
833 985 879 1030 in
922 983 1139 1030 doctrina
1164 981 1380 1030 theorica
1418 979 1615 1030 accedet
1639 982 1734 1044 ipsi
1772 982 1917 1029 etiam
1945 982 2085 1041 aliuS,
2125 987 2346 1043 respectu

101 1053 245 1116 longe
283 1054 396 1115 alio,
440 1062 495 1103 ut
532 1070 628 1118 quo
667 1071 765 1104 una
802 1069 910 1104 cum
949 1068 1146 1117 corpore
1186 1055 1331 1102 etiam
1371 1055 1491 1114 axis,
1530 1054 1632 1115 poli
1672 1060 1719 1102 et
1757 1059 1970 1102 centrum
2006 1055 2345 1103 movebuntur.

249 1129 620 1189 Aryumentum
660 1129 848 1189 colliyit
885 1134 1087 1176 tantum
1125 1126 1625 1188 verisimilitudinem,
1666 1127 1953 1175 demonstra
1996 1129 2343 1176 necessitatem.

102 1199 289 1246 Motum
349 1200 563 1262 aliquem
632 1202 937 1264 contingere,
1001 1198 1128 1248 oculi
1184 1201 1288 1247 sine
1345 1212 1502 1247 errore
1566 1204 1818 1250 testantur.
1908 1200 1957 1248 Is
2014 1202 2056 1248 si
2113 1201 2348 1262 contingit

103 1273 378 1334 quiescente
417 1273 590 1328 Terra,
642 1279 746 1322 tota
781 1275 926 1336 igitur
963 1272 1148 1334 reliqua
1186 1270 1351 1340 mundi
1390 1270 1614 1321 machina
1653 1273 1957 1335 volveretur3
2014 1274 2209 1331 tertium
2248 1286 2344 1320 non

105 1345 247 1392 datur
286 1352 455 1407 estque
505 1346 599 1395 hoc
637 1352 772 1395 extra
811 1348 1201 1394 controversiam.
1279 1344 1430 1406 Atqui
1468 1358 1563 1392 non
1603 1350 1786 1407 potest„
1813 1347 2000 1395 moveri
2038 1352 2142 1395 tota
2179 1345 2346 1393 mundi

101 1417 325 1466 machina
362 1426 497 1467 motu
535 1419 720 1481 diurno,
762 1420 1041 1482 quiescente
1079 1418 1185 1466 sola
1214 1417 1378 1479 Terra,
1419 1431 1533 1480 ergo
1572 1431 1771 1468 necesse
1811 1424 1898 1481 est,
1940 1419 2137 1468 Terram
2163 1420 2347 1468 moveri

103 1496 239 1539 motu
278 1490 465 1539 diurno.

250 1563 422 1626 Quare
446 1579 553 1612 non
576 1570 733 1627 potest
767 1565 960 1611 moveri
985 1569 1090 1611 tota
1125 1563 1307 1611 mundi
1331 1562 1607 1612 machina?
1645 1562 1859 1612 Mundus
1885 1570 1970 1613 aut
2003 1570 2081 1634 *est
2116 1564 2344 1624 infinituS,

103 1642 189 1684 aut
223 1635 401 1684 finitus.
478 1637 595 1685 Esto
632 1638 839 1699 primum
889 1636 1032 1693 illud,
1086 1636 1349 1684 secundum
1388 1635 1617 1685 Gulielmi
1659 1635 1865 1686 Gilberti
1915 1639 2217 1700 opinionem,
2264 1640 2346 1700 qui

101 1714 267 1770 putat,
324 1709 416 1757 Dei
455 1711 853 1772 omnipotentiam
891 1710 938 1755 in
976 1709 1069 1763 hoc
1106 1708 1364 1771 illustrari,
1417 1711 1459 1758 si
1509 1709 1742 1758 mundum
1794 1716 2059 1758 extrorsum
2109 1710 2346 1758 infinitum

102 1787 313 1842 statuat,
365 1787 420 1830 ut
457 1796 517 1831 ex
554 1781 768 1830 infinitae
810 1783 1093 1843 quantitatis
1115 1788 1352 1831 creatura
1388 1784 1607 1845 potentia
1646 1785 1874 1831 creatoris
1912 1783 2098 1831 infinita
2138 1797 2346 1847 cognos-

102 1860 252 1902 catur.
329 1854 435 1902 Etsi
474 1869 587 1903 vero
624 1855 861 1903 refutatus
893 1861 973 1910 ‚est
1010 1869 1156 1917 supra
1192 1855 1540 1918 metaphysicis
1579 1858 1900 1918 argumentis,
1949 1871 2007 1905 ex
2047 1858 2346 1905 astronomia

101 1933 277 1987 tamen,
318 1929 397 1974 cui
435 1928 496 1976 ob
534 1942 765 1976 sensuum
802 1927 1097 1976 evidentiam
1122 1927 1232 1990 plus
1269 1928 1423 1976 fidunt
1446 1928 1680 1989 homines,
1723 1943 1868 1991 quam
1893 1930 2344 1978 ratiocinationibus

102 2015 133 2048 a
183 2014 329 2048 sensu
377 2002 739 2065 remotissimis,
790 2000 911 2048 nihil
961 2000 1024 2048 ad
1073 2001 1431 2063 coarguendum
1483 2001 1619 2050 illum
1672 2000 1887 2065 depromi
1926 2005 2099 2064 potnit.
2177 2002 2346 2051 Posito

103 2087 218 2122 vero
267 2073 448 2121 mundo
500 2080 770 2123 extrorsum
818 2073 1029 2132 infinito,
1079 2074 1429 2123 demonstravit
1476 2073 1790 2136 Aristoteles,
1837 2077 2022 2124 moveri
2067 2074 2201 2123 illum
2251 2090 2347 2124 non

102 2159 246 2208 posse
283 2152 419 2194 motu
458 2148 816 2196 convolutionis
853 2153 1023 2207 totum,
1063 2153 1303 2209 quatenus
1340 2152 1488 2196 totuS.

245 2218 363 2267 Esto
410 2219 513 2281 jam
562 2220 726 2268 finitus
778 2219 1010 2268 mundus:
1064 2226 1199 2268 extra
1236 2220 1467 2268 mundum
1504 2222 1652 2283 igitur
1687 2219 1808 2268 nihil
1846 2226 1942 2281 est,
2000 2220 2130 2284 quod
2168 2220 2347 2270 mundo

101 2297 319 2353 praestet
354 2291 542 2352 locum,
590 2295 749 2357 ipsum
787 2307 902 2342 vero
942 2294 1175 2355 quiescat.
1251 2291 1349 2342 Ubi
1388 2307 1503 2343 vero
1541 2294 1662 2342 nihil
1704 2300 1776 2343 est
1815 2293 1945 2357 quod
1985 2295 2230 2357 quiescat,
2280 2295 2349 2343 ibi

102 2371 264 2412 motus
302 2364 466 2413 nullus
503 2372 593 2414 est.
667 2366 791 2414 Nam
834 2363 883 2432 1)
921 2371 1082 2414 motus
1121 2371 1194 2414 est
1231 2368 1473 2431 separatio
1513 2367 1733 2428 mobilis,
1775 2373 2013 2429 quatenus
2053 2367 2247 2428 mobile,
2289 2367 2346 2416 de

102 2436 211 2485 loco
263 2452 352 2486 suo
401 2444 449 2486 et
499 2438 751 2488 translatio
803 2441 850 2486 in
899 2438 1060 2488 locum
1098 2438 1261 2487 alium.
1338 2440 1390 2501 2)
1436 2439 1494 2487 In
1531 2442 1692 2504 specie
1729 2446 1891 2489 motus
1930 2440 2183 2490 machinae
2225 2441 2349 2490 circa

103 2524 245 2559 axem
269 2516 317 2558 et
342 2509 480 2574 polos
519 2514 821 2573 quiescentes
848 2526 942 2559 non
970 2517 1130 2576 potest
1167 2512 1404 2575 intelligi,-
1427 2513 1511 2561 ubi
1549 2513 1669 2561 nihil
1694 2519 1780 2575 est,
1823 2514 1961 2576 cujus
1987 2519 2208 2578 respectu
2246 2513 2348 2577 poli

105 2584 354 2644 quiescere
392 2582 739 2647 intelligantur.
813 2586 937 2633 Nam
987 2587 1035 2632 in
1075 2588 1392 2634 conversione
1431 2585 1625 2648 quidem
1664 2587 1897 2649 sphaerae
1945 2586 2045 2651 poli
2083 2588 2188 2650 ers
2227 2585 2348 2634 hae-

104 2661 210 2704 rent
254 2658 303 2702 in
351 2656 617 2706 meridiano
664 2658 927 2719 immobili,
984 2658 1278 2708 meridianus
1329 2660 1522 2708 innixus
1573 2665 1646 2708 est
1696 2659 1934 2708 horizonti
1990 2665 2037 2708 et
2073 2659 2208 2723 pedi,
2261 2674 2346 2722 pes

105 2743 322 2788 mensae,
375 2744 545 2777 mensa
583 2730 785 2792 Terrae3
820 2730 890 2779 'at
929 2737 1063 2780 extra
1101 2731 1268 2779 mundi
1306 2732 1579 2781 machinam
1616 2732 1737 2780 nihil
1777 2739 1873 2792 est,
1927 2731 2057 2794 quod
2094 2731 2347 2781 meridiani

107 2802 400 2864 quiescentis
437 2803 675 2852 rationem
714 2803 908 2853 habeat.
986 2803 1129 2866 Quod
1167 2806 1312 2867 igitur
1364 2806 1410 2852 in
1451 2805 1699 2854 intellectu
1735 2805 1897 2854 locum
1933 2820 2030 2853 non
2070 2805 2245 2866 habet,
2298 2805 2345 2852 id

105 2887 165 2923 ne
217 2874 320 2923 fieri
365 2874 558 2937 quidem
604 2883 766 2939 potest
812 2878 862 2924 in
915 2876 990 2925 his
1042 2878 1184 2926 rebus
1222 2880 1488 2939 geometria
1528 2879 1944 2942 participantibus.
2025 2874 2076 2942 3)
2122 2877 2229 2927 Non
2269 2879 2347 2925 in-
2423 2873 2426 2877 ’

0 2998 38 3022 v.
100 2946 229 3008 juria
266 2954 315 2996 et
351 2947 473 2995 illud
512 2951 699 3010 quaerit
737 2949 1042 3011 Maestlinus,
1084 2950 1330 3013 quomodo
1368 2951 1470 2999 fieri
1509 2952 1694 3014 possit,
1751 2957 1804 2998 ut
1841 2956 1944 2999 toto
1984 2950 2149 2999 mundi
2187 2957 2348 3014 syste-

106 3026 233 3069 mate
270 3022 649 3082 circumagitato‚
691 3022 824 3070 nullo
864 3023 969 3085 ejus
1009 3023 1140 3083 orbe,
1180 3037 1274 3070 non
1315 3023 1683 3087 ignis·sphaera
1724 3025 1783 3086 (si
1822 3038 1920 3086 qua
1946 3023 2048 3087 sit),
2088 3038 2183 3073 non
2224 3025 2348 3072 ac'ris

104 3094 299 3156 regione
337 3096 582 3157 superiore
622 3097 864 3158 exceptis,
914 3095 991 3143 hic
1029 3097 1198 3143 unicus
1237 3095 1490 3158 globulus,
1542 3095 1679 3157 cujus
1732 3096 1964 3145 diameter
2002 3098 2158 3146 minor
2196 3098 2346 3146 vicies

106 3163 363 3214 millesima
407 3174 543 3231 parte
597 3167 815 3215 diametri
864 3167 1050 3228 mundi,
1105 3182 1198 3216 non
1247 3182 1345 3216 una
1394 3169 1824 3232 circumrapiatur‘?
1858 3165 1917 3232 ι5)
1977 3168 2128 3232 Cujus
2178 3170 2347 3232 objec-

110 3238 255 3302 tionis
292 3241 366 3288 vis
406 3247 520 3288 tunc
557 3243 765 3289 maxime
822 3239 1069 3299 elucescit,
1122 3255 1229 3289 cum
1281 3254 1378 3287 una
1415 3242 1561 3288 etiam
1613 3241 1670 3289 de
1710 3242 1880 3291 mediis
1919 3256 2007 3291 seu
2045 3242 2347 3291 adminiculis

111 3313 375 3372 quaeritur,
430 3314 607 3375 quibus
645 3312 874 3375 globulus
922 3314 1011 3361 iste
1048 3312 1209 3361 locum
1247 3326 1389 3360 suum
1428 3314 1475 3360 in
1515 3319 1676 3363 centro
1730 3315 1898 3363 mundi
1948 3320 2164 3377 tueatur,
2218 3315 2353 3382 quod⁸

109 3385 414 3446 consequitur
452 3386 660 3435 Telluris
700 3388 925 3448 quietem,
967 3384 1024 3433 (le
1065 3399 1160 3446 qua
1198 3401 1247 3434 re
1287 3391 1447 3433 actum
1488 3392 1622 3448 parte
1662 3395 1849 3449 quarta.

254 3459 534 3507 Aristoteles
568 3465 736 3522 putat,
782 3459 1008 3521 sufficere
1046 3460 1257 3518 quietem
1295 3459 1551 3507 emilissimi
1595 3463 1876 3523 corpusculi
1923 3464 1981 3509 iu
2020 3468 2187 3510 centro
2198 3498 2214 3522 ,
2266 3477 2346 3509 re-

109 3533 273 3590 spectu
316 3532 460 3591 cujus
496 3534 784 3593 quiescentis
832 3538 878 3578 et
914 3531 1308 3592 intelliqatur‘et
1340 3532 1432 3593 slat
1477 3538 1643 3581 motus
1681 3535 2027 3594 circumjectae
2064 3535 2343 3595 machinae,

111 3605 157 3647 et
191 3604 272 3649 cui
307 3603 388 3653 ille
424 3611 587 3653 motus
623 3607 890 3652 innitatur.
966 3603 1072 3650 Non
1126 3603 1301 3651 sufficit
1353 3605 1490 3666 quies
1529 3605 1738 3654 Telluris
1786 3609 1832 3654 in
1874 3613 2052 3656 centro.
2128 3607 2340 3656 Primum

113 3673 254 3734 cuim,
290 3677 379 3724 etsi
416 3678 658 3739 separatio
698 3683 812 3726 tunc
850 3672 1250 3725 animadvertitur
1287 3675 1496 3726 siderum
1535 3694 1565 3727 a
1595 3679 1829 3741 subjectis
1868 3681 1962 3729 sibi
1989 3680 2193 3728 Telluris
2230 3695 2343 3743 par-

113 3743 266 3803 tibus,
319 3754 370 3796 at
406 3750 543 3811 cujus
580 3755 713 3798 motu
752 3750 837 3797 fiat
881 3749 1005 3813 hoc,
1055 3747 1176 3796 coeli
1214 3762 1275 3796 an
1314 3749 1517 3815 Terrae,
1572 3752 1783 3799 nondum
1823 3759 1984 3816 potest
2022 3753 2247 3814 intelligi,
2302 3754 2343 3800 si

116 3829 211 3866 non
247 3834 343 3872 una
379 3835 487 3873 cum
526 3822 720 3872 Tellure
760 3825 977 3887 quiescat
1014 3823 1158 3871 ctiam
1197 3820 1393 3887 aliquod
1434 3837 1605 3888 corpus
1656 3830 1792 3875 extra
1831 3825 2043 3887 coelum,
2094 3826 2342 3875 continens
