2554 4140
213 98 317 146 258
1042 90 1277 147 Epitomes
1308 88 1622 134 Astronomiae

215 255 496 300 numerum,
537 237 670 301 quod
709 238 830 301 Apis
868 238 985 298 bos,
1025 252 1170 302 quem
1208 238 1439 300 Aegyptii
1479 249 1566 299 pro
1605 235 1799 283 numine
1834 234 2024 294 colunt,
2076 234 2294 296 quotidie
2333 233 2457 282 duo-

214 313 374 362 decies
414 313 600 360 urinam
627 311 822 370 faceret,
861 309 1071 372 indeque
1110 307 1241 374 ὠρας
1281 309 1434 357 dictos
1473 309 1536 357 ab
1575 305 1736 370 ὀυρον,
1771 310 1946 355 urina.
2023 305 2313 355 Maestlinus
2352 307 2458 354 exi·

214 388 401 445 stimat,
455 397 637 432 morem
675 389 1022 431 transsumtum
1061 398 1090 431 a
1127 382 1440 445 gallinaceiS,
1491 379 1621 443 quod
1662 379 1731 426 illi
1772 386 1942 428 cantus
1982 394 2125 439 suoS,
2175 387 2272 428 tam
2312 385 2458 428 noctu

213 472 358 520 qnam
396 455 620 517 interdiu,
661 454 898 504 duodenis
935 456 1206 503 interstitiis
1248 454 1546 517 dispensent.

370 530 516 578 Visus
539 543 586 576 es
612 529 812 577 diversa
849 529 947 577 diei
983 530 1135 575 initia
1164 533 1396 585 statuere,
1436 539 1631 574 recense
1668 527 1827 586 iyitur
1865 523 2247 574 consuetudines
2289 526 2459 571 natio-

208 618 338 650 num
373 604 692 664 rationesque
729 603 972 663 cujtcsque
1022 602 1156 648 circa
1194 600 1283 647 hoc
1319 599 1419 647 diei
1455 601 1678 646 initium.
1755 598 1858 646 Etsi
1907 598 2198 660 principium
2250 591 2346 644 diei
2401 611 2457 643 ex

216 676 322 737 ipso
362 674 499 723 coelo
539 680 712 723 natura
749 673 935 722 nullum
972 678 1068 733 est,
1119 675 1166 718 in
1206 678 1332 721 terra
1369 678 1530 720 tamen
1570 670 1827 719 manifesta
1865 676 1978 718 sunt
2016 669 2296 718 discrimina
2333 666 2458 716 lucis
2539 703 2542 706 Δ

213 754 261 794 et
298 747 620 808 tenebrarum,
659 748 964 809 praesentiae
1005 753 1052 793 et
1091 746 1341 793 absentiae
1381 743 1510 793 Solis
1550 750 1597 791 et
1635 743 2005 805 permutationis
2043 744 2184 791 unius
2235 742 2282 787 in
2335 739 2461 791 alte-

215 833 338 880 rum,
377 834 526 883 quam
565 818 716 869 veluti
755 818 1022 867 naturalem
1043 832 1209 880 sepem
1246 816 1467 880 plerique
1505 822 1742 879 spectant.
1818 816 1972 877 Igitur
2006 813 2188 863 Judaei
2228 814 2463 875 incipiunt

214 908 245 940 a
282 906 515 955 vespera,
566 892 709 954 juxta
747 897 969 939 naturam
1007 896 1284 952 spectantes
1324 892 1470 938 etiam
1510 890 1769 938 creationis
1808 888 2053 936 ordinem:
2109 885 2291 934 mundo
2331 887 2461 935 enim
2524 934 2553 959 .-

208 965 312 1027 jam
351 966 574 1025 condit0,
623 963 784 1012 adhuc
830 970 966 1011 erant
1003 963 1257 1023 tenebrae,
1311 963 1488 1024 quibus
1526 963 1761 1010 successit
1799 961 1908 1021 luX,
1959 961 2238 1020 factumque
2290 964 2364 1007 est
2403 973 2462 1006 ex

212 1052 418 1100 vespera
471 1045 518 1087 et
548 1051 707 1084 mane
759 1035 862 1083 dies
910 1050 1048 1084 unus.
1127 1033 1263 1083 Idem
1310 1036 1538 1084 tribuitur
1577 1034 1983 1093 Atheniensibus,
2034 1039 2151 1095 puto
2201 1033 2319 1094 quia
2366 1045 2461 1081 nox

213 1111 426 1159 insumta
480 1125 509 1158 a
563 1109 953 1171 magistratibus,
1021 1109 1104 1170 qui
1159 1109 1209 1156 in
1268 1107 1370 1156 dies
1426 1108 1852 1172 permutabantur,
1921 1104 2237 1155 meditatione
2300 1117 2462 1153 earum

211 1198 393 1243 rerum,
433 1196 558 1245 quas
595 1183 820 1244 sequenti
858 1181 936 1230 die
975 1195 1093 1230 suae
1130 1198 1421 1245 nomaveaag
1459 1186 1689 1243 agerent,
1722 1186 1807 1229 aut
1845 1178 1977 1242 quod
2017 1177 2120 1227 dies
2158 1178 2339 1226 mensis
2379 1191 2463 1225 se-

214 1255 424 1304 eundum
464 1254 653 1302 Lunam
691 1261 914 1317 agerent,
955 1268 1080 1316 quae
1120 1255 1328 1317 vesperi,
1368 1253 1619 1303 occidente
1658 1252 1789 1313 Sole,
1830 1265 2064 1316 apparere
2103 1250 2287 1313 incipit.
2362 1247 2462 1298 Re·

213 1327 378 1376 dolent
423 1326 630 1376 eundem
677 1341 858 1375 morem
911 1329 1058 1375 etiam
1106 1326 1362 1390 horologia
1400 1326 1574 1374 Italica
1627 1333 1675 1376 et
1713 1325 1974 1385 Bohemia,
2031 1337 2159 1386 quae
2211 1323 2280 1370 24
2319 1321 2464 1370 horas

211 1399 444 1463 aequales
498 1415 529 1448 a
587 1401 829 1463 principio
885 1401 1042 1449 noctis
1099 1401 1334 1462 incipiunt
1398 1399 1754 1461 terminantque
1820 1400 1868 1446 in
1922 1411 2150 1446 occasum
2200 1395 2332 1444 Solis
2383 1408 2464 1443 se·
2534 1435 2539 1447 .

212 1478 454 1535 quentem.

355 1543 567 1595 Orientis
605 1544 798 1608 populi,
854 1546 922 1593 uti
964 1543 1170 1605 dictum,
1212 1558 1319 1593 cum
1360 1545 1546 1593 oriente
1584 1543 1699 1592 Sole
1739 1543 1867 1591 diem
1908 1542 2103 1605 dieique
2142 1541 2288 1590 horas
2328 1554 2463 1589 com·
2517 1575 2526 1583 .

207 1618 471 1682 putabant,
524 1618 655 1682 quod
691 1624 848 1667 totum
885 1621 1187 1682 νυχθημερον
1223 1633 1254 1666 a
1292 1617 1369 1667 die
1408 1623 1642 1680 tanquam
1682 1617 1862 1680 potiori
1911 1615 2270 1674 denominetur,
2325 1613 2463 1675 cujus

207 1691 430 1740 naturale
477 1692 766 1755 principium
817 1692 863 1739 in
919 1696 1026 1739 ortu
1081 1689 1224 1739 Solis.
1318 1689 1474 1752 Quam
1533 1691 1918 1739 numerationem
1974 1689 2200 1737 horarum
2252 1686 2461 1735 Romani

210 1768 323 1813 sunt
369 1765 574 1827 imitati3
625 1765 772 1812 moris
818 1770 1041 1812 auctores
1088 1765 1212 1812 inter
1262 1764 1567 1828 Babylonios
1618 1762 1852 1812 Chaldaei
1901 1761 2134 1824 astrologi
2186 1760 2336 1808 fnisse
2384 1761 2463 1807 vi-

212 1835 399 1897 dentur,
439 1835 746 1885 Judaeorum
785 1838 1108 1899 septimanam
1147 1837 1406 1896 imitantes,
1448 1836 1587 1899 cujus
1627 1835 1731 1885 dies
1767 1841 1953 1898 septem
2000 1837 2123 1885 inter
2159 1832 2464 1897 planetarum

211 1909 427 1958 dominia
466 1909 814 1959 distribuerunt
850 1909 1180 1972 finiebantque
1234 1911 1489 1973 imperium
1541 1908 1778 1973 cujusque
1815 1907 2044 1972 planetae
2083 1921 2191 1956 cum
2230 1911 2371 1954 nocte
2411 1906 2459 1952 in

213 1987 319 2030 ortu
397 1981 539 2030 Solis.
654 1983 714 2031 Et
776 1989 999 2031 numerat
1071 1984 1142 2030 sic
1207 1984 1352 2031 etiam
1417 1981 1722 2046 Epiphanius
1783 1981 1927 2031 serias
1989 1982 2292 2044 septimanae
2355 1992 2465 2026 cum

212 2054 522 2116 Christianis,
575 2069 633 2104 eo
672 2055 804 2118 quod
845 2055 1064 2103 Christus
1109 2055 1211 2117 jam
1253 2057 1435 2104 orituro
1476 2052 1589 2104 Sole
1629 2055 1967 2114 resurrexerit,
2022 2067 2150 2116 quae
2199 2052 2464 2115 praecipua

211 2126 475 2176 Christiani
523 2127 764 2191 dogmatis
816 2134 890 2177 est
934 2128 1188 2191 professio.
1266 2127 1396 2176 Hinc
1445 2134 1546 2188 est,
1598 2126 1730 2190 quod
1776 2127 1975 2190 vigiliae
2023 2127 2281 2186 festorum,
2337 2137 2463 2187 quae
2544 2130 2546 2133 ’

189 2199 333 2271 ‘fiunt
369 2206 539 2262 noctu,
597 2200 939 2250 adscribuntur
975 2202 1023 2248 in
1064 2198 1353 2250 Calendario
1392 2200 1616 2250 Romano
1655 2200 1774 2260 diei,
1827 2215 1954 2263 quae
1994 2199 2170 2248 festum
2209 2196 2465 2247 antecedit.

211 2269 471 2336 Utcunque
509 2281 670 2323 tamen
710 2272 791 2322 vel
841 2273 1097 2336 horologia
1135 2274 1215 2322 vel
1264 2275 1431 2322 munia
1468 2288 1633 2334 sacra,
1683 2273 1888 2337 profana
1932 2272 2026 2321 hoc
2078 2270 2158 2323 vel
2198 2269 2320 2319 illud
2370 2271 2467 2317 ini·
2512 2265 2529 2314 f

212 2347 334 2394 tium
384 2354 644 2409 usurpent,
699 2348 848 2395 tacito
898 2351 1058 2395 tamen
1101 2345 1235 2410 vulgi
1276 2361 1515 2396 consensu
1553 2346 1627 2406 fit,
1678 2352 1731 2395 ut
1783 2351 1976 2396 noctem
2016 2347 2141 2395 inter
2181 2344 2322 2393 binos
2361 2342 2463 2392 dies
2508 2366 2521 2397 ,-

212 2419 576 2468 circumstantes
624 2420 811 2482 2aequis
882 2420 1188 2482 portionibus
1248 2421 1539 2483 partiamur,
1610 2425 1848 2482 tanquam
1919 2419 2080 2468 minus
2152 2417 2463 2480 conspicuam
2538 2441 2541 2445 «

210 2494 466 2555 minusque
505 2492 649 2540 rebus
688 2490 914 2555 gerendis
951 2491 1347 2554 accommodam,
1400 2493 1513 2541 dum
1551 2498 1744 2541 noctem
1782 2507 1880 2541 non
1928 2491 2070 2543 aliter
2108 2495 2461 2554 computamus,
2518 2543 2519 2546 Ἴ

210 2578 356 2626 quam
401 2578 488 2628 pro
539 2565 693 2614 limite
732 2566 974 2614 communi
1012 2572 1307 2629 temporum,
1361 2580 1419 2615 ac
1456 2568 1498 2614 si
1536 2571 1728 2628 tempus
1768 2565 1854 2615 illa
1893 2579 1990 2615 non
2029 2571 2182 2624 esset,
2234 2577 2292 2612 eo
2332 2560 2462 2626 quod

207 2639 478 2687 cessatione
517 2652 546 2687 a
585 2638 730 2688 rebus
768 2637 973 2701 agendis
1001 2645 1049 2688 et
1075 2653 1262 2699 somno,
1302 2639 1386 2702 qui
1424 2641 1566 2688 morti
1604 2637 1793 2700 similis,
1835 2640 1967 2688 vitae
2002 2635 2264 2696 dissimilis,
2302 2642 2462 2685 trans-

208 2711 383 2773 igatur.
459 2710 632 2774 Itaque
685 2717 734 2760 et
771 2710 1003 2772 Bohemi,
1053 2711 1185 2774 quod
1232 2712 1413 2760 factum
1464 2717 1539 2761 est
1588 2710 1722 2761 horis
1772 2711 1963 2761 duabus
2016 2709 2097 2760 vel
2148 2710 2300 2759 tribus
2351 2713 2462 2771 post

209 2796 462 2844 occasum,
512 2783 562 2831 id
599 2797 695 2833 non
735 2785 957 2847 sequenti
997 2784 1082 2832 sed
1122 2784 1428 2839 antecedenti
1469 2784 1565 2834 diei
1604 2784 1849 2846 tribuunt,
1902 2798 2001 2833 non
2052 2789 2275 2833 curantes
2313 2780 2460 2830 horo·-
2513 2812 2516 2821 ·

208 2854 328 2919 logii
367 2857 442 2904 sui
483 2855 726 2918 ordinem3
779 2863 828 2906 et
865 2856 997 2919 apud
1035 2856 1284 2906 Romanos
1333 2871 1459 2920 quae
1498 2857 1679 2920 scripta
1726 2863 1863 2906 erant
1898 2864 2114 2920 tempore
2152 2853 2458 2915 antelucan0‚

208 2943 239 2976 a
277 2928 353 2977 die
392 2931 618 2992 sequenti
658 2929 1056 2991 denominarunt,
1098 2935 1210 2978 ante
1248 2929 1373 2979 diem
1412 2929 1542 2978 hunc
1583 2929 1660 2978 vel
1698 2929 1836 2979 illum
1874 2932 2055 2994 scripta
2094 2943 2201 2979 esse
2238 2927 2456 2991 professi.
2515 2943 2519 2947 ·

206 2999 512 3063 Astronomi,
562 3016 671 3052 cum
718 3001 1051 3052 artificialibus
1098 3001 1272 3051 diebus
1321 3002 1383 3052 ad
1428 3017 1544 3052 suas
1594 3004 1985 3066 computationes
2042 3016 2138 3051 non
2193 2999 2456 3064 indigeant,
2503 3023 2506 3025 ·

207 3073 395 3121 initium
434 3074 668 3125 naturalis
716 3075 811 3124 diei
849 3080 1095 3139 spectant,
1156 3077 1430 3140 promiscue
1468 3082 1517 3126 et
1563 3089 1650 3139 pro
1686 3090 1737 3125 re
1786 3082 1904 3126 nata
1953 3077 2032 3125 vel
2078 3073 2329 3127 meridiem
2380 3070 2458 3122 vel

205 3145 418 3193 mediam
455 3155 646 3198 noctem
684 3162 771 3212 pro
810 3150 1048 3211 principio
1086 3147 1338 3211 habente8‚
1378 3153 1576 3212 propter
1613 3147 1846 3198 circulum
1883 3147 2233 3208 meridianum,
2273 3147 2323 3194 in
2359 3158 2487 3210 quot

206 3219 514 3269 ascensiones
552 3227 712 3271 rectae
750 3220 848 3269 loci
886 3221 1016 3270 Solis
1052 3236 1140 3284 per
1179 3223 1343 3271 omnia
1380 3221 1639 3271 Terrarum
1675 3222 1786 3272 loca
1823 3227 1937 3271 sunt
1973 3220 2189 3282 eaedem,
2229 3234 2338 3269 cum
2365 3217 2456 3268 ob-
2505 3218 2508 3222 ’

204 3289 371 3352 liquae
409 3292 457 3338 in
495 3291 827 3343 horizontibus
877 3294 1080 3344 diversis
1127 3294 1332 3344 multum
1380 3296 1640 3346 varientur.
1695 3295 1779 3359 ,Et
1815 3310 1846 3344 a
1881 3293 2043 3344 media
2082 3292 2279 3357 quidem
2315 3296 2455 3341 nocto

207 3363 446 3425 incipiunt
488 3372 683 3428 propter
732 3368 865 3429 ipsas
917 3374 1188 3431 temporum
1225 3368 1465 3430 rationeS,
1518 3383 1549 3417 a
1585 3367 1785 3417 meridie
1823 3381 1940 3417 vero
1979 3373 2176 3430 propter
2211 3365 2454 3429 Epheme-

206 3433 359 3496 rides,
399 3437 448 3482 in
488 3437 665 3499 quibus
704 3441 1034 3502 exprimuntur
1085 3440 1194 3489 loca
1234 3441 1562 3504 planetarum,
1615 3455 1740 3504 quae
1778 3442 1827 3487 in
1866 3437 2002 3490 coelo
2042 3439 2112 3488 illi
2150 3438 2371 3490 obtinent
2406 3437 2452 3485 in

205 3514 385 3570 puncto
433 3507 674 3569 meridiei,
731 3511 861 3572 quod
909 3512 1178 3575 aequaliter
1225 3529 1255 3562 a
1291 3515 1528 3577 principio
1570 3520 1620 3563 et
1655 3513 1750 3562 fine
1790 3512 1887 3562 diei
1938 3513 2102 3575 abest3
2153 3508 2452 3561 commodius
2516 3542 2519 3545 -

207 3579 255 3628 id
291 3581 399 3642 rati,
437 3583 721 3645 praesertim
760 3584 808 3629 in
845 3582 975 3644 Sole,
1013 3592 1210 3649 propter
1247 3587 1642 3636 observationem
1680 3586 1786 3648 ejus
1824 3585 2096 3635 altitudinis
2141 3583 2450 3642 meridianae,

205 3668 235 3701 a
285 3667 381 3716 qua
435 3654 591 3702 omnis
640 3657 965 3704 astronomica
1012 3661 1228 3721 operatio
1282 3661 1502 3709 nectitur.
1577 3659 1723 3708 Hune
1770 3659 1919 3720 igitur
1970 3672 2150 3709 morem
2203 3659 2451 3705 imitantur

202 3731 369 3774 nostra
417 3725 675 3789 horologia
724 3741 810 3790 per
848 3726 1156 3780 Germaniam
1202 3730 1462 3795 pleraque,
1519 3746 1644 3796 quae
1697 3735 1745 3780 et
1791 3733 1842 3778 in
1880 3731 2041 3781 media
2086 3735 2228 3780 nocte
2267 3735 2339 3790 et,
2389 3741 2467 3776 ne*
2544 3746 2554 3776 ·;

201 3797 450 3849 taediosus
498 3806 630 3851 esset
665 3800 895 3863 pulsuum
932 3813 1180 3864 numerus,
1237 3806 1382 3855 etiam
1420 3807 1469 3853 in
1507 3802 1707 3855 meridie
1744 3802 1808 3853 ad
1846 3818 2156 3855 numerorum
2194 3801 2446 3853 duodecim

2542 3786 2554 3893 Ἰ

2542 3914 2554 4007 ’ἰ
