2554 4140
806 181 944 227 Liber
974 181 1190 239 Quartus„
1250 180 1362 226 Pars
1392 179 1559 227 Tertia.
2208 188 2311 238 389

9 392 11 394 v
58 330 371 382 tenuissimae
420 329 764 394 apparentiae,
822 336 872 380 et
921 328 1084 402 deficit
1129 329 1295 380 crebro
1344 329 1576 392 marginis
1626 345 1752 381 nunc
1790 331 1965 396 hujuS,
2015 347 2144 383 nunc
2181 332 2314 384 illius

59 405 363 464 illuminatio,
401 407 598 466 propter
634 402 800 452 vultus
838 403 1046 453 Lunaris
1085 403 1475 453 inconstantiam.

204 479 251 525 2.
290 475 407 525 Jam
444 474 638 524 dudum-
665 475 950 540 reliquimus
988 479 1037 524 in
1076 479 1282 537 incert0‚
1321 486 1482 524 annon
1521 475 1585 523 sit
1621 476 1798 539 globus
1838 479 1964 527 intra
2002 477 2218 541 globum,
2260 487 2313 530 ut

58 550 258 601 nucleus
296 550 423 597 intra
460 551 700 609 corticem,
743 549 965 600 diversae
1004 550 1066 598 ab
1105 549 1191 598 illo
1231 549 1589 613 conversionis3
1632 549 1763 612 quod
1803 565 1912 599 cum
1942 551 2167 616 exempla
2194 552 2313 602 Tel-

57 624 189 685 luris,
228 627 330 671 tum
369 622 516 671 etiam
554 621 707 686 ipsius
744 622 1015 672 latitudinis
1055 628 1215 672 motus
1253 626 1537 686 suggerunt.
1613 621 1788 684 Itaque
1827 630 1993 686 posset
2031 624 2143 673 talis
2182 627 2312 676 inte-

57 699 152 745 rior
188 695 366 759 globus
403 708 665 745 convcrsas
702 696 900 744 alternis
937 696 1110 760 plagas
1147 694 1211 745 ad
1250 695 1447 744 Terram
1486 692 1714 755 tendere,
1768 709 1866 743 non
1907 697 2131 746 obstante
2180 699 2313 761 quod

0 779 5 781 “
58 770 265 820 exterior
301 774 464 816 crusta
500 767 716 818 maculas
754 784 943 834 semper
981 769 1177 818 easdem
1215 768 1279 817 ad
1303 768 1502 818 Terram
1541 769 1699 816 vertit.
1765 768 1898 816 Inter
1938 769 2060 818 haec
2097 771 2225 819 enim
2264 778 2314 821 et

57 842 234 892 similia
270 843 519 902 incertum,
559 844 669 905 quis
707 845 902 892 omnino
940 841 1115 891 modus
1154 842 1217 891 sit
1253 841 1406 905 hujus.
1438 840 1684 901 motionis,
1733 840 1890 890 solum
1927 841 2051 889 illud
2092 849 2166 891 est
2204 859 2313 894 cer-

18 910 25 916 ’
57 917 320 975 tissimum,
375 916 651 978 quicunque
702 915 875 964 modus
924 921 1024 976 est,
1074 914 1495 964 accommodatum
1535 927 1641 962 esse
1681 913 1744 962 ad
1784 928 1959 964 causas
1999 914 2228 979 physicas
2267 923 2315 966 et

57 990 381 1052 magneticas‚
421 988 515 1037 hoc
554 994 627 1037 est
665 1001 923 1053 corporeas
964 994 1011 1037 et
1049 990 1118 1036 sic
1156 989 1500 1051 geometricaS,
1541 986 1760 1049 qualium
1799 987 2021 1051 exempla
2060 987 2139 1037 hic
2176 995 2315 1039 utro-

55 1063 204 1126 bique
241 1061 598 1126 proposuimus.

202 1141 342 1191 Num
396 1144 554 1204 iyitur
600 1140 821 1189 secunda
869 1142 965 1187 ista
992 1138 1332 1201 'lonyitudinis
1369 1139 1710 1202 inaequalitas
1747 1154 1862 1188 vere
1899 1147 1968 1188 est
2016 1156 2048 1188 a
2085 1142 2312 1192 secunda

56 1218 230 1280 aliqua
252 1217 611 1274 eccentricitate
645 1229 733 1263 seu
754 1213 1050 1275 diyressione
1078 1212 1259 1260 Lunae
1296 1228 1330 1260 a
1358 1211 1556 1272 Terrae,
1595 1212 1702 1261 non
1739 1215 1911 1261 minus
1950 1228 2107 1282 quam
2142 1218 2316 1278 prima

53 1304 202 1340 suam
252 1304 286 1335 a
324 1290 608 1336 mutatione
644 1287 905 1335 intervalli
943 1300 1154 1334 causam
1191 1285 1374 1334 habet?
1432 1284 1566 1334 Non:
1621 1293 1869 1350 repugnat
1901 1286 2182 1336 observatio
2222 1304 2314 1353 pa-

57 1362 311 1412 rallaxium
337 1360 520 1420 Lunae,
555 1360 729 1422 juncta
767 1359 1178 1423 contemplatione
1218 1358 1498 1422 eclipsium3
1541 1364 1590 1408 et
1629 1361 1911 1424 conspirant
1947 1361 2160 1410 rationes
2199 1376 2343 1426 pro-¹

55 1436 292 1501 'portionis
337 1447 592 1498 corporum
640 1448 671 1482 a
719 1434 891 1497 priori,
947 1433 1102 1496 prima
1138 1431 1285 1502 hujus
1324 1433 1483 1494 quarti
1521 1432 1633 1481 libri
1670 1440 1807 1496 parte
1846 1435 2142 1497 propositae.
2218 1434 2318 1485 Sed

56 1516 105 1559 ct
139 1508 234 1557 hoc
268 1521 470 1570 arguere
507 1507 677 1570 possit,
718 1506 864 1570 plane
901 1505 1085 1554 nullam
1125 1504 1228 1553 fieri
1264 1506 1584 1554 mutationem
1623 1505 1868 1555 intervalli
1906 1506 1969 1554 ad
1996 1506 2173 1571 phases
2199 1507 2313 1557 alli-
2372 1532 2378 1541 -·

53 1586 232 1647 gatam,
271 1579 418 1643 quod,
459 1578 575 1637 dum
610 1579 818 1628 artifices
854 1577 938 1627 alii
976 1577 1102 1628 alios
1142 1578 1268 1626 circa
1305 1577 1431 1626 hanc
1467 1578 1762 1642 hypothesin
1808 1581 2078 1642 corrigunt,
2118 1595 2311 1646 semper

54 1657 210 1704 minor
245 1655 498 1715 minorque
547 1653 797 1716 quantitas
837 1658 910 1700 est
948 1652 1120 1701 effecta
1156 1650 1303 1713 hujus
1341 1653 1639 1702 mutationis
1714 1651 2027 1702 Ptolemaeus
2067 1668 2314 1704 enormem

55 1727 318 1788 statuebat,
358 1741 506 1789 quam
542 1725 791 1788 redarguit
828 1724 1273 1788 Regiomontanus3
1316 1722 1590 1775 dimidiavit
1630 1724 1927 1790 Copernicus
1967 1740 2124 1789 exque
2159 1728 2316 1777 forma

57 1802 309 1858 eccentrici
346 1801 395 1848 in
434 1799 636 1858 formam
678 1797 885 1863 epicycli
922 1797 1125 1848 secundi
1151 1791 1476 1862 transposuit,
1515 1799 1641 1847 hanc
1668 1813 1858 1848 rursum
1884 1801 2117 1863 corripuit
2142 1801 2315 1866 Tycho

0 1888 1 1899 ¹
58 1874 292 1935 Braheus,
333 1878 471 1937 parte
508 1873 740 1935 aequanti
781 1871 960 1920 circulo
999 1871 1262 1930 vindicata,
1303 1885 1448 1934 quem
1486 1873 1590 1936 ipse
1629 1886 1738 1921 cum
1778 1872 2045 1937 Copernico
2085 1889 2172 1938 per
2211 1877 2318 1939 epi-

0 1964 4 2026 *
59 1947 265 2013 cyclium
302 1945 535 2010 duplicati
572 1952 734 1995 motus
774 1958 1006 1994 excusare
1046 1951 1119 1994 est
1155 1943 1350 2006 solitus3
1401 1959 1492 2007 ego
1532 1945 1792 1994 intervalla
1831 1946 2083 2009 copularia
2119 1962 2318 2010 permu-
2385 2000 2387 2008 ,

4 2044 5 2057 ³
58 2022 160 2071 tavi
214 2035 323 2070 cum
374 2018 668 2083 quadrariis,
717 2018 943 2081 circuitus
997 2034 1055 2067 ex
1095 2017 1259 2067 mense
1299 2019 1347 2066 in
1386 2033 1567 2067 annum
1607 2021 1912 2082 transposui3
1966 2022 2318 2083 posterioribus

44 2107 174 2150 *vero
228 2093 527 2158 temporibus
574 2092 649 2141 his
697 2092 1071 2141 inventionibus
1119 2092 1314 2139 innixus
1367 2091 1563 2141 tandem
1619 2091 1942 2156 deprehendi,
1999 2095 2319 2145 mutationem

7 2228 9 2233 Ι
59 2166 313 2228 intervalli,
352 2180 439 2230 per
473 2165 702 2230 phasium
742 2163 937 2227 quidem
976 2166 1298 2225 circuitioneS,
1339 2159 1535 2214 omnino
1574 2164 1758 2214 nullam
1795 2165 1913 2215 fieri.

8 2243 9 2247 ’
211 2238 352 2289 Unde
398 2241 559 2302 iyitur
595 2245 664 2288 est
698 2238 919 2287 secunda
957 2239 1048 2287 illa
1085 2245 1131 2287 et
1167 2234 1238 2287 ad
1267 2237 1447 2299 phasee
1484 2240 1698 2302 alliyata
1737 2241 2031 2290 acceleratio
2070 2246 2115 2288 et
2151 2247 2319 2290 retar-

10 2348 12 2358 η,
59 2313 235 2365 datio?
282 2313 355 2362 Ex
407 2312 601 2362 diversa
649 2310 934 2361 habitudine
971 2303 1238 2362 bcceutrici
1276 2310 1447 2361 Lunae
1486 2312 1548 2362 ad
1587 2312 1781 2375 phases.
1862 2313 1994 2361 Dum
2031 2314 2158 2362 enim
2197 2316 2317 2363 sim-

11 2405 13 2422 2
58 2386 172 2453 plici
209 2391 258 2436 et
293 2391 530 2450 perpetuo
567 2385 793 2434 uniformi
833 2381 1203 2435 eccentricitatis
1242 2384 1351 2448 lege
1391 2386 1609 2436 circumit
1635 2385 1851 2445 Terram,
1889 2392 2127 2436 motorem
2157 2402 2315 2450 suum,

6 2513 10 2530 ὅ
60 2474 156 2525 quo
192 2459 339 2509 modo
378 2457 585 2521 quilibet
619 2459 954 2522 primariorum
993 2457 1157 2508 Solem
1195 2459 1436 2518 circumit,
1476 2459 1529 2507 fit
1566 2474 1651 2523 per
1688 2458 1929 2521 accidenS,
1970 2466 2023 2508 ut
2061 2461 2123 2510 ab
2163 2461 2316 2511 altero

60 2534 135 2584 sui
170 2538 331 2582 motus
370 2537 669 2595 promotore,
709 2532 792 2594 qui
832 2530 1072 2581 accelerat
1109 2531 1244 2580 illam
1283 2532 1331 2578 in
1371 2531 1573 2595 copulis,
1614 2531 1760 2582 distet
1798 2533 1920 2582 alias
1960 2529 2116 2583 aliter.
2191 2534 2317 2583 Nam

59 2607 103 2657 si
137 2604 331 2670 longius
369 2605 477 2668 ejus
514 2603 823 2653 intervallum
861 2620 892 2654 a
930 2604 1080 2653 Terra
1118 2603 1288 2654 incidit
1326 2606 1371 2651 in
1414 2605 1640 2668 copulaS,
1690 2606 1772 2654 ubi
1810 2608 2024 2655 maxima
2063 2612 2137 2655 est
2174 2622 2317 2657 acce-

0 2681 17 2768 l
60 2678 245 2740 lentio,
284 2684 400 2728 tunc
435 2678 623 2741 species
645 2676 855 2727 Telluris
894 2677 1131 2727 diffusiori
1170 2678 1285 2726 orbe
1324 2677 1568 2740 explicata
1605 2680 1654 2726 in
1693 2693 1791 2727 una
1829 2678 2136 2743 corpularum
2176 2680 2316 2731 debi-

20 2744 239 2812 ‘'utatur,
279 2765 376 2801 non
414 2756 603 2800 tantum
642 2751 691 2797 in
731 2752 898 2799 nativo
936 2765 1025 2799 suo
1066 2756 1114 2800 et
1152 2750 1466 2815 archetypico
1506 2753 1688 2814 vigore,
1730 2751 1817 2801 sed
1856 2755 2004 2802 etiam
2031 2754 2080 2799 in
2106 2754 2318 2804 ascititia

0 2769 23 2886 ,ἶ
60 2822 145 2875 ma
177 2826 255 2874 sui
293 2823 647 2875 confortatione
685 2837 745 2872 ex
784 2822 912 2873 Sole.
980 2824 1224 2884 Vicissim,
1264 2825 1306 2872 si
1345 2824 1536 2887 longius
1577 2825 1670 2874 hoc
1709 2824 2021 2874 intervallum
2060 2825 2229 2876 Lunae
2270 2833 2319 2877 et

16 2895 21 2928 ³
59 2895 233 2948 'l'crrae
284 2898 516 2960 competit
567 2898 615 2943 in
663 2895 901 2959 quadraS,
952 2897 1035 2946 ubi
1087 2896 1224 2946 nulla
1273 2901 1347 2946 est
1385 2897 1704 2958 acceleratio,
1760 2903 1875 2947 tunc
1914 2897 2094 2947 nullius
2135 2901 2317 2963 vigoris

0 2931 25 3051 ι
63 2971 255 3022 ascititii
327 2971 514 3021 nullum
573 2970 720 3019 etiam
779 2974 854 3019 est
910 2969 1166 3031 damnum,
1232 2968 1420 3018 nullum
1477 2971 1524 3017 in
1582 2971 1719 3020 brevi
1775 2970 2032 3021 intervallo
2089 2974 2317 3038 perigaeo

20 3057 24 3106 ξ
64 3041 261 3094 lucrum.
2102 3055 2105 3062 ’

23 3134 28 3194 'l
230 3145 285 3191 In
315 3142 480 3190 schem.
512 3142 581 3188 72.
614 3145 720 3186 sunt
750 3141 795 3185 in
827 3140 973 3198 globis
1005 3141 1174 3186 Terrae
1205 3146 1252 3187 et
1281 3141 1438 3185 Lunae
1482 3141 1638 3187 circuli
1671 3140 2029 3199 illuminationis,
2069 3141 2318 3192 dividentes

26 3232 35 3251 v.
65 3217 234 3274 partem
262 3208 558 3255 illuminatam
597 3208 654 3252 ab
689 3206 894 3253 obscura.
959 3207 1068 3253 Cum
1111 3212 1263 3253 autem
1303 3219 1554 3264 apogaeum
1588 3207 1744 3252 Lunae
1785 3219 1867 3264 per
1898 3213 2042 3254 totum
2073 3222 2241 3258 annum
2273 3218 2319 3258 et

26 3269 30 3329 J
67 3277 133 3325 de
158 3287 241 3334 per
270 3287 427 3320 omnes
454 3274 570 3321 situs
603 3273 716 3318 coeli
748 3273 906 3318 Lunae
937 3273 1125 3319 haereat
1155 3273 1198 3318 in
1231 3273 1389 3319 eodem
1423 3273 1562 3329 signo,
1595 3274 1682 3318 hoc
1713 3278 1782 3318 est
1812 3274 1953 3320 fibrae
1983 3277 2079 3322 WF
2110 3285 2319 3325 maneant

29 3350 39 3382 ι
68 3342 160 3388 fere
186 3336 431 3398 parallelae
463 3338 548 3384 sibi
578 3338 689 3396 ipsis
723 3344 819 3383 toto
850 3338 1063 3396 circuitu,
1094 3338 1235 3383 Terra
1260 3350 1365 3383 vero
1397 3352 1496 3383 cum
1530 3337 1656 3384 coelo
1688 3337 1846 3385 Lunae
1878 3346 2078 3388 transeat
2099 3343 2155 3388 de
2187 3345 2316 3403 signo

30 3398 40 3478 l
68 3407 112 3452 in
138 3403 329 3463 signum,
360 3403 413 3449 fit
441 3410 493 3449 ut
522 3404 663 3450 fibrae
695 3404 751 3448 ad
784 3403 974 3449 circulos
1006 3403 1346 3448 illuminationis
1379 3403 1477 3460 (qui
1501 3409 1606 3449 sunt
1636 3404 1811 3449 extensi
1832 3407 2078 3454 secundum
2102 3409 2317 3457 circulum

32 3487 35 3507 ’-
69 3467 161 3516 soli
188 3470 534 3526 concentricnm,
566 3473 981 3528 repraesentantem
1004 3468 1118 3515 lucis
1137 3468 1407 3514 densitatem
1431 3469 1475 3515 in
1496 3468 1699 3525 longum)
1732 3470 2016 3528 applicentur
2037 3475 2149 3521 alias
2171 3476 2318 3532 aliter,

34 3532 36 3548 '
70 3542 121 3582 ut
145 3534 270 3581 vides
299 3534 347 3581 in
376 3537 573 3582 arcubus
605 3535 699 3589 DT,
732 3535 826 3592 EV,
858 3535 972 3588 FW,
1005 3534 1098 3592 ΘΧ,
1133 3535 1227 3590 AO,
1263 3534 1351 3579 BP.
1414 3534 1537 3582 Idem
1569 3535 1703 3593 igitur
1746 3536 1796 3581 fit
1825 3538 1958 3584 etiam
1996 3541 2177 3596 punctis
2209 3556 2316 3599 apo-

35 3587 46 3689 ὶ
70 3600 167 3658 gnei
196 3605 243 3645 et
270 3600 468 3658 perigaei
498 3602 678 3658 Lunae,
724 3607 772 3646 ut
803 3614 920 3659 quac
951 3612 1126 3658 semper
1159 3608 1349 3657 vergunt
1378 3600 1421 3645 in
1455 3601 1574 3658 loca,
1619 3601 1869 3659 quadrante
1910 3604 2126 3652 distantia
2157 3621 2183 3652 a
2214 3607 2315 3652 loco

40 3723 41 3726 Ἴ
73 3663 141 3711 vel
169 3666 302 3725 plaga
327 3666 552 3713 mucronis
583 3668 634 3722 A,
666 3669 715 3725 B,
748 3669 791 3714 R
820 3674 906 3713 etc.

40 3759 49 3837 ¹3
217 3754 354 3819 Quid
387 3759 429 3805 si
466 3758 663 3822 lonyius
701 3759 1028 3808 intervallum
1068 3772 1236 3807 versus
1265 3759 1430 3809 Solem
1471 3760 1725 3821 tendatur,
1764 3778 1890 3813 num
1930 3766 2083 3813 etiam
2121 3766 2188 3812 sic
2227 3764 2314 3811 de-

42 3826 351 3886 ‚bilitabitur
386 3831 585 3880 motus?
623 3833 779 3897 Atqui
815 3838 936 3880 tunc
963 3831 1117 3879 Luna
1155 3833 1210 3879 in
1248 3832 1469 3883 chariori
1505 3835 1613 3883 luce
1651 3835 1889 3885 decurrit.
1955 3838 2189 3886 Nimirum
2219 3836 2314 3885 hoc

44 3905 172 3962 ¹est,
222 3898 351 3964 quod
400 3915 546 3968 supra
596 3908 829 3956 cavimus.
906 3901 1094 3956 Lumen
1143 3907 1269 3958 enirn
1309 3905 1435 3959 Solis
1490 3921 1584 3958 non
1627 3915 1792 3959 movet
1830 3924 1884 3960 se
1923 3910 2053 3973 ipsc,
2109 3908 2191 3961 sed
2231 3924 2317 3973 per
