2554 4140
236 139 339 189 236
1060 133 1295 192 Epitomes
1324 133 1639 180 Astronomiae

233 298 360 347 quas
407 282 561 332 habes.
600 283 1005 332 observationes?
1057 283 1284 347 Angulus
1319 283 1426 343 hic,
1476 289 1531 330 ut
1572 283 1675 345 jam
1721 281 1782 332 de
1818 281 2070 348 horizonte
2107 287 2241 332 recto
2280 282 2475 346 dictum,

234 362 308 405 est
343 362 530 416 acutuS,
572 360 621 404 et
657 361 793 404 tanto
831 358 1000 414 minor,
1038 363 1221 419 quanto
1260 357 1457 419 propior
1491 357 1684 417 punctis
1722 355 2182 418 aequinoctialibus,
2234 370 2477 418 nunquam

234 434 393 476 tamen
447 433 628 490 aequat
681 427 1082 492 complementum
1139 428 1474 476 declinationis
1540 429 1805 489 maximae3
1855 430 1906 475 in
1968 429 2075 490 ipso
2135 442 2250 476 vero
2310 428 2477 476 solsti-

231 500 338 548 tiali
387 506 567 562 puncto
613 508 688 550 est
719 504 895 551 rectus.
971 500 1110 551 Ultra
1163 500 1423 549 solstitiale
1468 505 1700 563 punctum
1751 501 1953 549 obtusus
2007 499 2212 548 efficitur
2258 507 2479 565 respectu
2539 542 2542 544 .

232 571 563 622 antecedentis
607 574 879 623 remotioris
928 574 1247 637 aequinoctii,
1297 578 1470 622 acutus
1515 578 1570 621 ut
1618 574 1751 636 prius
1795 577 2016 635 respectu
2063 573 2311 635 sequentis
2361 588 2477 636 pro-

233 646 399 707 pioriS.

375 717 428 766 Si
466 733 495 766 a
533 717 779 767 solstitiali
818 720 977 767 vicino
1015 724 1198 781 puncto
1234 722 1512 766 numeretur
1545 716 1596 764 in
1633 722 1896 779 aequatore
1935 730 2076 764 arcus
2107 715 2327 779 aequalis
2363 731 2478 781 pro-

231 790 392 852 posito
429 793 563 840 arcui
600 791 852 854 eclipticae
870 792 932 839 ab
970 791 1317 854 aequinoctiali
1355 791 1565 853 inceptu,
1605 795 1654 837 et
1679 790 1742 838 ab
1783 789 1889 851 ejus
1915 790 2119 837 termino
2158 788 2361 838 ducatur
2386 793 2479 838 cir-

230 860 367 911 culus
406 861 759 923 declinationis,
801 865 905 926 ejus
943 878 1081 912 arcus
1121 865 1242 911 inter
1277 862 1446 926 polum
1484 862 1719 926 sphaerae
1759 869 1808 910 et
1845 861 2118 924 eclipticam
2161 863 2355 912 metitur
2390 877 2480 912 an·
2532 890 2540 893 -

229 934 413 998 guium,
455 951 600 999 quem
637 936 932 985 meridianus
969 937 1087 985 facit
1125 934 1233 985 cum
1270 943 1451 999 puncto
1491 935 1742 998 eclipticae
1779 935 1934 998 primo
1973 935 2240 996 proposito.

369 1033 431 1079 Ut
462 1033 499 1077 si
528 1034 762 1090 proposito
793 1035 828 1078 B
860 1038 1030 1091 puncto
1061 1038 1167 1087 mig.
1199 1035 1285 1091 38),
1317 1038 1573 1079 sumeretur
1603 1034 1685 1090 EQ
1718 1033 1919 1090 aequalis
1948 1031 2038 1089 ipsi
2067 1032 2171 1083 AB,
2214 1031 2348 1078 ducto
2382 1033 2476 1090 GQ,

229 1111 362 1145 arcus
388 1097 463 1142 GP
497 1098 583 1143 erit
611 1111 822 1143 mensura
852 1099 1006 1156 anguli
1027 1098 1156 1144 ABG.
1187 1099 1395 1145 Vicissim
1429 1099 1664 1156 proposito
1698 1099 1734 1142 P
1767 1104 1951 1156 punct0,
1984 1101 2186 1144 sumatur
2206 1098 2283 1144 EC
2318 1111 2479 1156 aequa-

226 1164 283 1208 lis
310 1163 399 1220 ipsi
427 1164 527 1220 AP;
562 1165 697 1209 ducto
729 1165 819 1218 GC,
850 1178 981 1210 arcus
1015 1165 1091 1210 GB
1122 1165 1305 1211 metitur
1334 1165 1548 1222 angulum
1580 1164 1714 1220 APQ.

378 1254 638 1317 Quomodo
675 1261 1002 1321 computatur
1038 1256 1116 1304 hic
1153 1255 1413 1319 anyulus?
1474 1258 1517 1304 1.
1559 1255 1610 1304 Si
1649 1255 1791 1303 fuerit
1818 1254 1879 1302 ad
1917 1269 2089 1303 manus
2130 1254 2298 1304 tabula
2324 1253 2477 1305 decli·
2530 1236 2545 1277 ⁴·

225 1327 481 1375 nationum
518 1332 565 1375 et
603 1327 773 1376 tabula
810 1330 1150 1377 ascensionum
1187 1334 1456 1389 rectarum,
1498 1342 1676 1391 quaere
1712 1327 2117 1391 complementum
2145 1343 2285 1377 arcus
2324 1329 2476 1392 eclip-

226 1401 378 1460 ticae,
418 1414 448 1448 a
485 1400 708 1449 viciniori
747 1402 1058 1464 aequinoctio
1097 1403 1303 1464 incepti,
1344 1402 1468 1450 inter
1505 1401 1814 1450 ascensiones
1853 1406 2026 1460 rectas,
2066 1406 2181 1450 tunc
2219 1415 2244 1450 e
2283 1403 2478 1466 regione

232 1473 282 1519 in
321 1470 547 1521 columna
585 1471 964 1522 declinationum
1001 1475 1221 1524 invenies
1260 1474 1663 1537 complementum
1700 1473 1868 1536 anguli
1906 1474 2132 1536 quaesiti.

373 1550 424 1617 2)
462 1551 547 1602 Sin
585 1559 750 1603 autem
788 1552 976 1603 calculo
1013 1553 1176 1618 placet
1213 1555 1298 1614 uti,
1336 1567 1592 1618 processus
1631 1554 1721 1603 erit
1756 1555 1863 1602 iste.

289 1650 422 1691 Arcus
452 1650 668 1703 eclipticae
703 1665 730 1692 a
758 1654 898 1693 vicino
930 1655 1196 1707 aequinoctio
1315 1652 1394 1694 30⁰

575 1711 921 1763 complementum
1315 1712 1394 1753 60⁰
1797 1711 1912 1750 sinus
1972 1711 2117 1751 86603

801 1769 1041 1809 Declinatio
1071 1771 1255 1811 maxima
1311 1773 1382 1813 23.
1414 1772 1484 1813 31.
1517 1772 1586 1812 30.
1740 1775 1915 1819 tangens
1974 1770 2118 1810 43533

1973 1844 2116 1884 34826
2134 1845 2163 1883 4

573 1900 810 1952 Multiplica
840 1901 1018 1941 absectis
1050 1902 1075 1942 5
1107 1899 1282 1943 ultimis.
2001 1903 2114 1942 2612
2135 1903 2162 1942 0

2030 1962 2114 2000 261
2135 1962 2160 2000 2

2092 2021 2113 2059 1
2134 2021 2159 2058 2

646 2090 776 2139 Ateus
808 2089 886 2132 20⁰
916 2092 985 2132 39¹
1017 2092 1101 2132 25⁰
1132 2095 1303 2140 tangens
1393 2118 1908 2134 ........
1970 2087 2128 2137 377011

453 2154 466 2170 ⁸
548 2147 773 2200 Complem.
808 2151 876 2190 69.
916 2150 986 2191 20.
1019 2151 1088 2191 35.
1122 2153 1183 2189 est
1212 2147 1393 2199 angulus
1425 2149 1653 2199 quaesitus.
1677 2145 1731 2202 ³²)

375 2235 511 2299 Quid
545 2242 614 2284 est
650 2239 869 2288 ascensio
904 2243 1040 2286 recta
1063 2237 1230 2286 stellae
1267 2238 1343 2285 vel
1363 2240 1544 2302 puncti
1570 2239 1625 2286 in
1646 2238 1878 2300 sphaera,
1918 2254 2049 2301 quae
2068 2246 2137 2287 est
2161 2245 2304 2288 extra
2327 2240 2478 2304 eclip-

228 2308 421 2358 ticam?
469 2309 557 2357 Est
593 2323 732 2359 arcus
774 2311 1075 2373 aequatoriS,
1128 2312 1420 2373 interceptus
1458 2312 1581 2359 inter
1616 2311 1904 2375 principium
1943 2311 2122 2361 Arietis
2162 2321 2210 2360 et
2247 2311 2476 2361 circulum

230 2381 567 2431 declinationis
606 2381 777 2432 stellae
818 2383 896 2431 vel
933 2383 1101 2447 puncti
1153 2388 1202 2431 et
1251 2384 1299 2429 in
1338 2385 1686 2446 consequentia
1723 2390 2018 2433 numeratus
2093 2386 2169 2434 De
2219 2384 2311 2434 hac
2362 2398 2478 2434 vero

231 2453 373 2519 plura
411 2455 556 2515 infra,
593 2460 730 2518 parte
770 2454 1018 2506 doctrinae
1056 2454 1336 2520 sphaericae
1375 2458 1560 2518 quinta.

380 2541 517 2605 Quid
553 2547 621 2590 est
656 2549 930 2604 comiatum
968 2544 1245 2592 ascensioni
1281 2549 1444 2591 rectae
1479 2543 1683 2593 stellae?
1739 2542 2017 2606 Longitudo
2056 2543 2151 2592 loci
2189 2545 2236 2590 in
2277 2543 2442 2594 Terra.

379 2614 516 2678 Quid
550 2620 619 2665 est
655 2615 750 2664 loci
786 2615 1089 2678 lonyitudo?
1143 2615 1229 2663 Est
1256 2630 1396 2664 arcus
1434 2617 1712 2680 aequatoris
1739 2618 1975 2666 terrestris
2015 2615 2112 2681 (vel
2141 2618 2288 2665 etiam
2313 2616 2479 2680 paral-

228 2687 313 2737 leli
348 2702 435 2751 per
470 2687 633 2735 locum
672 2684 847 2755 ducti),
888 2691 1182 2752 interceptus
1224 2691 1348 2737 inter
1385 2691 1590 2753 primum
1628 2689 1946 2738 meridianum
1983 2695 2255 2738 terrestrem
2282 2698 2330 2739 et
2355 2691 2477 2739 inter

228 2759 548 2810 meridianum
584 2759 694 2822 loci,
734 2768 782 2810 et
819 2763 865 2807 in
905 2762 1251 2824 consequentia
1289 2768 1584 2812 numeratuS.
1659 2762 1735 2810 De
1774 2761 1867 2811 hac
1903 2762 2027 2811 infra
2064 2767 2199 2826 parte
2238 2763 2423 2825 quinta.

266 2903 356 2953 Dc
395 2905 900 2954 ascensionibus
939 2904 1229 2969 obliquis
1268 2913 1645 2970 punctorum
1684 2914 1743 2956 et
1783 2921 2035 2955 arcuum
2074 2906 2491 2973 eclipticam,

379 3019 638 3083 Quomodo
676 3022 1050 3083 investiyantur
1085 3024 1392 3071 ascensiones
1426 3022 1694 3085 obliquae?
1732 3020 1868 3086 Opus
1909 3029 1982 3071 est
2008 3024 2204 3086 cognita
2242 3024 2476 3088 propositi

230 3094 396 3152 puncti
435 3092 772 3154 declinatione,
812 3094 1097 3142 ascensione
1134 3099 1267 3143 recta
1305 3101 1354 3143 et
1392 3094 1658 3144 differentia
1694 3095 2030 3154 ascensionali,
2072 3111 2198 3158 quae
2229 3111 2286 3144 ex
2326 3095 2476 3145 decli·

231 3165 427 3212 natione
480 3167 755 3215 innotescit.
829 3166 954 3215 Nam
1004 3166 1095 3214 hac
1146 3166 1416 3217 differentia
1466 3167 1790 3217 ascensionali
1826 3167 1888 3215 ad
1927 3170 2259 3217 ascensionem
2295 3175 2475 3217 rectam

232 3235 399 3284 addita
434 3238 515 3285 vel
552 3237 664 3287 inde
701 3238 869 3287 ablata
905 3240 1214 3287 constituitur
1250 3239 1356 3303 ejus
1393 3241 1558 3305 puncti
1597 3241 1816 3289 ascensio
1856 3239 2070 3303 obliqua.

381 3322 518 3384 Quid
567 3329 637 3371 est
680 3324 966 3388 differentia
1015 3329 1369 3376 ascensionalis
1412 3334 1458 3375 et
1510 3327 1756 3390 quomodo
1793 3327 2164 3389 investiqatur?
2223 3326 2472 3376 Collocato

231 3399 412 3458 puncto
439 3397 687 3458 proposito
715 3398 763 3443 in
786 3397 1036 3447 horizonte
1062 3401 1236 3459 ortivo,
1275 3400 1506 3448 formatur
1530 3399 1863 3461 rectangulum
1899 3400 1962 3446 ab
1986 3399 2251 3460 horizonte,
2291 3414 2475 3463 aequa-

230 3475 333 3515 tore
386 3471 435 3515 et
482 3467 661 3515 circulo
700 3468 1034 3519 declinationis
1082 3474 1247 3535 puncti
1292 3474 1558 3536 propositi3
1611 3473 1660 3518 in
1710 3486 1806 3534 quo
1857 3472 2097 3534 triangulo
2135 3475 2228 3522 tria
2275 3472 2470 3520 dantur:

232 3540 361 3588 latus
398 3539 449 3585 in
487 3539 663 3588 circulo
703 3539 1055 3603 declinationis,
1095 3543 1145 3591 id
1184 3551 1258 3593 est
1296 3544 1556 3593 declinatio
1579 3545 1762 3607 puncti,
1803 3544 2008 3606 angulus
2032 3547 2262 3594 sectionis
2286 3558 2473 3607 aequa-

232 3613 350 3661 toris
388 3617 438 3660 et
473 3610 763 3666 horizontis,
805 3627 948 3674 quem
985 3618 1180 3664 metitur
1217 3617 1424 3666 altitudo
1463 3617 1754 3680 aequatoris,
1794 3622 1841 3664 et
1879 3617 2087 3679 angulus
2125 3619 2250 3666 inter
2287 3631 2473 3680 aequa-

234 3691 389 3733 torem
427 3689 475 3732 et
514 3685 746 3732 circulum
786 3666 1136 3747 declinationis,
1178 3692 1262 3752 qui
1299 3696 1458 3738 rectus
1498 3695 1597 3750 est3
1643 3702 1740 3736 non
1778 3690 1956 3750 poterit
1992 3692 2139 3752 igitur
2177 3691 2385 3753 effugere
2423 3693 2472 3739 et

236 3763 476 3820 quartum,
516 3770 584 3806 sc.
621 3757 751 3804 latus
791 3760 841 3804 in
879 3765 1140 3820 aequatore
1179 3776 1265 3810 seu
1305 3762 1572 3811 differentia
1609 3761 1970 3810 ascensionalis

350 3818 618 3887 Processus:
652 3838 720 3885 Sit
750 3840 799 3886 0⁰
830 3839 954 3887 Gem.
985 3840 1057 3886 vel
1086 3842 1138 3888 Οο
1163 3842 1330 3901 Aquar.
1362 3849 1579 3902 punctum
1607 3845 1900 3903 propositum
