2554 4140
954 128 1185 191 Praefatio
1216 132 1263 174 et
1292 128 1543 186 Epistolae.
2274 133 2373 181 621

119 281 353 345 proximis
379 278 623 330 nundinis.
701 279 781 328 An
820 294 933 343 ergo
953 280 1263 334 Frankofurti
1290 277 1555 328 considebo
1580 293 1705 328 cum
1732 276 1931 339 familia,
1970 283 2026 325 ut
2052 291 2110 325 ea
2147 277 2250 340 ipse
2279 275 2383 324 dis-

122 354 324 415 traham,
365 361 419 402 ut
456 353 555 402 alia
592 352 741 416 opera
780 352 919 402 edam
960 353 1040 403 vel
1077 355 1214 413 meis,
1254 354 1296 401 si
1334 366 1551 416 possum,
1591 351 1670 400 vel
1697 358 2024 415 patronorum,
2065 349 2145 399 vel
2170 349 2382 412 denique

125 426 539 490 typographorum
577 427 832 484 sumtibus,
873 428 956 489 qui
993 429 1200 490 gratiam
1238 426 1333 474 sibi
1372 424 1539 473 deberi
1577 425 1730 487 ajunt,
1771 427 1813 473 si
1849 424 2028 472 librum
2065 423 2381 471 mathemati-
2439 434 2443 438 ·

123 514 232 548 cum
270 501 539 562 suscipiant
579 498 847 559 edendum,
899 501 968 548 30
1008 499 1306 562 exemplaria
1344 497 1463 546 dant
1499 508 1586 560 pro
1625 497 1809 546 labore.
1886 497 1968 545 Sic
2005 495 2240 544 hactenus
2276 493 2385 543 'sedi

120 571 279 621 Lincii
317 572 496 620 salario
537 571 764 620 suffultus
801 587 1081 635 procerum,
1138 571 1350 620 aulicum
1391 572 1440 618 in
1480 573 1726 633 augmenti
1777 571 2022 619 honorarii
2060 575 2196 638 parte
2235 582 2384 631 repu-

121 646 225 693 tavi
261 658 351 693 nec
389 646 487 693 ursi
525 644 758 707 sollicite;
804 645 1180 710 typographiam
1220 643 1438 707 aliquam
1470 642 1715 704 introduxi
1751 643 2018 705 adjuvique
2057 657 2144 704 pro
2185 642 2386 700 viribuS‚

122 706 360 780 opuscula
394 717 630 767 nonnulla
668 717 857 767 excudi.
934 719 1002 767 At
1038 732 1166 767 nuuc
1198 718 1341 783 periit
1379 716 1606 779 Austria3
1647 717 1688 765 si
1714 722 1944 772 revertar,
1985 717 2034 762 in
2061 715 2223 789 aulam
2264 729 2383 763 con-

123 789 391 840 cedendum
432 792 536 839 erit.
1744 809 1746 811 ’

267 862 438 912 Habes
477 861 761 912 fasciculum
800 863 1175 926 perplexitatum
1214 877 1455 923 mearum,
1515 877 1573 912 ex
1626 861 1802 925 quibus
1842 860 1882 908 si
1923 860 2018 907 tuis
2057 874 2133 910 me
2173 859 2388 908 consiliis

126 934 463 997 extricaveris‘,
504 935 709 985 multum
755 943 949 985 nostrae
987 937 1232 986 amicitiae
1275 935 1480 985 debebo.
1559 934 1683 984 Vale
1723 940 1770 983 et
1809 931 1941 996 quod
1984 934 2112 981 nunc
2149 938 2195 981 tc
2235 946 2379 995 agere

126 1015 248 1072 puto
287 1024 347 1058 ex
385 1010 743 1073 significatione
782 1015 989 1068 tuarum,
1029 1016 1222 1058 strenue
1261 1024 1360 1057 rem
1399 1024 1528 1071 gere.
1606 1006 1780 1057 Ulmae
1817 1008 1862 1055 6'.
1890 1005 2010 1072 Apr.
2043 1008 2110 1063 (st.
2134 1009 2190 1064 n.)
2234 1007 2386 1053 1627.

299 1081 417 1130 Quae
448 1082 595 1121 ultimo
628 1082 719 1122 1000
753 1082 856 1121 dicit
885 1081 1103 1131 Keplerus,
1136 1093 1219 1120 non
1250 1082 1373 1132 plane
1403 1079 1616 1120 illustrant
1648 1077 1852 1130 epistolae
1882 1073 2140 1127 Berneggeri,
2174 1079 2245 1127 qui
2277 1089 2385 1115 anno

125 1140 251 1179 1624.
284 1140 465 1191 Keplero
496 1141 651 1190 gratias
681 1140 768 1189 agit
797 1151 900 1193 „pro
932 1140 1241 1190 sapientissimo
1264 1139 1591 1207 fidelissimoque
1623 1135 1902 1178 001151110“01
1940 1137 1989 1175 de
2021 1135 2268 1176 adversariis
2300 1132 2387 1175 suis

125 1197 241 1248 dicit,
274 1200 378 1251 „qui
399 1198 583 1245 incutere
605 1202 801 1237 terrorem
834 1195 1054 1236 voluerunt
1086 1199 1301 1237 ostentatis
1332 1199 1376 1235 in
1399 1198 1630 1249 longinquo
1655 1198 1697 1236 in
1718 1208 1784 1235 me
1805 1196 1899 1235 telis
1923 1198 1962 1234 et
1982 1195 2201 1234 missitatis
2224 1195 2279 1232 ad
2310 1205 2389 1233 no-

125 1260 232 1295 stros
255 1255 416 1309 aliquot
438 1255 743 1308 exemplaribus
765 1257 1018 1307 frontispicii
1039 1255 1149 1308 libri,
1183 1259 1300 1306 cujus
1324 1259 1532 1294 auctorem
1553 1256 1830 1306 praetendunt
1851 1265 1968 1302 agere
1990 1265 2102 1292 nunc
2125 1250 2389 1302 Moguntiae“

123 1319 201 1357 etc.
236 1314 357 1354 Anno
387 1317 499 1356 1626
518 1316 675 1364 scribit,
697 1319 889 1366 spectans
905 1315 1012 1354 forte
1031 1313 1170 1367 illud,
1176 1312 1442 1368 ,consilium“
1464 1313 1655 1365 Kepleri:
1687 1314 1944 1352 adversarius
1965 1323 2094 1365 meus,
2120 1323 2242 1364 quem
2264 1312 2390 1379 nost-i,

123 1373 295 1412 tandem
320 1376 485 1424 peperit
505 1379 683 1425 partum,
715 1386 838 1426 quem
862 1374 931 1412 diu
950 1373 1054 1412 adeo
1075 1373 1329 1424 peperit.1n
1353 1373 1498 1412 ceteris
1521 1384 1684 1425 sequor,
1718 1372 1831 1440 quod
1852 1371 1957 1410 mihi
1976 1372 2135 1421 pridem
2158 1371 2391 1410 communi-

125 1433 245 1482 casti,'
264 1433 616 1482 sapientissimum
640 1433 861 1471 consilium
883 1436 1013 1481 tuum,
1035 1443 1129 1471 nam
1148 1435 1188 1471 et
1210 1431 1441 1482 superiores
1460 1432 1614 1480 jubent
1633 1436 1672 1470 et
1692 1431 1819 1470 3111101
1832 1434 2015 1479 monent,
2037 1433 2085 1468 ut
2107 1429 2394 1479 respondeam

126 1492 248 1529 Anno
283 1492 394 1531 1627
427 1490 489 1544 (111
519 1492 652 1530 1110115
684 1491 724 1532 d.
758 1493 830 1532 23.
862 1487 1006 1544 Febr.)
1047 1491 1198 1542 pergit:
1242 1491 1306 1530 De
1337 1490 1569 1529 adversario
1601 1478 1722 1542 quae¹
1738 1494 1906 1540 paterne
1937 1499 2103 1538 mones,
2142 1492 2260 1537 grata
2297 1490 2395 1526 sunt

126 1553 167 1588 et
198 1549 400 1589 hactenus
433 1551 653 1601 obsequar,
685 1554 732 1588 ut
762 1550 865 1588 mihi
897 1552 1119 1600 temperem
1141 1561 1167 1588 3
1189 1549 1384 1588 convitiis
1417 1552 1457 1587 01
1486 1549 1706 1587 verborum
1737 1549 1976 1588 acerbitate
2036 1547 2116 1587 Sed
2147 1550 2194 1586 ut
2224 1557 2393 1596 prorsus

126 1619 370 1658 responsum
404 1609 605 1658 omittam,
636 1607 680 1647 id
710 1608 814 1647 mihi
844 1619 918 1658 per
947 1619 1061 1647 meos
1091 1619 1174 1647 non
1207 1609 1384 1659 amplius
1417 1610 1479 1646 est
1508 1607 1724 1656 integrum.
1787 1606 2012 1656 Hucusque
2049 1607 2196 1645 variis·
2219 1606 2393 1644 distrac-

125 1669 193 1705 tus
225 1667 570 1717 occupationibus
601 1667 664 1707 nil
694 1667 889 1706 meditari
917 1668 1054 1720 potui.
1113 1667 1151 1705 A
1181 1668 1287 1706 festo
1320 1665 1556 1716 paschatis,
1586 1665 1834 1705 intermissis
1866 1665 1918 1703 ad
1950 1669 2112 1715 tempus
2143 1663 2394 1703 academicis

127 1725 358 1778 laboribus,
389 1725 490 1765 huic
519 1726 594 1764 uni
625 1726 685 1764 rei
716 1727 888 1766 vacabo.
924 1747 975 1753 —
1007 1725 1121 1765 Haec
1150 1727 1269 1777 forte,
1303 1724 1404 1775 quid
1434 1725 1479 1762 in
1509 1736 1552 1763 re
1584 1725 1650 1771 sit,
1683 1724 1974 1774 explicabunt:
2014 1725 2123 1763 inter
2151 1721 2282 1761 libros
2314 1720 2393 1760 Ca-

129 1780 266 1834 spatis
307 1782 497 1835 Scioppii
539 1784 887 1834 deprehendimus
931 1783 1059 1823 hunc:
1111 1783 1343 1824 Classicum
1381 1783 1482 1822 belli
1521 1784 1647 1836 sacri,
1700 1784 1787 1821 sive
1830 1781 1987 1821 Heldus
2029 1781 2262 1834 redivivus,
2316 1780 2396 1833 „de

129 1840 356 1881 Christiani
386 1841 575 1882 Caesaris
617 1853 714 1890 erga
753 1843 960 1893 principes
1001 1841 1196 1882 ecclesiae
1227 1841 1399 1882 rebelles
1433 1839 1600 1880 officio“
1638 1845 1716 1882 etc.
1780 1841 1917 1880 Ticini
1961 1842 2088 1881 1619.
2149 1840 2197 1878 In
2232 1839 2394 1890 praefa-

130 1901 244 1939 tione
274 1902 398 1940 refert
420 1901 654 1953 Scioppius,
686 1901 832 1940 libello
863 1901 941 1939 hoc
971 1911 1168 1941 revocare
1199 1913 1241 1940 se
1258 1903 1302 1939 in
1333 1901 1573 1940 memoriam
1607 1903 1865 1951 posterorum
1887 1901 2011 1939 verba
2033 1898 2234 1938 Matthiae
2259 1897 2396 1950 Heldi,

14 1943 15 1946 Ἴ
44 2003 49 2006 ‚
126 1958 353 2009 imperialis
379 1959 589 2012 quondam
610 1960 921 2009 procancell'arii
953 1957 1114 2013 (Caroli
1130 1957 1220 2013 V.),
1253 1960 1325 2013 qui
1356 1959 1532 2009 epistola
1563 1957 1801 2010 ,¹,suasoria“
1834 1956 2030 1997 Oarolum
2061 1958 2310 2009 dehortatur,
2345 1967 2398 1995 ne

132 2029 226 2057 00111
266 2018 484 2057 haereticis
523 2018 669 2057 foedus
708 2019 840 2057 faciat
876 2018 1127 2070 illorumque
1167 2017 1340 2057 auxiliis
1380 2021 1530 2056 utatur.
1590 2018 1666 2056 His
1706 2017 1922 2069 respondit
1959 2017 2238 2065 Berneggerus
2277 2015 2397 2054 annis

131 2078 244 2116 1620
276 2081 316 2115 01
347 2078 458 2117 1621
490 2075 588 2115 ficto
620 2077 787 2116 nomine
817 2076 1054 2116 Theodosio
1086 2078 1284 2116 Berenice
1316 2075 1462 2115 libello
1494 2075 1715 2126 inscripto:
1746 2076 1986 2115 Pr0aulium
2015 2076 2140 2113 tubae
2170 2075 2287 2125 pacis
2320 2085 2390 2112 00-

132 2138 283 2174 000130
322 2135 576 2186 Scioppiano
617 2133 721 2174 belli
759 2137 864 2175 sacri
907 2136 1094 2177 01305100
1156 2134 1272 2186 Quae
1310 2147 1406 2174 vero
1444 2137 1540 2185 post
1582 2135 1684 2174 haec
1715 2139 1903 2185 tempora
1933 2135 2216 2183 Berneggerus
2242 2135 2396 2172 contra.

130 2193 374 2244 Scioppium
404 2194 630 2248 scripserit,
663 2197 735 2233 aut
763 2194 835 2234 hic
866 2197 1012 2233 contra
1040 2193 1175 2243 illum,
1208 2195 1434 2235 nescimus

274 2253 594 2317 Keplerus
633 2253 1045 2316 Berneggero
1087 2253 1135 2302 S.
1174 2253 1230 2301 Ρ.
1270 2254 1333 2301 D.
1412 2253 1690 2302 Clarissime
1729 2254 2123 2315 amicissimeque
2151 2252 2238 2300 vir.
2294 2249 2399 2298 Ta-

129 2324 259 2374 bulis
297 2325 624 2390 Rudolphinis
662 2325 918 2387 absolutis,
959 2325 1106 2389 idque
1146 2328 1266 2381 meis
1305 2328 1570 2388 sumtibus,
1610 2341 1719 2376 cum
1758 2327 2107 2393 mercatoribus
2147 2315 2402 2374 Ulmensi-

127 2399 221 2447 bus
259 2399 503 2463 profectus
543 2414 651 2448 sum
690 2400 1075 2448 Francofurtum.
1151 2399 1248 2448 Hic
1287 2414 1396 2448 cum
1438 2399 1699 2448 difficultas
1739 2402 1942 2448 oriretur
1981 2398 2039 2447 de
2079 2405 2194 2447 taxa
2232 2411 2400 2446 exem-

130 2471 292 2536 plaris,
322 2474 439 2535 quia
461 2488 569 2521 sum
595 2475 641 2519 in
668 2474 903 2521 societate
931 2478 1040 2521 cum
1060 2472 1343 2534 Braheanis‚
1371 2487 1473 2522 rem
1500 2472 1652 2521 detuli
1682 2473 1744 2521 ad
1766 2473 2149 2521 commissarium
2170 2471 2403 2520 librorum

29 2538 55 2604 ’.ζ
132 2544 441 2594 Caesareum.
518 2545 627 2605 Hic,
670 2545 903 2595 consultis
940 2546 1144 2607 idoneis,
1187 2545 1406 2595 diversas
1434 2547 1608 2613 reperit
1646 2547 1927 2594 sententias.
2004 2545 2160 2606 Docti,
2202 2550 2250 2593 ct
2289 2545 2402 2606 qui-

49 2658 57 2668 .
134 2617 242 2667 dem
280 2617 535 2679 Jesuitae‚
590 2619 812 2667 omuibus
850 2621 1100 2704 perpensis
1139 2624 1440 2680 statuerunt,
1491 2607 1779 2683 exemplaris
1819 2625 1982 2667 taxam
2026 2618 2053 2666 5
2093 2619 2399 2676 florenorum,

133 2705 241 2739 cum
280 2694 376 2739 sint
413 2693 622 2755 paginae
666 2693 747 2752 65,
789 2698 842 2740 ut
880 2694 950 2740 sic
989 2694 1167 2756 pagina
1195 2694 1360 2741 veniat
1396 2707 1483 2756 pro
1513 2691 1618 2761 472
1656 2692 2026 2754 0100100101Ἢο111
2102 2688 2433 2739 Mercatores

132 2778 249 2813 vero
290 2764 539 2826 librorum,
578 2764 733 2813 solam
771 2779 976 2813 mercem
1018 2767 1191 2814 intueri
1224 2765 1366 2827 jussi,
1406 2771 1570 2814 taxam
1611 2766 1833 2814 dixerunt
1873 2767 1902 2812 2
1942 2765 2165 2812 florenos·
2225 2764 2402 2811 Domi-

36 2827 65 2892 “f
134 2851 229 2885 nus
267 2840 626 2887 commissarius
674 2838 886 2887 medium
937 2838 1080 2900 dixit,
1137 2840 1165 2887 3
1207 2838 1307 2886 flor.
1350 2841 1586 2902 pecuniae
1626 2839 1915 2903 praesentis,
1968 2840 2036 2885 ita
2090 2842 2144 2885 ut
2196 2836 2403 2885 studiosi

40 2924 69 2950 w·
135 2911 231 2974 ipsi
269 2926 355 2975 per
389 2911 602 2974 aliquem
641 2911 934 2974 delegatum,
976 2927 1083 2960 cum
1124 2926 1220 2974 quo
1261 2911 1320 2960 de
1361 2927 1507 2976 opera
1547 2918 1594 2961 et
1633 2918 1832 2961 vectura
1871 2912 2165 2959 conveniant
2202 2923 2403 2973 separa-

41 2981 65 3044 ἲἸ
137 2985 251 3043 11111,
300 2986 461 3033 11110010
510 2988 539 3032 2
580 2984 915 3048 imperialibus
959 2985 1149 3034 habere
1177 2986 1367 3050 possint
1412 3000 1563 3034 unum
1617 2984 1877 3047 exemplar.
1955 2983 2095 3032 Taxa
2148 2982 2278 3032 dicta
2312 2986 2403 3037 lest

44 3088 85 3113 ,=
137 3055 284 3108 hodie
323 3057 626 3115 finientibus,
635 3058 738 3120 jam
777 3058 1022 3108 nundinis.
1097 3058 1241 3107 Mitto
1280 3060 1426 3121 igitur
1452 3058 1722 3121 exemplar,
1762 3063 1816 3106 ut
1855 3056 1904 3104 id
1945 3057 2174 3105 studiosis
2215 3055 2403 3104 idoneis

72 3144 74 3147 ·
138 3131 298 3195 possis
335 3136 604 3180 monstrare
644 3138 713 3192 et,
763 3131 804 3179 si
841 3146 932 3192 me,
973 3133 1070 3180 imo
1108 3134 1151 3179 si
1189 3132 1353 3180 literas
1392 3147 1550 3193 arnas,
1607 3145 1690 3180 eos
1738 3132 1970 3192 instigare
2023 3130 2206 3192 (missis
2256 3131 2404 3178 etiam

138 3204 291 3253 literis
336 3206 386 3251 in
427 3203 615 3254 Gallias
668 3203 731 3252 ad
768 3202 1010 3270 idoneos),
1064 3210 1118 3253 ut
1155 3206 1249 3254 sibi
1287 3207 1381 3268 ipsi
1421 3210 1702 3268 comparent
1751 3202 2074 3266 exemplaria,
2122 3203 2284 3252 missis
2335 3201 2400 3251 ad

77 3330 85 3345 ‚
140 3276 493 3340 Tampachium
543 3278 777 3342 pecuniis.
853 3277 951 3326 Sed
1000 3279 1175 3326 is'non
1216 3278 1350 3326 dabit
1389 3277 1659 3342 exemplar,
1712 3278 1805 3323 nisi
1844 3277 2050 3339 pecunia
2082 3276 2186 3339 jam
2223 3290 2398 3325 nume-

140 3355 261 3399 rata.
338 3350 460 3400 Cum
499 3351 771 3414 professore
823 3350 1100 3399 matheseos
1140 3352 1219 3413 agi
1258 3357 1438 3413 posset,
1479 3357 1532 3399 ut
1559 3349 1606 3397 id
1647 3363 1730 3413 pro
1771 3349 1978 3398 lectione
2017 3350 2312 3413 significaret
2351 3355 2399 3398 et

144 3422 389 3471 studiosos
437 3423 775 3473 adhortaretur
826 3422 887 3471 ad
942 3423 1211 3471 emendum.
1305 3422 1518 3471 Possunt
1578 3438 1663 3485 per
1714 3436 1796 3471 eas
1848 3422 2043 3471 tabulas
2090 3425 2194 3472 sine
2254 3437 2400 3486 opere

148 3495 507 3559 ephemeridum
560 3497 934 3558 tabularumque
991 3496 1307 3544 directionum
1363 3497 1481 3558 erigi
1535 3498 1679 3544 etiam
1734 3495 1953 3544 themata
2006 3500 2053 3545 et
2113 3496 2403 3546 directiones

86 3570 91 3574 ’
151 3570 419 3633 computari
458 3569 935 3634 compendiosissime
974 3582 1059 3631 per
1098 3569 1196 3617 tab.
1236 3568 1402 3630 anguli
1444 3570 1640 3616 orientis
1680 3574 1728 3617 et
1764 3567 2095 3631 logarithmOS.

298 3641 710 3692 Observationum
765 3642 1011 3708 Tychonis
1070 3640 1457 3690 excudendarum
1526 3656 1676 3690 causa
1728 3644 2060 3706 circumspicio
2122 3644 2404 3691 occasiones

150 3715 375 3764 manendi
414 3717 463 3763 in
504 3715 766 3765 Germania
802 3716 1065 3781 superiori,
1113 3716 1396 3777 pracsertim
1444 3729 1552 3763 cum
1592 3730 1756 3764 omnes
1796 3716 2068 3778 evangelici
2108 3731 2166 3765 ex
2205 3714 2404 3763 Austria

153 3785 453 3852 relegentur3
501 3795 658 3838 metus
698 3793 862 3851 itaque
901 3804 976 3838 mc
1017 3788 1187 3848 habet,
1244 3802 1304 3836 ne
1343 3793 1391 3837 et
1429 3803 1519 3850 ego
1560 3788 1781 3838 exulibus
1821 3803 2101 3850 accensear‚
2141 3789 2249 3836 loco
2288 3803 2404 3850 gra-

153 3859 276 3924 tiae,
325 3875 421 3927 qua
470 3862 663 3913 fruebar
698 3863 947 3912 hactenus.
1025 3861 1250 3911 Eundum
1297 3867 1458 3912 tamen
1505 3868 1580 3911 cst
1627 3862 1849 3913 Lincium
1898 3864 2117 3913 elocatae
2165 3862 2402 3926 pecuniae
