2554 4140
836 142 973 189 Liber
999 141 1192 188 Tertius.
1254 141 1367 186 Pars
1397 142 1626 188 Secunda.
2234 149 2354 198 -229

255 294 370 354 Dic,
411 307 512 355 quo
550 290 713 339 medio
749 293 1002 356 effectum,
1050 298 1109 340 ut
1151 292 1378 354 ecliptica
1417 290 1695 340 declinaret
1731 293 1795 341 ab
1835 299 2131 356 aequatem,
2187 299 2233 341 et
2280 295 2363 341 cui

108 368 237 430 fini?
275 367 438 415 Causa
473 364 619 426 hujus
659 363 1000 414 declinationis
1036 366 1250 427 genuina
1285 370 1333 412 et
1369 363 1586 411 formalis
1626 371 1699 413 est
1737 366 1843 413 axis
1880 366 2026 424 illius,
2067 367 2194 415 circa
2218 380 2361 428 quem

108 439 244 489 velut
279 437 574 486 immobilem
613 435 780 485 Tellus
830 443 1044 497 rotatur,
1096 438 1347 485 inclinatio
1398 450 1545 498 super
1583 437 1838 500 eclipticae
1876 438 2104 501 planum,
2158 440 2207 485 in
2259 453 2356 500 quo

110 519 323 560 centrum
361 510 539 559 Terrae
577 516 813 570 versatur,
852 524 1015 558 annuo
1054 517 1190 558 motu
1230 511 1356 558 circa
1391 508 1555 557 Solem
1595 510 1896 561 circumiens,
1972 511 2096 559 Nam
2136 514 2178 559 si
2214 525 2360 574 super

108 585 202 632 hoc
238 583 461 646 planum,
499 588 636 632 motu
675 581 854 632 Terrae
891 597 1055 631 annuo
1092 584 1374 641 formatum,
1421 586 1573 630 staret
1612 588 1800 630 erectus
1838 585 1944 630 axis
1983 590 2143 632 motus
2181 583 2361 632 Terrae

109 657 282 716 diurni,
321 655 646 704 coinciderent
671 662 909 717 aequator
933 662 980 704 et
1005 655 1243 718 ecliptica.
1304 657 1432 714 (Vide
1464 656 1630 702 abhinc
1661 655 1844 702 schema
1875 659 2151 714 secundum.)
2199 655 2361 705 Causa

107 729 267 777 finalis
306 729 451 790 hujus
488 728 819 776 inclinationis
869 734 944 776 cst
993 728 1164 790 procul
1214 727 1363 776 dubio
1410 740 1528 774 usus
1565 718 1818 775 hominum
1856 733 1904 775 et
1941 730 2238 776 animantum
2275 744 2362 791 per

110 816 300 850 omnem
339 803 649 849 circumcirca
673 801 977 863 superficiem
1004 800 1214 849 Telluris
1253 791 1609 862 dispersorum}
1650 805 1705 847 ut
1744 801 1955 849 varietas
1992 801 2363 864 phaenomenon

109 874 391 923 coelestium
427 873 491 921 ad
529 875 692 922 omnia
730 875 926 921 omnino
963 873 1141 921 Terrae
1178 872 1288 922 loca
1326 873 1644 935 pertingeret,
1686 872 1816 934 quod
1854 874 1977 922 infra
2014 873 2234 936 pluribus
2274 889 2363 921 ex-

29 984 34 988 .
105 947 365 1010 plicabitur
403 953 541 1008 parte
580 953 768 1009 quarta.
844 946 984 994 Haec
1019 947 1166 1008 igitur
1202 947 1252 993 in
1291 947 1588 994 astronomia
1630 944 1965 1007 Copernicana
1996 945 2365 1009 jucundissimis

109 1021 380 1068 rationibus
420 1019 810 1068 demonstrantur
846 1019 1257 1080 ingeniosissime,
1298 1019 1369 1066 sic
1407 1024 1462 1066 ut
1499 1020 1546 1065 in
1589 1017 1759 1066 eadem
1799 1019 1995 1068 Tellure
2034 1026 2278 1068 statuatur
2318 1026 2366 1068 et

107 1091 281 1140 modus
318 1094 390 1141 rei
426 1098 475 1140 et
510 1092 647 1153 finis3
685 1094 732 1139 in
773 1093 1068 1140 astronomia
1105 1090 1310 1154 vulgata
1347 1090 1441 1139 hoc
1478 1091 1638 1139 solum
1678 1091 1932 1154 docemur,
1974 1093 2105 1155 quod
2145 1098 2238 1155 sit3
2282 1107 2364 1141 cur

108 1166 172 1213 sit
208 1172 257 1215 et
294 1164 554 1227 quomode,
593 1164 643 1212 id
679 1163 951 1212 involutum
991 1169 1065 1211 est
1102 1164 1167 1211 ibi
1206 1163 1361 1211 multa
1400 1163 1622 1227 caligine.

257 1237 519 1302 Quomodo
555 1239 753 1300 inquiri
799 1238 920 1286 solet
970 1238 1202 1285 maxima
1254 1237 1508 1298 eclipticae
1555 1236 1858 1285 declinatio?
1917 1237 2026 1285 Non
2079 1238 2220 1286 aliter
2270 1240 2363 1286 nisi

109 1311 434 1360 observando,
506 1310 631 1358 Nam
675 1306 722 1375 1)
761 1309 1017 1358 attendunt
1053 1306 1318 1357 astronomi
1357 1311 1598 1357 continuis
1639 1309 1837 1370 diebus,
1891 1310 2087 1372 quando
2126 1310 2211 1358 Sol
2251 1326 2360 1359 om-

107 1386 239 1432 nium
278 1384 541 1431 maximam
580 1388 630 1431 et
666 1397 854 1431 rursum
892 1384 940 1430 in
981 1383 1206 1445 opposita
1232 1382 1399 1430 circuli
1437 1384 1649 1445 annique
1675 1387 1813 1444 parte
1852 1385 2063 1432 omnium
2078 1385 2362 1445 minimam,

109 1464 324 1520 tempore
361 1458 586 1519 utrinque
612 1455 898 1521 meridiano,
935 1459 1264 1519 repraesentet
1303 1453 1624 1514 altitudinem,
1666 1470 1870 1518 quarum
1909 1462 2164 1519 utramque
2205 1458 2366 1543 quad-

108 1532 259 1578 rantis
297 1532 614 1577 instrumento
652 1532 934 1578 metiuntur.
1010 1527 1199 1577 Deinde
1238 1529 1488 1576 minimam
1539 1543 1569 1576 a
1618 1529 1832 1577 maxima
1869 1530 2187 1607 subtrahunt,
2241 1532 2365 1580 resi-

110 1602 258 1651 duum
297 1603 517 1651 bifariam
557 1608 743 1650 sectum
780 1601 987 1650 habetur
1023 1615 1111 1664 pro
1151 1600 1476 1650 declinatione
1515 1603 1743 1650 maxima.

253 1673 304 1741 2)
341 1674 498 1723 Paulo
536 1674 663 1723 alius
702 1680 776 1724 est
811 1673 1001 1735 modus,
1042 1675 1083 1722 si
1121 1676 1254 1737 prius
1293 1674 1521 1723 observet
1559 1680 1865 1723 astronomus
1893 1674 2198 1725 altitudinem
2236 1677 2353 1739 poli,

111 1755 166 1797 ut
201 1763 349 1812 supra
386 1746 707 1808 docebamur,
747 1761 832 1810 per
869 1746 1035 1796 stellas
1075 1747 1479 1810 circumpolarcS,
1523 1746 1696 1796 deinde
1733 1749 1996 1796 maximam
2027 1749 2157 1813 Solis
2196 1749 2365 1797 altitu-

109 1822 267 1871 dinem
307 1820 638 1880 meridianam,
678 1822 880 1869 aestivis
920 1819 1092 1868 diebus
1120 1821 1446 1880 observatam,
1486 1819 1549 1868 ad
1576 1819 1882 1869 altitudinem
1922 1802 2201 1884 aequatoris
2228 1837 2364 1871 com·-

108 1901 269 1959 parct3
309 1893 579 1943 differentia
615 1895 741 1942 enim
781 1899 855 1942 est
891 1894 1063 1941 iterum
1103 1894 1317 1941 maxima
1356 1893 1609 1957 eclipticae
1650 1892 1928 1943 declinatio,

257 1963 308 2032 3)
347 1966 448 2014 Aut
484 1971 539 2014 ut
576 1981 738 2030 supra,
778 1967 973 2028 cognita
1012 1965 1267 2014 altitudine
1303 1965 1406 2028 poli
1447 1971 1495 2015 et
1530 1965 1662 2015 linea
1697 1966 1993 2028 meridiana,
2047 1981 2106 2016 ex
2143 1981 2365 2030 quocun-

110 2055 206 2104 que
243 2039 491 2088 azimutho
530 2044 578 2088 et
614 2038 872 2088 altitudine
911 2038 1040 2087 Solis
1090 2037 1234 2086 simul
1283 2038 1545 2087 observato
1593 2039 1800 2088 habetur
1847 2054 1934 2103 per
1981 2039 2219 2089 calculum
2260 2041 2364 2104 ejus

111 2113 385 2172 declinati0,
425 2114 474 2160 in
515 2112 592 2162 die
631 2111 830 2175 quidem
869 2110 1064 2160 solstitii
1103 2112 1326 2161 maxima.

258 2186 470 2250 Quanta
506 2192 574 2234 est
608 2186 728 2234 haec
763 2187 996 2234 maoeima
1033 2186 1286 2247 eclipticae
1324 2183 1592 2233 declinatio
1618 2184 1680 2232 ab
1721 2184 2031 2247 aequatore‘?
2081 2185 2190 2247 Non
2217 2187 2365 2250 plane

108 2260 417 2309 consentiunt
452 2260 501 2305 in
539 2259 751 2306 minimis
791 2261 1004 2307 omnium
1042 2258 1317 2324 seculorum
1344 2258 1624 2305 astronomi.
1689 2257 1795 2305 Indi
1825 2260 2146 2307 vetustissimi
2183 2260 2367 2308 faciunt

106 2348 214 2382 eam
240 2333 307 2379 24
329 2333 544 2394 praecise
568 2330 822 2394 graduum,
863 2345 988 2394 quae
1016 2337 1090 2380 est
1128 2329 1438 2394 quindecima
1462 2331 1612 2378 totius
1655 2330 1822 2398 circuli
1846 2346 1972 2394 pars.
2014 2331 2363 2382 Eratosthenes

108 2412 212 2454 toto
251 2404 431 2452 circulo
471 2403 628 2452 diviso
666 2406 712 2451 in
751 2410 914 2467 partes
954 2404 1045 2463 83,
1098 2418 1263 2453 earum
1301 2402 1528 2451 undecim
1567 2402 1684 2451 dicit
1722 2406 1920 2465 aequari
1960 2403 2108 2468 duplo
2147 2405 2365 2455 declina-

106 2479 254 2527 tionis
290 2478 545 2525 maximae.
621 2476 797 2539 Itaque
834 2476 904 2524 illi
944 2475 1204 2525 declinatio
1243 2477 1456 2525 maxima
1495 2481 1568 2523 est
1589 2472 1683 2523 23ο
1723 2474 1883 2544 51¹J3‘
1922 2479 2162 2540 proxime,
2204 2493 2363 2541 quan-

7 2583 10 2602 .
109 2558 208 2600 tam
247 2551 392 2599 etiam
418 2548 728 2613 Hipparchus
766 2555 814 2598 et
839 2548 1167 2607 Ptolemaeus,
1205 2547 1578 2598 Eratosthenem
1604 2550 1774 2610 secuti,
1815 2551 2130 2598 retinuerunt.
2206 2551 2366 2600 Alba-

8 2679 9 2689 ,
56 2632 62 2638 ·
110 2625 302 2687 tegnius
351 2621 562 2686 prodidit
600 2624 683 2670 23.
728 2622 820 2681 35,
870 2622 1108 2671 Arzachel
1156 2622 1244 2670 23.
1284 2623 1376 2682 34,
1429 2619 1636 2670 Almeon
1686 2623 1769 2669 23.
1812 2623 1894 2682 33,
1935 2622 2230 2686 Prophatius
2269 2623 2366 2672 Ju-

9 2691 11 2699 ’
111 2696 261 2745 dacus
299 2697 383 2743 23.
425 2697 515 2755 32,
566 2694 735 2759 Tycho
777 2695 934 2744 Brahe
987 2697 1071 2746 23.
1112 2689 1278 2763 3172,
1330 2695 1543 2756 itemque
1593 2693 1692 2743 alia
1738 2695 1926 2744 ratione
1967 2697 2050 2743 23.
2103 2691 2263 2762 30¹l2,
2317 2703 2365 2746 et

111 2784 221 2819 cum
265 2767 600 2827 Peurbachio‚
660 2766 929 2830 Copernico
977 2767 1185 2829 aliisque
1236 2767 1383 2829 hujus
1447 2768 1677 2830 temporis
1736 2769 2026 2816 astronomis
2089 2769 2138 2814 in
2198 2775 2365 2819 arctoo

112 2842 227 2891 orbe
267 2842 350 2888 23.
395 2841 460 2890 28
505 2839 586 2890 vel
623 2840 769 2888 etiam
809 2842 892 2888 23.
933 2841 1016 2887 27.
1093 2839 1171 2888 Ita
1209 2841 1364 2888 omnis
1404 2838 1650 2888 dissensus
1699 2841 1823 2887 inter
1862 2841 1930 2887 24
1968 2841 2154 2889 minuta
2191 2856 2364 2891 versa-

111 2920 211 2975 tur,
252 2927 378 2976 quae
417 2920 528 2961 sunt
565 2926 690 2985 pars
714 2913 1082 2975 nongentesima
1119 2912 1285 2962 circuli
1321 2925 1418 2960 non
1446 2911 1627 2975 major.
1703 2909 1895 2960 Utimur
1930 2917 2092 2962 tamen
2130 2912 2276 2964 hodie
2315 2916 2364 2962 in

114 2987 411 3037 astronomia
448 2975 706 3034 Braheana
743 2987 1060 3034 communiter
1098 2986 1181 3033 23.
1223 2981 1380 3052 31¹s2.
1411 2979 1485 3050 ²⁹)

261 3060 403 3123 Quae
440 3064 508 3106 est
543 3058 697 3111 huius
733 3059 995 3106 varietatis
1032 3056 1224 3106 causa?
1277 3053 1388 3106 Una
1436 3070 1554 3105 vera
1606 3069 1756 3104 causa
1803 3055 2029 3105 coelestis
2080 3063 2154 3107 est
2200 3060 2248 3106 in
2289 3073 2363 3121 ec,

114 3131 245 3196 quod
283 3136 479 3195 putatur
517 3132 622 3178 axis
662 3128 856 3192 quidem
893 3129 1101 3179 Telluris
1138 3131 1341 3179 retinere
1379 3127 1519 3176 suam'
1558 3128 1942 3188 inclinationem,
1981 3121 2207 3195 ecliptica
2244 3147 2362 3182 vero

113 3204 335 3269 pauculis
371 3205 570 3251 minutis
609 3204 671 3251 ab
711 3203 769 3249 iis
807 3202 930 3262 fixis,
971 3202 1146 3264 quibus
1187 3201 1302 3250 olim
1343 3206 1446 3249 erat
1483 3201 1573 3248 ins.
1562 3202 1727 3263 gnita,
1768 3200 1913 3251 hodie
1938 3205 2208 3254 recessisse.
2266 3205 2364 3255 Sed

72 3294 78 3297 ’
114 3278 238 3327 haec
276 3291 424 3326 causa
460 3277 669 3338 pertinet
706 3273 768 3322 ad
805 3274 982 3322 librum
1009 3274 1119 3321 VII.
1197 3273 1366 3322 Altera
1404 3286 1552 3321 causa
1589 3278 1662 3322 est
1696 3276 1932 3323 terrestris
1973 3282 2020 3324 et
2058 3276 2363 3340 particularis
2432 3272 2449 3280 χ

118 3350 410 3400 Germaniae
449 3363 534 3397 seu
573 3353 736 3396 arctoo
778 3347 910 3406 orbi,
952 3345 1083 3408 quod
1121 3345 1206 3394 Sol
1245 3347 1293 3392 in
1332 3345 1604 3393 humillima
1641 3359 1731 3394 sua
1777 3346 2030 3398 altitudine
2068 3350 2363 3400 meridianae

116 3429 311 3487 propter
360 3422 485 3470 aeris
537 3421 824 3470 densitatem
878 3413 1050 3482 radios}
1096 3419 1141 3464 in
1200 3430 1257 3466 eo
1309 3417 1526 3480 refringit
1569 3418 1894 3482 refractosque
1942 3420 2003 3469 ad
2063 3437 2154 3471 nos
2202 3424 2362 3484 mittit,

92 3499 216 3558 'quo
253 3499 397 3557 pacto
437 3495 583 3542 aliam
623 3498 844 3542 censetur
881 3489 1185 3540 altitudinem
1223 3490 1427 3551 habere,
1484 3505 1627 3553 quam
1678 3506 1790 3541 vere
1836 3492 1999 3542 habet.
2075 3494 2132 3543 Id
2170 3509 2270 3544 non
2305 3495 2360 3543 fit

119 3568 242 3617 adeo
280 3565 572 3616 sensibiliter
607 3568 655 3613 in
696 3563 1063 3614 australioribus
1101 3561 1279 3611 Terrae
1317 3561 1450 3624 locis,
1493 3564 1666 3627 quibus
1704 3563 1787 3614 Sol
1828 3567 1877 3613 in
1915 3566 2114 3616 meridie
2152 3581 2248 3616 non
2289 3573 2361 3616 est

121 3639 243 3689 adeo
282 3638 494 3687 humilis.
556 3652 559 3654 ’

264 3712 399 3761 Doce
436 3727 551 3774 erqo
590 3711 781 3759 calculo
818 3710 1119 3770 investiyare
1156 3708 1416 3767 cujuslibet
1456 3711 1636 3771 puncti
1673 3711 1925 3772 eclipticae
1963 3711 2357 3759 declinationem.

123 3783 501 3849 Concipiendum
554 3791 627 3833 est
663 3781 956 3846 triangulum
1004 3783 1127 3829 inter
1163 3781 1400 3830 sectiones
1438 3788 1630 3831 mutuas
1668 3786 1967 3848 aequatoris,
2020 3783 2271 3850 eclipticae
2311 3788 2359 3834 ct
