2554 4140
247 153 346 202 174
1053 144 1285 203 Epitomes
1316 144 1635 190 Astronomiae

244 296 460 358 dirigitur
497 294 652 354 stiluS,
700 293 805 356 Jam
843 297 1062 358 'superior
1097 294 1196 356 illa,
1231 295 1336 357 jam
1373 291 1436 341 ad
1473 292 1618 354 latus,
1656 299 1760 342 tum
1785 293 1993 356 inferior,
2034 301 2148 343 tunc
2186 294 2325 342 stilus
2351 299 2480 342 certo

243 369 473 431 dirigetur
511 369 559 414 in
597 380 747 415 unum
785 367 981 431 aliquod
1021 374 1307 431 punctorum
1334 365 1512 424 circuli,
1555 367 1639 428 qui
1675 381 1760 428 per
1796 366 1846 414 id
1869 368 2176 417 intervallum
2213 369 2339 416 circa
2363 365 2482 414 stel-

242 441 340 489 lam
380 440 678 488 describitur.
755 438 1053 490 Observetur
1089 442 1237 502 igitur
1275 441 1423 487 etiam
1461 438 1676 486 secunda
1712 438 1878 500 stella,
1915 442 1957 488 si
1996 442 2143 488 etiam
2166 440 2267 488 ,illa
2297 453 2485 501 semper

243 513 439 576 aequali
477 511 736 561 intervallo
774 515 900 562 circa
937 518 1169 576 punctum
1207 510 1304 559 stili
1346 509 1534 558 videtur
1560 512 1822 573 circumire,
1863 519 1977 561 tunc
2013 527 2108 560 non
2134 518 2340 575 possunt
2377 526 2482 561 esse

240 586 381 649 plura
436 599 582 647 quam
631 584 726 633 duo
767 586 890 635 coeli
930 591 1134 648 puncta,
1191 586 1239 631 in
1279 596 1406 646 quae
1442 583 1583 631 stilus
1621 583 1762 647 dirigi
1798 589 1979 647 potest,
2031 600 2145 634 nam
2183 586 2282 633 bini
2321 584 2485 632 circuli

245 673 342 707 non
381 663 549 707 secant
596 672 648 706 se
699 659 747 706 in
785 659 1004 721 pluribus
1054 671 1198 719 quam
1247 655 1438 704 duobus
1477 658 1686 718 punctis.
1762 656 1815 706 Si
1853 660 1996 707 tertia
2031 658 2174 706 stella
2213 657 2483 718 accesserit,

243 745 339 779 non
379 732 474 779 sita
511 733 561 778 in
601 729 771 780 eadem
807 738 939 780 recta
978 745 1086 779 cum
1124 729 1312 778 duabus
1348 730 1605 791 prioribus,
1645 728 1774 778 idem
1811 730 1993 780 faciens
2032 731 2163 793 quod
2201 729 2337 790 illae,
2381 730 2486 792 jam

242 804 372 853 omni
410 802 557 852 dubio
597 803 806 863 sublat0,
844 803 983 851 stilus
1023 808 1070 850 01
1107 803 1213 850 axis
1250 801 1429 849 Terrae
1467 803 1515 848 in
1553 803 1747 850 unicum
1785 809 1963 852 certum
1991 803 2114 852 coeli
2149 810 2382 866 punctum
2408 817 2486 850 re-

241 877 414 926 dactus
463 878 566 926 erit.
643 875 788 924 Terni
835 878 960 924 enim
1013 874 1206 935 circuli,
1258 888 1462 936 quorum
1512 879 1677 923 centra
1724 889 1821 924 non
1868 878 1915 922 in
1968 876 2136 925 eadem
2183 882 2337 937 recta,
2390 889 2487 923 non

243 954 421 999 coeunt
457 951 506 996 in
543 948 763 1012 pluribus
803 963 948 1010 quam
985 949 1034 994 in
1074 961 1170 995 uno
1212 952 1412 1009 puncto,

390 1021 532 1070 Num
582 1023 742 1083 iyitur
782 1023 926 1082 parti
963 1020 1083 1069 coeli
1119 1022 1196 1071 vis
1231 1022 1359 1067 inest
1395 1021 1702 1081 maynetica,
1759 1019 1944 1067 Terrae
1990 1035 2136 1069 axem
2181 1023 2238 1069 in
2274 1035 2323 1069 ae
2359 1020 2487 1068 diri-

237 1093 402 1158 9endi,
442 1101 534 1143 aut
579 1094 762 1141 Terrae
799 1096 923 1157 ipsi,
971 1092 1222 1154 diriyendi
1257 1107 1306 1140 se
1341 1094 1399 1139 in
1436 1092 1526 1140 hoc
1563 1093 1683 1141 coeli
1716 1099 1965 1153 punctum
1984 1093 2010 1140 Ρ
2057 1093 2213 1142 Nonz'
2239 1107 2353 1142 nam
2389 1107 2485 1141 11011

240 1169 458 1230 dirigitur
494 1168 598 1214 axis
636 1166 779 1214 hodie
819 1169 866 1212 in
906 1157 1122 1228 aliquam
1160 1164 1351 1213 stellam
1389 1171 1438 1214 et
1462 1167 1546 1213 vix
1584 1179 1799 1227 unquam
1823 1168 1870 1213 in
1908 1165 2075 1214 stellas
2107 1169 2254 1229 ipsae,
2293 1173 2347 1214 ut
2372 1166 2487 1229 plu-

237 1243 408 1288 rimum
448 1241 494 1286 in
534 1238 644 1287 loca
682 1239 806 1287 coeli
845 1253 1034 1299 vacua,
1090 1252 1216 1301 quae
1267 1252 1362 1285 non
1401 1244 1607 1300 possunt
1651 1251 1757 1286 esse
1805 1238 2079 1300 subjectum
2118 1245 2202 1287 aut
2239 1239 2346 1288 sons
2384 1241 2486 1286 vir·
2537 1247 2540 1250 ’

238 1316 354 1362 tutis
393 1313 710 1374 magneticae,
750 1311 812 1360 ob
841 1317 1103 1360 extremam
1141 1309 1263 1359 coeli
1289 1312 1590 1358 tenuitatem.
1666 1309 1764 1358 Sed
1799 1325 1889 1359 nec
1915 1313 2138 1360 omnibus
2176 1309 2358 1360 seculis
2381 1315 2486 1361 axis

240 1386 409 1435 eodem
450 1385 693 1446 dirigitur,
752 1383 839 1433 sed
877 1384 1114 1447 paulatim
1171 1385 1218 1430 in
1258 1382 1570 1432 succedentia
1614 1382 1752 1443 loca,
1805 1389 1858 1431 ut
1907 1385 1956 1430 in
1996 1387 2165 1447 quinto
2204 1393 2486 1445 argumento

239 1459 341 1521 jam
382 1463 455 1506 est
494 1457 688 1505 dictum.
760 1456 887 1506 'Cum
926 1459 1072 1520 igitur
1109 1458 1156 1504 in
1197 1455 1332 1504 coelo
1380 1469 1476 1504 non
1516 1457 1579 1504 sit
1615 1469 1788 1518 corpus
1826 1462 1911 1504 aut
1946 1471 2059 1519 pars
2095 1460 2308 1521 corporis
2345 1464 2490 1514 certa,

243 1531 374 1594 quod
427 1532 637 1578 activam
675 1531 772 1578 vim
826 1531 1149 1593 magneticam
1204 1530 1462 1591 suscipiat,
1509 1542 1599 1577 nec
1645 1530 1791 1590 igitur
1837 1531 1885 1576 in
1925 1529 2073 1579 Terra
2113 1545 2342 1594 corporea
2378 1529 2489 1579 talis

238 1606 313 1653 vis
352 1604 508 1663 inerit,
549 1603 596 1650 id
637 1604 684 1650 in
723 1603 859 1652 coelo
901 1602 1178 1665 quaerendi,
1219 1602 1350 1664 quod
1386 1601 1634 1664 corporale
1673 1599 1793 1648 nihil
1833 1607 1920 1650 est.

390 1677 533 1740 Quae
571 1678 728 1738 iyitur
765 1691 922 1725 causa
952 1681 1218 1738 praestare
1250 1680 1439 1736 potest,
1476 1681 1535 1722 ut
1572 1674 1853 1722 turbinatio
1899 1674 2109 1723 Telluris
2145 1689 2251 1725 non
2287 1682 2478 1724 evertat

241 1763 403 1811 axem,
443 1749 568 1798 adeo
605 1755 663 1797 ut
701 1749 809 1807 eJ'us
847 1749 1048 1799 directio
1086 1751 1144 1796 in
1180 1763 1289 1796 una
1328 1754 1434 1797 tota
1469 1748 1780 1796 revolutione
1826 1747 2038 1796 Telluris
2083 1755 2291 1797 maneat
2327 1751 2481 1797 inva-
2542 1767 2554 1801 ’,·

240 1822 477 1872 riabilis?
538 1821 727 1871 Causae
773 1828 868 1870 tres
921 1835 1028 1870 esse
1081 1827 1302 1884 possunt.
1384 1817 1430 1884 l)
1467 1819 1560 1869 Vel
1614 1820 1878 1868 volutionis
1931 1822 2082 1883 ipsius
2115 1822 2290 1883 forma,
2345 1821 2492 1885 globo
2536 1815 2554 1826 ²

241 1895 527 1954 conciliata,
576 1909 701 1957 quae
742 1909 848 1943 cum
887 1893 1070 1943 directa
1107 1895 1171 1942 sit
1208 1895 1254 1941 in
1296 1899 1476 1942 certam
1514 1892 1730 1955 plagam,
1770 1907 1865 1941 non
1906 1894 1954 1944 iu
1992 1908 2158 1943 omnes
2194 1897 2483 1958 promiscue,

238 1971 454 2031 sequitur
492 1969 781 2016 necessitate
819 1969 1130 2030 geometrica,
1170 1974 1225 2014 ut
1262 1968 1367 2014 axis
1406 1965 1670 2014 volutionis
1720 1965 1865 2028 hujus
1903 1965 2135 2029 dirigatur
2172 1967 2221 2017 in
2259 1967 2485 2016 laterales
2540 2002 2548 2009 »

237 2042 425 2105 plagaS,
469 2046 567 2089 tam
596 2040 677 2088 diu
707 2047 950 2101 constans,
989 2055 1135 2103 quam
1162 2038 1247 2087 diu
1275 2038 1481 2088 circulus
1509 2037 1775 2087 volutionis
1813 2037 2001 2087 medius
2039 2054 2070 2088 a
2094 2054 2184 2087 sua
2209 2040 2358 2104 plaga
2394 2055 2490 2088 non
2543 2035 2547 2087 j

239 2116 447 2164 aberrat.
526 2111 576 2178 2⁴)
613 2113 707 2162 Vel
730 2115 975 2177 privativa
1002 2127 1150 2162 causa
1175 2118 1353 2174 motus,
1391 2111 1577 2161 scilicet
1601 2110 1836 2160 naturalis
1863 2113 2035 2160 inertia
2072 2115 2303 2163 materiae
2335 2113 2486 2176 globi,

238 2186 506 2237 seeundum
545 2193 748 2234 tractum
773 2188 894 2244 axis,
934 2187 1019 2248 qui
1056 2191 1109 2234 ut
1135 2190 1381 2234 evertatur
1419 2199 1445 2233 e
1484 2198 1572 2232 suo
1604 2186 1716 2245 situ,
1756 2186 1806 2231 vi
1844 2198 1968 2248 opus
1994 2192 2150 2248 esset3
2190 2200 2298 2235 cum
2323 2193 2485 2236 autem
2532 2211 2544 2224 >-

238 2263 286 2308 in
326 2260 463 2308 illum
500 2258 636 2307 nulla
685 2259 771 2308 fiat
820 2259 1071 2322 impressio
1109 2263 1296 2319 motus,
1351 2258 1557 2320 quiescit
1597 2258 1740 2320 igitur
1778 2258 1829 2305 in·
1865 2272 1955 2306 suo
1993 2260 2104 2308 situ.
2182 2257 2233 2325 3)
2271 2259 2365 2308 Vel
2404 2261 2481 2307 in-
2527 2303 2532 2305 ,

233 2340 371 2383 101113
408 2339 456 2381 01
491 2333 704 2394 positiva
755 2331 961 2380 facultas
1012 2330 1251 2381 naturalis
1288 2333 1336 2378 in
1375 2330 1507 2378 fibris
1547 2330 1827 2391 rectilineis,
1867 2333 1947 2379 axi
1990 2330 2264 2394 parallelis,
2319 2332 2485 2394 tuendi
2535 2331 2540 2339 '

235 2421 343 2456 sese
396 2406 444 2452 in
496 2418 584 2453 suo
640 2406 736 2453 situ
790 2405 1060 2467 primaevo,
1134 2404 1257 2452 Nam
1308 2402 1575 2452 volutionis
1622 2402 1827 2452 facultas
1872 2403 2120 2453 nidulatur
2166 2406 2212 2452 in
2250 2405 2326 2454 his
2364 2407 2483 2469 ipsis

235 2481 384 2528 totius
423 2477 555 2541 globi
594 2477 865 2539 filamentis,
904 2479 1030 2526 circa
1069 2491 1209 2526 axem
1236 2476 1527 2526 circulariter
1564 2474 1760 2539 aequali
1788 2476 2000 2539 undique
2037 2477 2250 2540 pondere
2275 2481 2482 2528 circum·
2535 2531 2538 2538 ¹

232 2553 405 2615 JectiS,
456 2551 632 2613 quibus
682 2550 847 2598 innixa
885 2565 1058 2613 corpus
1097 2555 1304 2612 torquet.
1379 2549 1461 2598 Sic
1497 2550 1644 2612 igitur
1682 2551 1896 2600 vicissim
1941 2549 2173 2599 naturalis
2213 2553 2484 2600 constantia

239 2627 342 2674 axis
380 2626 430 2671 in
469 2638 559 2672 sua
597 2623 859 2672 directione
900 2623 1061 2686 dirigit
1105 2625 1256 2686 ipsius
1295 2621 1743 2671 etiam‘volutionis
1780 2622 2004 2686 plagam,
2053 2630 2107 2671 ut
2156 2637 2214 2673 eo
2252 2624 2483 2674 inclinato

237 2700 386 2747 etiam
426 2696 856 2753 circulummotus
894 2695 1110 2744 inclinari
1148 2709 1347 2745 necesse
1385 2697 1462 2744 sit.
2535 2690 2538 2694 ’

380 2769 437 2819 Si
475 2772 588 2819 axis
623 2770 858 2817 naturali
892 2769 1136 2832 facultate
1170 2771 1326 2817 situm
1363 2773 1605 2826 tueretur,
1643 2782 1915 2830 nunquam
1960 2770 2310 2819 inclinaretur.
2373 2769 2479 2818 Imo

242 2844 304 2892 ob
342 2843 393 2891 id
430 2844 783 2907 ipsum,‚quia
819 2842 1056 2890 naturalis
1095 2847 1170 2890 est
1207 2855 1356 2890 causa
1394 2841 1698 2901 directioni8‚
1749 2841 1858 2891 ideo
1899 2843 2043 2891 etiam
2080 2857 2306 2892 successu
2344 2857 2486 2892 secu·
2526 2884 2531 2892 .

237 2917 391 2965 10111111
442 2918 569 2965 vinci
622 2921 783 2980 potest
833 2929 864 2963 a
911 2929 1060 2964 causa
1103 2914 1290 2964 fortiori
1335 2920 1587 2974 extranea,
1636 2912 1695 2962 de
1745 2928 1842 2977 qua
1890 2914 2031 2978 plura
2077 2915 2233 2965 dicere
2270 2930 2367 2964 non
2405 2921 2479 2964 est

238 2989 384 3051 hujus
421 2989 544 3050 loci,
595 2990 680 3038 ubi
718 2989 908 3052 agimus
944 2993 1135 3037 tantum
1174 2987 1233 3037 de
1270 2993 1406 3036 motu
1444 2986 1640 3047 diurno,
1693 2992 1917 3049 respectu
1955 2989 2093 3051 cujus
2133 2990 2239 3049 astris
2274 3003 2371 3038 non
2407 2990 2483 3036 in—

240 3061 465 3110 clinatur.

382 3133 628 3184 Fortassis
664 3134 811 3182 habes
847 3134 1000 3194 hujus
1034 3134 1300 3197 facultatis
1335 3133 1592 3181 naturalis
1616 3131 1916 3181 documenta
1945 3136 2097 3182 etiam
2122 3134 2268 3185 alia?
2326 3134 2480 3197 Equi-

241 3206 350 3266 dem
386 3209 513 3256 inest
552 3207 699 3268 globo
740 3207 948 3256 Telluris
984 3206 1249 3256 secundum
1287 3211 1496 3254 tractum
1533 3207 1638 3254 axis
1677 3211 1726 3253 et
1761 3205 1987 3254 fibrarum
2023 3208 2103 3255 axi
2140 3206 2480 3269 parallelarum

238 3278 462 3340 facultas,
501 3282 549 3326 in
587 3293 638 3327 se
677 3279 913 3343 dirigendi
950 3286 1201 3343 magnetes
1240 3283 1288 3328 et
1311 3278 1585 3341 magnetica
1605 3279 1782 3338 omnia,
1821 3279 2129 3341 magnetibus
2167 3293 2284 3328 vero
2310 3285 2478 3328 mutua

237 3354 363 3401 inest
398 3352 626 3411 facultaS,
681 3351 807 3400 hanc
851 3354 1050 3415 plagam
1087 3352 1298 3401 Telluris
1337 3350 1615 3415 quaerendi.
1693 3351 1815 3399 Cum
1864 3353 2013 3413 igitur
2055 3353 2362 3401 manifestum
2401 3354 2477 3409 sit,

237 3425 438 3488 globum
475 3423 682 3473 Telluris
733 3426 1040 3474 informatum
1079 3441 1185 3475 esse
1224 3425 1378 3474 forma
1416 3438 1646 3488 corporea
1683 3423 1934 3472 rectilinea
1970 3425 2234 3474 secundum
2273 3431 2477 3474 tractum
2552 3436 2554 3480 j

239 3499 343 3546 axis
382 3497 523 3562 primi
560 3502 745 3556 motus,
798 3512 895 3545 11011
934 3498 1142 3548 absurde
1181 3497 1338 3547 eidem
1377 3497 1557 3547 formae
1594 3488 1821 3546 tribuitur
1863 3498 2010 3546 etiam
2047 3497 2170 3548 haec
2207 3499 2481 3548 constantia

241 3570 518 3620 directionis
558 3570 663 3616 axis
701 3569 750 3615 in
788 3569 983 3632 plagam
1019 3585 1212 3634 semper
1249 3569 1471 3622 eandem.

393 3641 561 3691 Unum
598 3655 779 3702 corpus
813 3657 919 3691 non
954 3650 1109 3703 potest
1145 3644 1325 3692 habere
1361 3643 1486 3693 duos
1508 3628 1687 3692 motus.
1769 3640 1926 3690 Terra
1948 3641 2092 3690 habet
2116 3649 2304 3693 motum
2331 3645 2478 3692 recti-

239 3717 431 3767 lineum
469 3715 716 3775 deorsum,
769 3729 886 3777 eryo
922 3729 1027 3763 non
1065 3714 1213 3766 habet
1255 3723 1448 3766 motum
1498 3715 1808 3764 circularem.
1890 3716 1934 3762 1.
1975 3714 2124 3763 Terra
2170 3722 2302 3774 1013,
2353 3730 2478 3778 qua-

239 3796 381 3838 tenus
418 3793 523 3837 tota
560 3796 608 3836 et
643 3793 869 3850 respectu
906 3802 1025 3836 suae
1067 3790 1314 3851 materiae,
1354 3794 1539 3837 motum
1576 3787 1720 3854 plane
1756 3785 1942 3835 nullum
1980 3786 2130 3837 habet
2166 3789 2477 3849 naturaliter,

239 3863 470 3911 materiae
520 3861 672 3922 enim,
728 3874 826 3924 qua
874 3860 1084 3923 plurima
1121 3860 1270 3911 Terra
1319 3866 1531 3923 constat,
1581 3861 1777 3923 propria
1829 3865 1902 3908 est
1943 3861 2140 3923 inertia,
2198 3873 2473 3925 repugnans
