2554 4140
843 145 982 190 Liber
1011 145 1201 191 Sextus·
1252 119 1372 190 Pars
1404 144 1627 191 Secunda.
2235 149 2360 197 ,449

104 295 152 340 in
191 291 325 342 Jove
361 292 644 354 mediocris,
693 294 741 340 in
779 292 940 344 Marte
976 297 1211 361 maxima3
1250 298 1302 344 in
1339 293 1545 359 singulis
1581 290 1738 342 minor
1774 294 1822 340 in
1863 292 2085 356 aphelio,
2122 293 2279 355 major
2316 294 2368 340 in

101 366 361 429 perihelio,
413 373 463 416 et
509 366 764 430 (concessa
800 369 1049 431 inaequali
1102 364 1421 459 translatione
1471 365 1715 433 apsidum)
1762 379 1860 414 non
1910 361 2134 416 omnibus
2186 366 2366 416 seculis

105 439 291 488 eadem.

253 526 392 590 Quid
435 532 504 574 est
549 525 702 575 iudea:
748 529 805 578 in
859 527 1213 592 Copemicana
1253 524 1430 593 forma
1479 519 1822 589 astronomiae
1869 531 1915 572 et
1961 525 2156 574 calculo
2199 498 2368 574 motus

71 608 74 612 ’
99 594 428 662 planetarum
446 599 473 646 Ρ
517 597 644 660 Quia
670 614 765 647 non
792 607 957 663 potest
982 603 1099 664 fieri,
1139 609 1193 651 ut
1214 595 1508 666 'parallaxes
1526 594 1678 647 orbis·
1702 597 1764 645 ad
1792 596 2204 647 semidiametrum
2232 599 2364 648 orbis

42 678 49 685 '
101 671 394 735 referamuS,·
418 676 474 719 ut
509 670 564 719 fit
599 674 649 719 in
688 678 989 723 astronomia
1026 671 1208 735 veteri,
1244 689 1397 738 quare
1421 674 1540 726 loco
1572 670 1904 733 scrupulorum
1931 671 2367 741 proportionalium

26 739 31 743 ’
102 743 368 807 duplicium
400 759 726 808 excessusque
751 748 1062 810 parallaxeos
1088 749 1247 808 orbis,
1288 762 1376 796 seu
1415 745 1713 794 diversitatis
1752 743 1972 791 diametri
1995 745 2046 790 in
2073 745 2371 793 astronomia

102 819 270 876 veteri,
311 817 614 866 introductus
655 825 731 867 est
766 820 1280 881 numerusindicanS,
1311 827 1458 883 ¹quae
1496 820 1563 866 sit
1596 815 1970 882 intervallorum⁴
2005 816 2135 879 Solis
2173 824 2222 866 et
2258 817 2372 879 pla-

100 895 243 939 netae
290 890 599 954 Tellurisque
653 890 722 959 (in
771 894 1019 943 schemate
1074 896 1158 944 85.
1210 893 1317 956 TS,
1379 891 1486 956 ΤΡ)
1525 903 1770 960 >summae
1821 891 2070 952 proportio
2119 889 2180 938 ad
2230 889 2372 939 diffe-

105 964 350 1012 rentiam.v
1739 965 1742 969 ²

138 1101 140 1103 ,
251 1048 516 1113 Quomodo
554 1052 854 1100 inuenitur?
899 1052 1188 1102 Differentia
1226 1053 1565 1125 distantiarum
1590 1027 1820 1114 planetae
1860 1053 1909 1096 et
1934 1047 2146 1097 Telluris
2186 1063 2216 1096 a
2241 1046 2372 1108 Sole,

100 1122 391 1185 prolongata
431 1125 646 1187 quinque
686 1125 902 1188 cyphriS,
956 1125 1192 1174 dividitur
1228 1129 1277 1174 in
1318 1141 1483 1175 earum
1522 1126 1779 1172 summam.
1857 1120 1956 1170 Sed
1993 1135 2080 1185 pro
2121 1124 2374 1183 quotiente
2439 1164 2442 1167 Α

103 1196 358 1245 commode
393 1202 556 1259 potest
595 1199 818 1260 usurpari
857 1189 1180 1266 logarithmus
1218 1200 1352 1262 ejus,
1381 1204 1434 1247 nt
1471 1194 1526 1245 fit
1563 1197 1758 1260 quidem
1797 1196 1845 1242 in
1874 1194 2080 1243 Tabulis
2107 1193 2374 1256 Rudolphi.

245 1264 384 1318 Doce
421 1273 653 1319 invenire
688 1272 942 1333 anyulum
982 1273 1317 1335 elonyationis
1355 1289 1388 1320 a
1434 1271 1546 1321 Sole
1585 1269 1792 1318 visibilis
1829 1268 2094 1330 locumque
2131 1268 2377 1316 visibilem
2457 1262 2461 1266 ’

11 1396 13 1403 y
69 1341 193 1390 'sub
232 1344 474 1404 ecliptica.
551 1343 782 1406 Tangens
820 1346 1036 1394 semissis
1077 1345 1244 1409 anguli
1284 1343 1559 1394 anomaliae
1600 1342 1996 1392 commutationis
2022 1340 2377 1403 multiplicatus

11 1405 14 1442 ³
55 1460 59 1464 .
102 1415 154 1461 in
191 1412 400 1464 indicem
438 1416 557 1464 facit
605 1422 888 1479 tangentem
937 1433 1078 1467 arcus
1117 1417 1331 1468 addendi
1371 1418 1434 1467 ad
1471 1416 1625 1465 illum
1649 1410 1900 1479 semissem
1940 1417 1989 1462 in
2029 1415 2376 1477 superioribus,

13 1483 15 1497 ¹
103 1488 420 1537 subtrahendi
461 1490 508 1536 in
549 1490 874 1551 inferioribuS,
915 1497 969 1553 ut
1008 1494 1334 1541 constituatur
1371 1485 1583 1553 angulus
1623 1476 1948 1554 elongationis
1988 1502 2018 1536 a
2045 1487 2174 1536 Sole.
2196 1484 2269 1553 ⁷⁵)
2325 1486 2378 1535 Si

15 1565 17 1575 '
102 1575 190 1623 pro
240 1568 473 1624 tangente
527 1562 821 1612 adhibeatur
872 1566 1090 1613 semissis
1137 1566 1274 1613 illius
1326 1563 1818 1626 mesologarithmus,
1869 1560 2121 1613 additione
2170 1561 2377 1623 simplici

16 1624 18 1664 ἶ
103 1633 250 1697 hujus
289 1636 353 1683 ad
390 1635 737 1698 logarithmum
776 1636 950 1687 indicis
987 1630 1150 1701 prodit
1186 1636 1675 1702 mesologarithmus
1687 1649 1829 1684 arcus
1867 1631 2103 1698 ejusdem,
2143 1633 2245 1683 illic
2283 1633 2376 1681 ad-

18 1698 19 1703 *
53 1739 58 1744 -
109 1706 271 1768 dendi‚
312 1708 393 1757 hic
430 1709 764 1758 subtrahendi.

20 1776 21 1785 ³
248 1781 437 1845 Quodsi
473 1781 615 1830 locus
653 1783 883 1845 planetae
922 1786 1221 1834 eccentricus
1259 1768 1351 1832 fuit
1390 1785 1667 1832 subtractus
1707 1797 1738 1830 a
1776 1782 1885 1830 loco
1923 1779 2055 1829 Solis
2096 1795 2254 1841 vero,
2271 1780 2377 1842 jam

20 1845 23 1890 ἶ
105 1855 251 1903 etiam
302 1854 512 1917 angulus
565 1855 893 1918 elongationis
941 1858 1003 1905 ab
1055 1858 1251 1906 eodem
1268 1863 1342 1920 est
1380 1855 1764 1917 subtrahendus3
1814 1854 1861 1902 si
1909 1852 2026 1903 v'ero
2066 1854 2199 1902 Solis
2234 1854 2374 1902 locus

70 1927 196 1976 'suit
232 1927 296 1977 ab
335 1930 606 1977 eccentrico
644 1928 874 1992 planetae
911 1929 1022 1979 loco
1060 1933 1356 1993 subtractus,
1398 1930 1478 1978 hic
1510 1930 1615 1991 J'am
1650 1927 1866 1991 angulus
1902 1927 2230 1990 elongationis
2269 1927 2379 1975 loco
2428 1942 2433 1948 ·

23 2006 26 2027 ¹
70 1999 239 2050 -Solis
274 2003 365 2051 erit
401 2000 678 2062 addenduS,
719 2008 774 2050 ut
811 2003 1022 2053 visibilis
1059 1987 1292 2067 planetae
1331 2004 1470 2052 locus
1507 2005 1558 2050 in
1597 2002 1825 2066 ecliptica
1863 2001 2083 2064 prodeat.

300 2143 336 2191 .“
390 2147 482 2195 llI.
539 2147 629 2198 De
667 2117 1144 2212 magnitudinis
1181 2136 2092 2213 planetarum<incrementis.

254 2264 439 2326 Proba,
489 2265 649 2315 Terra
686 2253 822 2328 ci'rca
862 2265 1029 2315 Solem
1068 2274 1232 2330 eunte,
1272 2269 1615 2316 necessarium
1653 2280 1764 2326 esse,
1804 2271 1865 2313 ut
1899 2265 2138 2327 planetae
2174 2257 2230 2311 i'n
2258 2263 2386 2311 Solii-⁴
2477 2285 2479 2287 v

31 2350 32 2354 ’
112 2340 333 2400 opposito
370 2341 540 2393 ‚ceteris
574 2339 789 2402 paribus
838 2340 1115 2389 ‘videantur
1151 2343 1401 2402 maJ'oreS,
1460 2354 1634 2388 versus
1658 2340 2076 2406 coniunctionem
2117 2336 2248 2386 Solis
2286 2339 2386 2384 mi-

107 2423 267 2460 nores.
345 2411 661 2460 Demonstrat
699 2406 926 2461 Euclides
967 2411 1252 2478 Opticorum
1290 2429 1429 2478 prop.
1474 2414 1566 2461 561
1608 2411 1751 2463 oculo
1790 2426 1943 2475 prope
1982 2416 2386 2473 spectatumac-

112 2481 338 2544 cedente,
389 2483 438 2531 id
478 2487 648 2546 augeri
686 2487 864 2548 putari.
942 2485 1058 2534 Jam
1097 2502 1214 2536 vero
1262 2487 1452 2536 accedit
1490 2485 1672 2550 oculus
1715 2485 1777 2533 ad
1815 2484 2096 2547 planetam,
2151 2482 2387 2546 quamdiu
2475 2502 2477 2507 ·

35 2566 37 2570 ⁴
111 2554 305 2617 Tellus,
358 2557 487 2605 oculi
540 2558 868 2618 domicilium,
921 2559 1171 2608 contendit
1218 2560 1281 2611 ad
1331 2559 1930 2623 locum-interpositionis
1970 2559 2094 2605 inter
2134 2555 2301 2604 Solem
2339 2560 2388 2604 et

109 2627 372 2691 planetam.
449 2630 579 2693 Ergo
630 2630 831 2692 planeta
878 2627 1073 2681 interim
1122 2630 1369 2682 videbitur
1417 2634 1588 2696 augeri
1641 2638 1691 2680 et
1740 2632 1985 2690 vicissim,
2014 2623 2190 2678 'Terra
2225 2628 2388 2677 locum
2429 2670 2432 2673 .

32 2735 41 2774 >.'
110 2706 494 2765 praetergressa,
535 2717 724 2751 rursum
764 2703 981 2752 diminui.
1043 2708 1097 2751 In
1136 2708 1367 2753 schemate
1409 2709 1478 2753 85.
1513 2708 1550 2763 Q
1583 2706 1784 2764 planeta,
1838 2707 1875 2750 T
1914 2705 2078 2761 Terra,
2118 2703 2390 2761 interposita

110 2768 230 2817 inter
258 2772 298 2828 Q
329 2778 376 2817 et
404 2771 435 2817 S
467 2771 639 2828 Solem,
684 2772 770 2817 erit
803 2771 1094 2818 intervallum
1123 2773 1338 2830 planet-ae
1370 2779 1415 2817 et
1446 2772 1743 2829 Terrae-TQ.
1803 2772 2074 2816 Moveantur
2114 2772 2306 2828 corpera
2342 2771 2389 2815 in

35 2870 37 2877 Α
113 2839 460 2894 consequentia,
498 2838 683 2894 planeta
713 2850 770 2882 ex
802 2837 840 2892 Q
871 2838 918 2882 in
947 2838 1008 2895 P,
1051 2837 1192 2883 Terra
1232 2850 1316 2894 per
1354 2837 1573 2894 majorem
1599 2843 1778 2893 partem
1812 2836 1967 2881 circuli
1999 2849 2055 2880 ex
2087 2836 2124 2879 T
2155 2835 2199 2879 in
2232 2837 2295 2892 Β,
2337 2842 2402 2881 ut.
2465 2850 2468 2852 ·

35 2907 38 2917 ¹
115 2899 147 2945 8
177 2901 256 2946 Sol
295 2909 342 2947 et
370 2904 405 2947 P
436 2903 621 2959 planeta
651 2903 890 2947 videantur
921 2903 1176 2978 conjuncti,
1217 2903 1395 2959 eritque
1434 2897 1721 2948 intervallum
1762 2904 1975 2959 planetae
2015 2909 2060 2946 et
2092 2903 2262 2947 Terrae
2294 2901 2384 2946 BP.

38 3015 40 3017 ,
112 2964 175 3011 Ut
202 2967 340 3024 igitur
370 2970 451 3024 TQ
481 2969 540 3014 ad
570 2968 667 3022 BP,
715 2968 781 3012 sic
811 2969 1010 3014 vicissim
1040 2968 1259 3013 diameter
1299 2967 1511 3024 planetae
1541 2969 1600 3013 in
1630 2968 1666 3011 P
1701 2968 1758 3012 ad
1789 2968 1981 3013 eandem
2011 2968 2056 3012 in
2089 2969 2141 3024 Q.
2215 2965 2387 3027 Quan-

38 3035 41 3063 ³
114 3039 194 3085 tae
245 3052 361 3087 vero
412 3044 683 3101 appareant
735 3037 959 3087 diametri
1010 3039 1315 3130 superiorum
1365 3053 1451 3101 per
1497 3039 1688 3131 tubum
1722 3037 2038 3101 dioptricum,
2092 3038 2276 3087 dictum
2315 3043 2389 3088 est

115 3105 240 3160 libro
280 3110 369 3160 IV.
409 3111 492 3160 sol.
535 3113 655 3159 329.

922 3240 1012 3291 IV.
1074 3241 1161 3312 ne
1204 3224 1579 3309 latitudine.
1648 3246 1652 3250 ·

271 3358 366 3407 Ubi
390 3365 510 3407 sunt
535 3358 673 3418 nodi,
713 3358 802 3406 ubi
827 3359 1009 3406 limites
1031 3360 1371 3421 superiorum,
1413 3364 1458 3405 et
1485 3359 1597 3420 quis
1635 3372 1809 3411 eorum
1837 3360 2037 3412 motus?
2073 3359 2387 3411 Ptolemaeus

120 3429 306 3480 invenit
343 3433 545 3480 boreum
584 3432 787 3479 limitem
828 3432 1083 3479 eccentrici
1116 3430 1311 3478 Saturni
1354 3432 1399 3477 in
1443 3430 1500 3478 30
1543 3432 1649 3491 ὲ,
1690 3430 1835 3479 Jovis
1876 3434 1922 3478 in
1969 3432 2023 3480 1⁰
2061 3435 2171 3494 τὲ,
2214 3435 2387 3483 Martis

50 3534 51 3540 ,
121 3503 170 3549 in
207 3503 300 3552 fine
334 3502 431 3571 ὓς
470 3504 616 3553 hodie
654 3506 794 3552 limes
824 3503 1021 3552 Saturni
1064 3504 1198 3550 venit
1236 3505 1283 3549 in
1326 3500 1422 3550 21⁰
1465 3504 1570 3563 ἐξ,
1611 3496 1757 3552 Jovis
1798 3506 1845 3551 in
1892 3505 1948 3552 7⁰
1990 3507 2096 3567 Q,
2136 3507 2309 3556 Martis
2337 3510 2384 3554 in

51 3583 55 3643 ξ
128 3571 218 3623 19⁰
255 3580 308 3633 Q.
384 3577 537 3639 Igitur
576 3579 663 3626 etsi
705 3577 883 3624 limites
923 3581 1145 3638 respectu
1173 3577 1308 3622 verni
1347 3577 1659 3638 aequinoctii,
1703 3578 1833 3639 quod
1860 3581 2152 3642 principium
2181 3581 2387 3629 habetur

52 3646 55 3652 '
123 3646 388 3710 eclipticam,
428 3657 717 3699 moveantur
755 3652 803 3695 in
836 3649 1204 3712 consequentia,
1228 3656 1465 3712 ‘respectu
1498 3654 1661 3699 tamcn
1687 3650 1890 3700 fixarum
1932 3667 2100 3703 omnes
2129 3659 2386 3702 moventur

55 3763 57 3771 Α
125 3719 175 3767 in
210 3721 575 3785 antecedentia3
624 3721 1033 3785 quemadmodum
1088 3728 1138 3769 ct
1187 3720 1363 3770 limites
1407 3721 1587 3771 Lunae.
1663 3723 1789 3772 Nodi
1829 3732 1943 3774 sunt
1982 3729 2030 3774 in
2070 3727 2190 3775 locIS
2232 3727 2385 3788 eclip-

56 3827 57 3830 ,
124 3792 248 3841 ticae
285 3797 502 3855 praecise
542 3795 806 3858 quadratis,
847 3793 1114 3843 ascendens
1153 3793 1349 3855 quidem
1387 3796 1435 3842 in
1475 3795 1712 3857 quadrato
1751 3800 1925 3860 priore.

274 3868 535 3930 Quomodo
582 3874 629 3916 et
666 3874 920 3930 quantum
958 3866 1280 3915 inclinantur
1330 3863 1700 3918 eccenorici'ad
1732 3872 2050 3934 eclipticam?
2109 3871 2229 3919 Cum
2270 3871 2382 3919 nodi

211 3961 366 4003 Kepleri
391 3963 527 4004 open.
564 3963 630 3998 v1.
1968 3961 2036 4006 29
