2560 4100
211 127 275 173 14
845 118 1082 176 Epistolae
1111 120 1297 178 Kepleri
1328 120 1606 176 aliorumque
1635 123 1817 164 mutuae

203 267 414 316 Telluris
453 272 502 315 et
539 261 747 328 simplici
786 269 1066 331 eccenfflco,
1108 269 1300 332 qualem
1338 268 1498 316 habeo
1536 268 1585 314 in
1621 266 1796 315 Marte.
1876 265 2071 315 Adorno
2108 281 2237 316 nunc
2276 266 2448 330 Epito—

203 355 306 388 mes
344 340 682 387 Astronomiae
722 338 1084 403 Cepernicanae
1125 343 1410 401 editionem,
1464 339 1552 388 sed
1598 339 1712 387 dum
1761 338 1825 388 ad
1873 339 2062 387 Lunam
2108 341 2284 399 venio,
2338 337 2447 400 plus

201 413 396 461 invenio
449 411 671 460 laborum
724 427 871 475 quam
924 429 1168 476 unquam,
1220 429 1329 463 cum
1377 419 1538 461 tamen
1583 415 1840 475 potissima
1886 427 1917 460 a
1971 412 2203 476 Tychone
2255 411 2447 460 Braheo

203 486 299 533 sint
336 483 576 532 absoluta.
649 484 744 534 Illa
781 485 913 535 levia
951 493 1078 548 sunt,
1120 487 1252 550 quod
1291 487 1512 534 diametri
1549 485 1785 532 luminum
1822 490 1870 533 et
1906 487 2105 534 umbrae
2132 484 2263 548 apud
2288 486 2447 546 ipsum

200 571 298 605 non
338 555 744 620 correspondent,
786 560 944 621 major
983 567 1057 609 est
1087 575 1210 608 ‘cura
1246 559 1553 622 aequationis
1590 560 1821 620 temporis
1861 563 1910 605 et
1947 557 2078 606 illius
2117 557 2445 620 inaequalita-

200 630 289 690 tis,
338 643 485 691 quam
532 632 856 680 variationem
909 631 1044 679 dixit.
1117 633 1242 680 Nam
1294 647 1390 694 quo
1439 630 1602 693 plures
1651 631 2018 692 ejus‚examino
2060 631 2446 690 observationeS,

198 702 291 750 hoc
328 703 487 750 minus
525 702 810 767 Tychonica
846 706 1052 754 variatio
1093 705 1354 767 respondet
1391 703 1689 764 observatis,
1739 702 1863 751 adeo
1902 709 1956 751 ut
1993 703 2055 750 ad
2100 706 2187 762 12,
2236 704 2313 761 13,
2366 704 2446 762 14,

206 775 269 822 15
314 776 503 823 minuta
562 776 812 826 dissideat.
886 777 944 825 In
994 778 1072 826 his
1124 777 1284 826 adhuc
1335 777 1526 825 haereo.
1601 775 1660 822 In
1713 778 1882 824 ceteris
1936 778 2006 824 sic
2058 790 2110 824 se
2149 790 2226 824 res
2263 775 2446 822 habet:

197 846 341 896 Luna
378 855 451 896 est
489 851 631 910 quasi
669 849 849 912 duplex
888 865 1061 912 corpus
1099 850 1346 912 habetque
1399 849 1642 911 duplicem
1690 849 1929 897 theoriam
1974 849 2244 912 physicam.
2321 847 2448 895 Nam

198 922 247 966 in
286 915 521 983 quantum
557 922 700 970 Luna
738 928 813 971 est
849 922 1026 985 globus
1065 924 1270 986 integer,
1325 922 1476 970 habet
1514 936 1604 970 sua
1640 917 1890 970 filamenta
1929 923 2229 983 magnetica,
2271 920 2447 982 quibus

147 1014 151 1023 ·
201 993 404 1042 efficitur
441 994 547 1056 ejus
584 1001 744 1043 motus
784 998 1077 1044 eccentricus
1116 1011 1147 1044 a
1183 996 1347 1056 Terra,
1387 997 1616 1057 aequatio
1646 991 1767 1043 liinc
1793 1001 1866 1043 est
1892 994 2177 1057 copularum
2203 992 2446 1056 graduum

202 1067 261 1129 53
296 1066 503 1116 latitudo
541 1067 780 1131 graduum
818 1068 983 1117 itidem
1014 1070 1059 1118 5.
1136 1069 1193 1116 In
1233 1074 1466 1131 quantum
1505 1082 1622 1117 vero
1662 1068 1801 1116 Luna
1839 1082 1899 1116 ex
1939 1067 2138 1116 dimidio
2166 1073 2240 1116 est
2262 1065 2448 1114 illumi-

199 1145 337 1201 nata,
387 1146 442 1188 ut
498 1146 546 1189 et
593 1140 764 1202 Terra,
816 1143 1113 1190 nanciscitur
1151 1143 1376 1191 virtutem
1415 1142 1562 1190 aliam
1600 1146 1961 1204 temporaneam
1999 1147 2047 1189 et
2085 1142 2448 1203 impraegnatur

189 1212 489 1266 illuminatio
539 1214 602 1261 ab
649 1228 869 1276 apogaeo
920 1221 1006 1262 aut
1049 1217 1306 1278 perigae0,
1365 1215 1514 1263 boreo
1564 1213 1644 1261 vel
1681 1215 1899 1262 austrino
1937 1215 2091 1262 limite
2128 1215 2261 1277 prius
2301 1212 2447 1272 dicto,

199 1291 254 1333 ut
292 1293 340 1335 et
378 1303 407 1335 a
443 1292 578 1334 motu
616 1287 720 1348 ejus
757 1286 934 1348 medio,
974 1289 1045 1336 sic
1082 1294 1137 1336 ut
1174 1289 1433 1337 crescentis
1472 1286 1804 1335 semicirculus
1845 1289 2205 1350 apogaeitatem
2245 1287 2289 1334 ei
2328 1299 2447 1346 con-

150 1351 157 1358 ’
201 1358 332 1408 ciliet
369 1359 450 1407 vel
487 1359 852 1421 borealitatem,
898 1362 941 1409 si
991 1375 1265 1423 apogaeum
1310 1360 1391 1410 vel
1429 1361 1605 1409 boreus
1642 1359 1780 1408 limes
1819 1366 1892 1409 est
1923 1362 1979 1407 in
2018 1365 2258 1409 crescente
2297 1359 2448 1407 semi—

201 1431 405 1493 circu103
445 1434 815 1494 perigaeitatem
856 1433 932 1482 vel
971 1434 1452 1495 meridionalitatem,
1492 1435 1532 1481 si
1572 1435 1854 1495 perigaeum
1893 1432 1974 1482 vel
2009 1431 2340 1482 meridionalis
2379 1431 2445 1478 li-

199 1519 301 1553 mes
341 1509 389 1553 et
425 1506 655 1553 vicissim.
706 1506 859 1555 Verbi
897 1521 1061 1567 causa,
1101 1507 1244 1556 Luna
1279 1507 1386 1569 lege
1425 1506 1660 1568 simplicis
1685 1506 1969 1568 copularum
1995 1506 2211 1555 theoriae
2238 1506 2287 1552 in
2314 1503 2443 1552 nodo

198 1591 396 1627 versans
434 1582 594 1626 tamen
635 1584 707 1627 est
744 1579 970 1639 borealis,
1012 1581 1051 1627 si
1094 1580 1270 1630 boreus
1307 1580 1446 1629 limes
1486 1585 1560 1628 est
1597 1581 1646 1627 in
1684 1578 1854 1629 eodem
1894 1594 2004 1629 cum
2032 1579 2119 1627 illa
2142 1578 2446 1628 semicirculo

200 1655 443 1700 crescente
482 1650 563 1699 vel
602 1649 933 1716 decrescente;
987 1658 1036 1700 et
1074 1655 1124 1700 in
1162 1667 1384 1717 apogaeo
1424 1667 1653 1714 versans,
1701 1658 1863 1702 tamen
1901 1653 2051 1702 habet
2088 1653 2446 1715 aequationem,

198 1726 249 1772 si.
279 1737 552 1787 apogaeum
595 1724 701 1786 ejus
741 1731 814 1773 est
850 1727 899 1772 in
939 1724 1111 1774 eodem
1148 1726 1469 1776 semicirculo,
1543 1726 1718 1789 Itaque
1765 1741 1954 1789 semper
2005 1725 2151 1788 hujus
2205 1722 2448 1774 secundae

199 1797 415 1845 theoriae
455 1811 728 1861 apogaeum
767 1804 815 1847 et
852 1797 1010 1846 nodus
1051 1799 1312 1863 conjuncta
1350 1806 1462 1847 sunt
1499 1814 1607 1848 cum
1646 1799 1763 1847 Sole
1800 1799 1881 1848 vel
1921 1798 2027 1862 ejus
2066 1801 2319 1862 opposito,
2359 1811 2448 1845 nec

197 1875 455 1919 transeunt
492 1886 521 1919 a
553 1869 666 1919 Sole
704 1870 767 1919 ad
806 1873 1100 1934 oppositum,
1141 1873 1227 1922 sed
1254 1875 1628 1936 exstinguuntur
1665 1874 1714 1920 in
1754 1871 1849 1921 uno
1888 1887 1974 1935 per
2011 1872 2268 1920 transitum
2307 1871 2447 1933 primi

136 2007 140 2011 Ι
200 1940 410 2007 apogaei
450 1945 496 1990 in
539 1943 773 2007 quadras,
833 1944 1152 1995 incenduntur
1202 1948 1250 1994 in
1302 1947 1527 2009 opposito
1575 1960 1661 2008 per
1710 1960 1959 1995 accessum
2010 1945 2141 1994 illius
2182 1961 2210 1994 a
2251 1942 2448 2007 quadris

201 2016 264 2065 ad
302 2016 520 2079 copulas,
581 2016 719 2066 Haec
775 2019 1080 2068 exactissime
1128 2019 1446 2069 conciliantur
1484 2034 1592 2068 cum
1647 2020 1829 2068 tabulis
1867 2018 2116 2083 Tychonis
2155 2017 2447 2081 LunaribuS,

198 2091 302 2138 sine
341 2089 583 2139 solutione
618 2091 873 2154 trianguli,
925 2106 1011 2155 per
1055 2092 1276 2142 tabulam
1315 2090 1588 2156 expeditam
1628 2099 1676 2141 et
1713 2091 1938 2150 facilem;
1977 2092 2165 2155 reliqua
2203 2105 2328 2154 quae
2367 2104 2447 2138 se-

200 2168 426 2226 quuntur,
463 2162 622 2211 adhuc
659 2165 709 2210 in
749 2165 855 2227 ipso
895 2166 1042 2215 etiam
1081 2165 1313 2230 Tychone
1351 2173 1465 2215 sunt
1503 2168 1702 2226 incerta,
1740 2172 1796 2214 ut
1833 2165 1947 2213 dixi.
2021 2165 2147 2213 Nam
2186 2166 2233 2212 in
2273 2177 2447 2226 genere

199 2235 395 2299 quidem
433 2236 555 2285 haec
594 2243 668 2285 est
705 2237 961 2300 analogia,
1004 2238 1136 2301 quod
1174 2241 1298 2288 sicut
1334 2241 1541 2302 primum
1579 2230 1850 2301 apogaeum
1887 2252 1975 2301 pro
2015 2244 2230 2301 tempore
2270 2238 2448 2286 excitat

201 2316 249 2358 et
287 2315 437 2372 auget
475 2315 560 2357 aut
598 2311 772 2367 minuit
810 2317 858 2360 et
896 2313 1162 2375 exstinguit
1198 2327 1473 2376 apogaeum
1523 2311 1816 2372 secundum,
1871 2312 2047 2360 boreus
2085 2312 2227 2359 limes
2265 2311 2447 2374 primus

203 2383 545 2431 borealitatem
584 2383 846 2432 secundam
887 2400 974 2434 seu
1013 2391 1332 2446 menstruam,
1385 2387 1456 2436 sic
1492 2376 1640 2435 etiam
1678 2391 1838 2434 motus
1877 2383 2064 2434 medius
2103 2385 2297 2445 Lunae,
2339 2397 2448 2431 cum

200 2461 274 2504 est
308 2457 361 2503 ‘in
402 2455 635 2504 directum
674 2458 785 2506 viae
827 2457 1039 2507 Telluris
1087 2461 1213 2508 circa
1252 2458 1440 2520 Solem,
1488 2473 1708 2522 prorsum
1756 2456 1836 2507 vel
1890 2464 2178 2519 retrorsum,
2230 2471 2297 2505 sc.
2339 2470 2448 2505 cum

200 2527 365 2577 circuli
402 2528 812 2579 illuminationum
852 2538 1122 2594 congruunt
1158 2532 1453 2595 paralleliter
1501 2538 1548 2581 et
1584 2537 1787 2593 uterque
1823 2529 2001 2594 globus
2038 2532 2175 2580 alteri
2214 2529 2294 2579 vel
2332 2528 2444 2591 ple-

198 2616 288 2649 nus
328 2608 532 2665 apparet
567 2601 647 2651 vel
685 2618 899 2665 vacum,
944 2605 1221 2654 foeneratur
1250 2603 1444 2669 ‘aliquid
1482 2605 1750 2668 adjumenti
1788 2607 1925 2666 quasi
1967 2620 2026 2653 ex
2064 2603 2208 2664 Sole,
2262 2608 2348 2650 aut
2386 2616 2445 2650 ex

198 2675 551 2724 illuminatione
589 2675 669 2724 vel
707 2678 783 2725 sui
820 2677 900 2726 vel
939 2677 1149 2727 Telluris
1186 2679 1264 2728 vel
1304 2681 1580 2742 utriusque;
1626 2689 1732 2726 cum
1772 2691 1888 2726 vero
1928 2683 2002 2726 est
2039 2679 2086 2725 in
2113 2683 2443 2726 transversum

199 2749 382 2796 itineris
420 2747 658 2810 Telluris,
706 2764 770 2798 sc.
813 2752 939 2799 circa
977 2751 1210 2814 quadraS,
1263 2759 1379 2801 tunc
1415 2758 1576 2800 motus
1614 2751 1782 2815 Lunae
1821 2749 2011 2799 medius
2051 2751 2197 2799 sentit
2235 2747 2448 2811 impedi·-

200 2826 437 2869 mentum:
479 2828 527 2869 et
564 2822 686 2870 haec
722 2829 796 2872 est
833 2823 919 2873 illa
957 2824 1179 2889 Tychoni
1220 2825 1349 2875 dicta
1386 2826 1619 2885 variatio,
1672 2838 1796 2886 quae
1836 2830 2022 2884 tamen,
2064 2831 2118 2872 ut
2155 2836 2304 2885 supra
2343 2820 2448 2869 dic-

201 2900 317 2954 tum,
356 2893 568 2942 nondum
608 2898 728 2943 satis
765 2896 1048 2959 scrupulose
1087 2913 1197 2947 cum
1223 2899 1645 2947 observationibus
1672 2903 1746 2945 est
1771 2896 2052 2958 conciliata3
2091 2897 2300 2945 variatio
2331 2896 2445 2956 qui-

201 2966 309 3016 dem
348 2966 631 3030 Tychonica
669 2975 838 3018 exacte
878 2972 1158 3033 exprimitur
1195 2987 1280 3034 per
1315 2973 1410 3020 ista
1446 2972 1712 3034 principia,
1764 2976 1811 3018 et
1849 2976 1922 3018 est
1959 2970 2087 3018 haec
2121 2984 2231 3018 cum
2267 2969 2446 3031 priori-

202 3041 292 3088 bus
335 3039 581 3102 analogia,
637 3042 768 3103 quod
806 3044 953 3091 etiam
991 3043 1098 3105 hic,
1149 3044 1380 3108 quamdiu
1431 3045 1571 3093 Luna
1609 3050 1682 3092 est
1720 3044 1767 3089 in
1809 3042 2110 3091 semicirculo
2151 3039 2275 3108 (non
2316 3055 2449 3088 cres-

202 3117 338 3162 cente
376 3112 482 3183 sed)
522 3117 770 3175 superiori,
811 3117 859 3162 in
899 3131 995 3178 quo
1034 3123 1109 3165 est
1146 3119 1407 3181 oppositio,
1449 3119 1564 3180 quia
1589 3122 1704 3165 tunc
1728 3117 1886 3179 pergit
1910 3117 2041 3163 viam
2068 3115 2292 3174 Telluris,
2332 3114 2449 3162 facit

201 3188 368 3234 etiam
385 3185 717 3247 adjumentum
755 3188 847 3236 hoc
883 3203 1168 3251 promovere
1206 3191 1395 3239 Lunam
1435 3190 1702 3240 secundum
1740 3190 1872 3237 viam
1909 3188 2142 3249 Telluris3
2185 3203 2292 3237 cum
2331 3201 2447 3235 vero

200 3259 342 3307 Luna
376 3273 463 3321 per
498 3259 772 3308 inferiorem
810 3263 1162 3311 semicirculum
1203 3264 1483 3327 copularem
1518 3264 1716 3324 transit,
1770 3262 1861 3311 etsi
1907 3266 2022 3309 tunc
2059 3268 2280 3310 movetur
2320 3261 2448 3308 viam

202 3331 386 3380 Telluri
424 3333 739 3394 contrariam,
791 3334 909 3383 facit
949 3341 1110 3384 tamen
1149 3338 1295 3386 etiam
1332 3337 1666 3400 adjumentum
1701 3298 1797 3383 boc
1831 3348 2117 3398 promovere
2156 3336 2288 3382 viam
2327 3331 2448 3381 Tel-

202 3404 294 3453 luri
333 3406 635 3454 contrariam.

345 3476 484 3526 Haec
532 3480 579 3525 in
631 3492 860 3541 praesens
909 3480 1117 3530 scribere
1170 3478 1322 3531 volui.
1398 3482 1475 3531 Tu
1520 3495 1616 3544 quo
1666 3480 1775 3530 loco
1830 3480 1927 3528 sint
1979 3478 2322 3542 chronologica
2359 3485 2444 3528 tua

201 3550 371 3599 scribe.
445 3549 589 3600 Mitto
628 3566 750 3612 mea,
790 3552 978 3601 remitte
1017 3553 1116 3615 illa,
1158 3546 1352 3616 quando
1390 3556 1581 3618 legeris,
1621 3554 1893 3603 Straussius
1932 3554 2214 3603 occasiones
2253 3552 2444 3601 indica-

203 3624 288 3674 bit.
363 3622 504 3672 Vale.
584 3624 630 3673 5.
671 3624 791 3686 Maji
837 3626 988 3675 1616.
1063 3626 1236 3676 Lincii.
1313 3628 1386 3676 Cl.
1426 3630 1488 3676 D.
1527 3627 1586 3676 T.

1287 3699 1757 3751 observantissimus

2005 3771 2059 3821 J.
2098 3769 2300 3835 Kepler.
