2554 4140
203 96 305 172 528
482 139 497 153 -2
864 116 869 119 ’
1023 117 1257 173 Epitomes
1288 89 1606 163 Astronomiae

199 268 338 316 annis
376 280 522 313 unam
553 265 694 323 diem,
734 266 781 311 in
823 265 927 312 400
967 270 1062 313 tres
1102 264 1205 313 dies
1244 266 1557 327 aequinoctia
1594 267 1852 329 anticipat3
1894 265 2024 328 quod
2049 280 2195 329 quam
2235 267 2450 328 proxime

205 340 428 402 exprimit
467 336 704 385 ordinatio
746 337 905 384 civilis
944 340 1082 402 annis
1123 336 1435 399 Gregoriani,
1482 344 1533 384 ut
1562 333 1644 386 'est
1679 337 1804 387 libro
1843 339 1934 388 ΙΙΙ.
1974 340 2058 388 sol.
2101 341 2220 386 247.

353 409 492 458 Unde
529 411 767 457 accersita
805 415 875 457 est
910 404 1135 458 Romam
1174 411 1303 457 anni
1338 409 1548 456 Juliani
1583 411 1757 457 ratio?
1805 410 2064 472 Quantitas
2118 411 2224 473 ejus
2264 410 2449 458 dierum

205 483 306 531 365
353 496 462 530 cum
502 481 799 543 quadrante,
841 483 924 544 qui
963 490 1171 544 quatuor
1210 483 1391 530 exactis
1432 483 1571 545 annis
1610 482 1894 532 conficiebat
1931 500 2076 533 unam
2117 484 2242 531 diem
2282 497 2454 544 super-

199 556 544 615 numerarium‚
590 555 652 603 ab
679 555 1029 616 antiquissimis
1070 555 1367 616 temporibus
1393 555 1483 602 suit
1523 554 1832 603 observataa
1858 555 2072 618 Graccis,
2113 558 2267 605 forma
2293 562 2455 603 tamen

197 627 309 676 alia.
384 625 552 675 Julius
593 629 759 690 itaque
801 626 982 676 Caesar
1021 627 1293 675 Romanam
1334 628 1378 675 ei
1417 633 1584 688 togam
1619 619 1789 675 induit.

349 700 516 763 Quam
564 702 830 748 rationem
862 707 1054 748 secutus
1103 705 1171 747 est
1219 699 1395 747 Julius
1446 698 1633 748 Caesar
1685 702 1741 747 in
1792 701 2149 749 constituendis
2200 703 2451 748 mensium

196 787 407 821 suorum
446 772 641 820 initiis?
697 771 937 821 Calendas
975 771 1161 832 Julias,
1213 774 1393 821 mensis
1434 788 1462 820 a
1500 786 1553 820 se
1594 771 1733 836 dicti,
1788 771 1943 821 voluit
1990 771 2082 820 dici
2123 773 2248 822 diem
2296 773 2449 832 illum,

199 859 295 908 quo
336 845 413 893 die
453 859 619 894 omnes
672 860 875 907 graecae
913 846 1135 893 nationes
1187 859 1246 894 ex
1285 846 1621 906 antiquissimo
1676 847 1772 892 ritu
1822 845 2047 892 ludorum
2089 844 2450 909 Olympicorum

197 918 438 980 putabant
475 917 737 966 solstitium
778 917 970 978 confici,
1013 932 1310 980 quamquam
1350 916 1471 964 illud
1509 931 1663 979 usque
1704 916 1766 964 ad
1793 916 2059 980 Hipparchi
2100 923 2317 980 tempora
2350 919 2455 980 jam

197 1005 282 1053 per
322 990 424 1039 dies
464 996 573 1039 octo
612 993 659 1038 in
700 989 974 1038 calendario
1015 989 1310 1038 Graecorum
1350 989 1482 1039 civili
1523 992 1892 1052 anticipaverat,
1933 990 2062 1052 quod
2101 992 2281 1052 primus
2325 991 2451 1053 Hip-

191 1062 410 1126 ‘parchus
451 1063 643 1111 docuit:
684 1062 895 1110 solstitia
934 1068 980 1111 et
1019 1064 1332 1124 aequinoctia
1371 1061 1607 1126 (intellige
1645 1065 1832 1125 priscae
1872 1060 2244 1128 observationis)
2282 1065 2330 1110 in
2369 1077 2454 1110 oc-

200 1137 328 1185 tavis
379 1137 598 1199 partibus
650 1137 899 1197 signorum
953 1135 1120 1184 confici
1175 1150 1412 1184 asserens.
1488 1135 1684 1184 Dictum
1737 1135 1831 1184 hoc
1875 1135 1968 1183 fuit
2005 1135 2264 1183 solstitium
2304 1134 2455 1184 Chal-

201 1209 427 1268 daicum„
483 1209 656 1270 Itaque
695 1207 859 1256 Julius
900 1207 1080 1257 Caesar
1119 1223 1232 1257 vera
1270 1207 1541 1271 Hipparchi
1597 1208 1806 1257 solstitia
1857 1214 1905 1258 et
1943 1209 2280 1270 aequinoctia,
2332 1223 2456 1270 quae

200 1284 248 1329 in
286 1283 531 1346 principiis
571 1283 819 1343 signorum
857 1281 1204 1343 contingebant
1243 1295 1469 1344 quaeque
1509 1283 1614 1343 ipse
1651 1282 1859 1344 putabat
1898 1283 2161 1330 etiamnum
2200 1295 2288 1329 suo
2331 1285 2456 1330 tem-

200 1369 317 1419 pore
357 1353 536 1412 valere‚
577 1353 832 1416 adscripsit
871 1354 934 1403 ad
973 1354 1112 1402 VIII.
1154 1354 1257 1403 Cal.
1298 1355 1550 1403 mensium.
1574 1350 1640 1417 ⁹⁵)

347 1426 480 1488 Quid
526 1428 686 1488 iyitur
731 1433 820 1487 est,
861 1426 998 1489 quod
1037 1427 1238 1475 Plinius
1277 1427 1478 1484 alicubi,
1519 1426 1715 1475 necnon
1753 1432 1799 1474 et
1839 1425 2114 1476 Columella
2151 1427 2254 1473 suis
2292 1426 2455 1474 adhuc

199 1499 505 1563 temporibus
541 1500 911 1548 transscribunt
949 1500 1039 1546 illa
1077 1502 1229 1548 etiam
1269 1500 1340 1547 ad
1375 1499 1499 1548 XV.
1547 1499 1696 1548 Cat?
1734 1499 1927 1547 Certum
1969 1505 2066 1558 est,
2107 1498 2456 1548 hallucinatio-

200 1588 312 1622 nem
358 1572 453 1620 illis
493 1586 553 1619 ex
591 1571 874 1621 confusione
915 1571 1214 1620 diversarum
1264 1572 1576 1621 traditionum
1622 1572 1921 1634 obrepsisse,
1977 1571 2114 1634 cujus
2165 1571 2290 1620 duae
2338 1587 2458 1635 pos-

201 1655 313 1693 sunt
358 1644 548 1694 ostendi
587 1645 874 1694 verisimiles
915 1647 1212 1694 occasiones.
1288 1645 1451 1693 Prima
1491 1648 1553 1693 sit
1590 1645 1707 1693 ista:
1762 1659 1869 1692 cum
1919 1645 2045 1693 enirn
2084 1643 2360 1693 hausissent
2399 1659 2456 1693 ex

201 1717 514 1781 Hipparcho,
573 1717 810 1779 solstitia,
867 1723 988 1780 puta
1027 1717 1322 1779 Chaldaica,
1381 1716 1550 1767 confici
1599 1719 1648 1764 in
1700 1717 2155 1779 octavispartibus
2209 1719 2456 1779 signorum

202 1806 357 1854 eoque
409 1789 663 1839 emendate
718 1789 953 1839 utendum
1012 1791 1354 1840 observatione
1411 1790 1756 1850 solstitiorum,
1814 1791 1905 1854 ipsi
1963 1790 2305 1838 transferentes
2362 1790 2456 1839 hoc

205 1864 383 1926 dogma
428 1863 494 1911 ad
531 1863 742 1912 solstitia
780 1863 1138 1926 Hipparchica,
1180 1864 1286 1927 jam
1325 1862 1506 1911 dudum
1545 1879 1573 1911 a
1613 1862 1822 1912 Caesare
1862 1863 2131 1923 emendata,
2171 1862 2355 1912 seilicet
2392 1862 2456 1912 ad

200 1936 344 1985 V-III.
385 1936 490 1985 Cal.
530 1935 797 1999 adscripta,
837 1936 1036 2000 perinde
1077 1951 1134 1986 ac
1173 1940 1215 1986 si
1254 1937 1340 1986 illa
1378 1937 1538 1985 adhuc
1575 1936 1912 1985 emendatione
1951 1941 2147 1998 egerent
2173 1938 2457 1999 octavisque

204 2012 453 2073 signorum
492 2010 714 2072 partibus
753 2009 1122 2058 accommodata
1161 2004 1346 2071 es'sent,
1400 2009 1461 2057 ad
1507 2009 1686 2072 primas
1736 2009 1820 2057 illa
1872 2016 2035 2071 partes
2085 2011 2331 2070 signorum
2371 2022 2457 2057 seu

203 2088 405 2132 octavas
459 2088 586 2130 retro
635 2082 970 2131 transferenda
1025 2090 1073 2131 et
1121 2085 1191 2132 sic
1241 2084 1304 2132 ab
1343 2082 1484 2131 VIII.
1525 2081 1628 2131 Cal.
1676 2081 1738 2130 ad
1777 2081 1894 2131 XV.
1938 2081 2038 2130 Cal.
2097 2080 2455 2130 ascendendum

202 2157 294 2204 sibi
334 2159 639 2204 censuerunt.

268 2240 270 2242 ’
350 2229 518 2276 Altera
555 2226 977 2282 errandi-occasio
1014 2227 1070 2276 fit
1106 2241 1165 2276 ex
1204 2227 1395 2275 Eudoxi
1434 2225 1640 2289 sphaera
1677 2225 1811 2291 rudi,
1858 2231 1912 2273 ut
1940 2227 2009 2272 ‘in
2050 2239 2146 2287 qua
2185 2225 2333 2275 coluri
2374 2241 2459 2290 per

209 2300 370 2350 media
420 2302 562 2362 signa
601 2299 773 2348 Cancri
825 2306 873 2349 et
911 2299 1218 2363 Capricorni,
1273 2300 1451 2347 Arietis
1491 2306 1539 2347 et
1579 2295 1758 2348 Librae
1796 2299 2080 2356 transibant.
2156 2300 2219 2347 Et
2258 2299 2306 2346 id
2347 2301 2459 2361 qui-

202 2374 341 2430 dem,
380 2375 433 2421 ‘si
482 2373 760 2421 asterismos
810 2379 1027 2435 specteS,
1082 2373 1239 2422 fuerat
1276 2372 1568 2434 aliquando,
1621 2371 1866 2433 talemque
1906 2371 2188 2434 sphaeram,
2238 2370 2457 2434 plurimis

203 2454 330 2496 retro
381 2445 558 2495 seculis
605 2445 1043 2506 accommodatam,
1097 2445 1330 2494 Eudoxus
1368 2445 1571 2493 fortasse
1609 2446 1782 2493 nactus
1821 2451 1938 2492 erat.
2015 2443 2111 2492 Sed
2149 2450 2274 2505 esto,
2323 2450 2458 2493 tran-

204 2521 408 2568 siverint
459 2518 610 2567 coluri
659 2533 746 2581 per
793 2518 954 2566 media
1001 2533 1097 2566 non
1147 2521 1506 2567 asterismoruin
1563 2516 1646 2565 sed
1705 2516 2204 2566 dodecatemoriorum
2253 2517 2457 2568 zodiaci.

203 2594 332 2641 Fieri
368 2594 536 2654 itaque
575 2593 749 2654 potuit,
789 2597 842 2639 ut
880 2590 1166 2649 Columella,
1207 2590 1371 2640 Solem
1398 2589 1628 2639 Calendis
1668 2591 1714 2636 in
1756 2590 1920 2638 coluro
1960 2592 2142 2638 versari
2170 2590 2460 2638 solstitium—
2548 2594 2554 2657 ζ

204 2681 297 2728 que
335 2665 428 2728 ibi,
476 2663 561 2712 sed
603 2663 918 2712 Chaldaicum
960 2670 1008 2712 et
1046 2664 1318 2713 obsoletum
1358 2669 1602 2712 vetustate
1641 2662 1875 2712 conficere
1914 2669 2170 2726 reputans,
2221 2665 2461 2712 censuerit
2546 2680 2554 2725 j,

203 2740 296 2786 sibi
348 2752 515 2786 verum
563 2739 639 2785 sui
688 2738 918 2801 temporis
968 2736 1229 2786 solstitium
1281 2737 1410 2800 apud
1459 2737 1649 2784 initium
1690 2735 1888 2794 Cancri,
1943 2735 2075 2798 quod
2121 2737 2182 2784 15
2223 2736 2456 2798 gradibus
2544 2768 2545 2779 ἢ

205 2810 526 2860 antecedebat
574 2812 624 2857 in
660 2809 854 2858 Eudoxi
892 2810 1132 2875 sphaera,
1183 2809 1512 2873 quaerendum
1566 2823 1721 2872 eaque
1767 2811 1952 2857 ratione
1992 2823 2243 2857 nnmerum
2284 2825 2314 2858 a
2353 2808 2481 2882 Cal„
2544 2831 2545 2862 3

208 2883 270 2932 ad
308 2883 426 2932 XV.
469 2881 571 2931 Cal.
613 2882 894 2933 extenderit.
1206 2892 1209 2894 ’
2027 2895 2030 2898 ’

349 2955 481 3017 Quid
528 2958 755 3019 sequitur
804 2970 875 3014 ,ex
927 2955 1019 3003 hoc
1070 2957 1286 3004 circuitu
1334 2955 1554 3003 limitum
1607 2954 1800 3002 orbitae
1856 2951 2066 3001 Telluris
2116 2955 2172 3000 in
2226 2952 2459 3015 planetas
2539 2988 2542 2996 .

205 3029 422 3077 ceteros?
483 3031 525 3076 l.
566 3028 618 3078 Si
664 3028 842 3077 limites
893 3029 1080 3077 orbitae
1118 3027 1327 3076 Telluris
1378 3029 1427 3074 in
1464 3025 1700 3090 parallelo
1749 3027 1861 3074 viae
1908 3027 2095 3088 regiae,
2146 3025 2238 3073 hoc
2301 3031 2373 3073 est
2419 3027 2459 3072 si
2538 3056 2540 3074 ff

204 3101 304 3164 poli
356 3102 540 3150 orbitae
592 3103 641 3148 in
688 3101 893 3153 circellis,
930 3103 1095 3163 parvis
1134 3102 1261 3149 circa
1292 3096 1439 3163 ‘polos
1478 3102 1588 3148 viae
1635 3101 1797 3162 regiae
1851 3097 2172 3157 circumeunt,
2228 3098 2460 3160 equidem

208 3175 353 3222 etiam
393 3175 605 3222 omnium
644 3175 936 3236 reliquorum
975 3174 1308 3238 primariorum
1348 3173 1650 3235 planetarum
1702 3171 1802 3235 poli
1857 3171 2120 3219 orbitarum
2167 3169 2306 3233 polos
2347 3170 2459 3218 illos

204 3246 364 3307 regios
417 3248 812 3296 circumstabunt.
890 3245 1052 3308 Quare
1103 3247 1517 3309 sive‘quiescant
1565 3245 1634 3291 illi
1685 3245 1775 3292 sub
1823 3243 1952 3303 fixis,
2007 3246 2111 3291 sive
2153 3248 2454 3304 moveantur,

208 3317 467 3366 dummodo
507 3319 691 3367 tardius
730 3324 843 3369 cant
866 3319 992 3382 polis
1032 3319 1299 3381 eclipticae,
1339 3333 1538 3368 necesse
1578 3325 1652 3367 est
1689 3317 1778 3365 hos
1817 3316 2001 3364 abillis
2040 3331 2168 3364 nunc
2195 3315 2460 3376 discedere,
2532 3348 2533 3352 ,

208 3403 336 3439 nunc
374 3389 436 3438 ad
474 3389 584 3438 illos
623 3392 866 3450 accedere,
943 3392 1052 3441 Illic
1090 3394 1237 3455 igitur
1275 3394 1582 3454 augebuntur
1606 3389 1939 3439 inclinationes
1978 3391 2217 3438 maximae
2251 3388 2456 3436 limitum

211 3463 272 3513 ad
312 3462 586 3525 eclipticam
625 3468 976 3527 temporariam,
1017 3465 1097 3514 hic
1134 3466 1426 3512 minuentur.
1771 3496 1779 3509 ,

352 3535 525 3593 Martis
564 3535 759 3596 quidem
795 3538 934 3586 limes
974 3540 1022 3584 in
1062 3541 1100 3597 ἑξ
1138 3543 1212 3586 est
1252 3539 1379 3586 circa
1406 3535 1576 3585 Cordis
1614 3533 1828 3595 stellam,
1866 3532 2009 3595 polus
2047 3534 2193 3596 igitur
2234 3533 2339 3596 ejus
2381 3547 2460 3581 or-

208 3610 341 3658 bitae
380 3607 589 3656 declinat
627 3622 794 3655 versus
847 3618 943 3670 5:11,
984 3612 1111 3659 circa
1149 3610 1192 3658 R
1223 3613 1326 3668 (Fig.
1361 3612 1454 3668 98),
1494 3614 1548 3656 ut
1586 3609 1627 3656 si
1660 3606 1742 3655 FP
1770 3609 1816 3653 in
1857 3605 1916 3670 ἦ
1963 3609 2136 3668 vergit,
2179 3605 2264 3654 PR
2293 3611 2464 3668 vergat

209 3684 256 3729 in
322 3690 418 3743 113,
469 3679 642 3742 quodsi
687 3679 829 3741 polus
876 3683 967 3730 iste
1020 3683 1204 3732 orbitae
1242 3683 1414 3730 Martis
1462 3684 1508 3728 in
1561 3678 1896 3728 antecedentia
1947 3685 2192 3739 movetur,
2246 3677 2463 3727 ascendit

210 3756 355 3816 igitur
397 3767 566 3802 versus
606 3750 663 3812 Q,
705 3752 934 3800 ascendat
972 3754 1169 3814 tardius,
1212 3770 1359 3818 quam
1387 3754 1529 3818 polus
1569 3752 1917 3815 eclipticaeex
1947 3750 1987 3798 O
2017 3752 2063 3796 in
2103 3751 2143 3797 P
2184 3750 2459 3810 descendat,

211 3834 263 3875 ut
299 3830 370 3876 sic
420 3826 535 3874 olim
575 3822 671 3876 0ss
710 3826 865 3872 minus
917 3827 1216 3875 semicirculo
1270 3828 1439 3887 fuerit,
1495 3826 1689 3874 brevior
1728 3825 1873 3885 igitur
1910 3823 2000 3871 fuit
2038 3823 2153 3872 olim
2193 3822 2285 3872 ΒΟ
2317 3838 2461 3885 quarn
