2560 4100
199 116 269 165 40
829 109 1064 168 Epistolae
1094 110 1281 170 Kepleri
1310 112 1588 169 aliorumque
1618 115 1803 158 mutuae

753 256 836 298 Εἰς.
861 257 896 291 ³·
1456 266 1505 309 et
1556 259 1963 323 complementum
2017 262 2179 326 Aci),
2253 265 2449 315 additus

1453 331 1585 381 DCE
1635 333 1750 382 facit
1800 334 1929 390 ACE
1979 335 2215 401 daturque
2272 339 2352 388 GE
2402 345 2452 388 et

1381 450 1384 453 .
1453 409 1654 454 inventa
1714 411 1788 455 est
1849 408 1950 457 CA.
2031 410 2243 460 Rursum
2304 414 2452 475 igitur

1455 478 1601 527 ducto
1662 480 2052 541 perpendiculari
2113 483 2208 533 AG
2267 485 2318 532 in
2368 485 2450 534 EC

1453 551 1800 614 continuatam,
1841 560 1890 603 et
1924 569 2010 618 per
2039 555 2178 606 ACG
2215 560 2452 622 excerptis

1451 624 1637 672 sinibus
1676 625 1714 673 C
1762 630 1811 674 et
1849 627 1923 688 A,
1972 630 2062 676 erit
2107 635 2163 678 ut
2207 636 2340 680 totus
2388 631 2453 680 ad

1448 697 1539 746 hos
1578 699 1728 757 sinuS,
1768 699 1839 747 sic
1873 699 1958 748 Ac
1989 701 2052 749 ad
2078 701 2187 764 AG,
2230 703 2331 765 GC,
2373 707 2451 753 eui

1450 769 1619 818 addita
1659 769 1738 818 GE
1789 770 1844 819 fit
1881 772 1984 822 GE.
2059 772 2127 824 Ut
2165 776 2321 838 'igitur
2359 777 2452 827 AG

1449 842 1514 892 ad
1568 842 1684 903 GE,
1745 844 1815 893 sie
1867 850 1999 895 totus
2053 847 2117 896 ad
2171 854 2453 913 tangentem

1447 915 1612 979 EAG3
1684 915 1806 966 hinc·
1858 919 1995 969 aufer
2061 919 2223 983 CAG,
2287 932 2453 973 manet

1446 988 1601 1050 EAG,
1666 991 1748 1051 qui
1802 1004 1911 1040 cum
1964 991 2094 1042 CAB
2146 995 2263 1044 facit
2315 996 2448 1045 EAB

1445 1062 1927 1132 prosthaphaeresinr
1971 1063 2038 1115 Ut
2063 1081 2180 1117 vero
2219 1073 2351 1118 totus
2389 1069 2453 1118 ad

1447 1143 1692 1185 secantem
1717 1136 1869 1201 EAG,
1911 1140 1981 1189 sic
2014 1139 2108 1189 AG
2146 1140 2208 1190 ad
2248 1140 2336 1190 ΑΕ
2376 1143 2452 1193 di-

576 1239 579 1245 .
1366 1269 1370 1273 ῃ
1443 1211 1693 1258 stantiam.
1950 1226 1955 1239 ’

335 1288 433 1339 Hic
472 1293 556 1339 aut
594 1293 648 1337 tu
685 1303 762 1338 me
802 1288 922 1339 doce
959 1287 1234 1337 breviorem
1281 1284 1410 1332 viam
1449 1284 1531 1331 vel
1568 1284 1618 1330 in
1640 1281 1908 1345 Copernico
1948 1285 2028 1334 vel
2065 1287 2114 1334 in
2153 1287 2451 1350 Ptolemaeo,

189 1365 275 1410 aut
312 1361 481 1423 fatere,
520 1376 677 1411 meam
717 1362 800 1411 fol.
844 1363 946 1411 686
988 1375 1095 1411 esse
1133 1358 1290 1407 multo
1330 1356 1601 1405 breviorem
1640 1361 1861 1419 utraque.
1937 1359 2056 1408 Esto
2094 1365 2257 1411 tamen
2296 1368 2351 1411 ut
2388 1364 2452 1411 sit

188 1435 400 1498 longior,
456 1440 508 1484 at
545 1436 782 1498 genuinas
822 1435 906 1484 dat
947 1434 1245 1498 quantitates
1282 1428 1736 1493 prosthaphaeresis
1777 1436 1824 1479 et
1862 1429 2142 1494 distantiae,
2183 1434 2296 1485 illae
2334 1451 2451 1485 vero

190 1507 491 1571 hypotheses
531 1510 707 1558 vitiant
754 1515 1024 1572 utramque.
1100 1503 1308 1554 Planeta
1355 1503 1482 1552 enim
1521 1501 1654 1567 apud
1692 1502 2028 1554 Ptolemaeum
2075 1521 2173 1556 non
2210 1509 2391 1557 recedit
2423 1525 2453 1558 a

192 1582 369 1630 circulo
411 1596 580 1631 versus
621 1586 852 1643 centrum,
893 1584 942 1630 in
971 1580 1242 1643 Copernico
1284 1577 1431 1626 etiam
1470 1578 1570 1626 exit
1606 1574 1734 1624 ultra
1762 1577 2008 1640 circulum,
2048 1580 2180 1642 quod
2217 1583 2266 1629 in
2294 1581 2451 1631 Marte

189 1654 496 1705 intolerabile
537 1654 723 1718 aliquid
762 1656 922 1705 efficit.
998 1653 1217 1702 Probavi
1255 1651 1349 1699 hoc
1386 1651 1436 1697 in
1477 1648 1745 1699 Comment.
1785 1649 1958 1699 Martis
2005 1667 2090 1715 per
2143 1655 2451 1704 observatio-

187 1742 289 1777 nes,
355 1729 580 1792 Denique
606 1727 787 1778 tabulis
827 1729 1018 1792 scriptis
1055 1724 1177 1775 nihil
1214 1726 1431 1785 interest,
1468 1722 1619 1787 longa
1655 1724 1721 1772 sit
1758 1737 1820 1772 an
1856 1724 2018 1776 brevis
2045 1728 2142 1789 via,
2181 1742 2269 1791 per
2306 1742 2450 1791 quam

188 1806 302 1851 sunt
339 1804 429 1851 scri
470 1807 564 1851 tae.

333 1875 398 1924 At
434 1817 623 1925 {umeri
647 1879 760 1923 sunt
784 1873 1002 1937 prolixi?
1043 1873 1258 1922 Decurta
1283 1869 1432 1934 igitur
1467 1868 1594 1918 illos.
1650 1867 1780 1918 Area
1806 1869 2002 1933 quidem
2029 1873 2195 1922 circuli
2227 1874 2452 1924 scribitur

188 1947 354 2010 figuris
382 1951 439 1997 11
450 1986 461 2011 ,
488 1954 542 1998 ut
567 1947 857 2012 quadratum
883 1947 1032 2010 radii;
1073 1951 1124 1995 at
1155 1946 1220 1993 1¹¹
1247 1945 1379 1994 valet
1405 1956 1444 1991 e.
1469 1943 1662 2004 24240,
1690 1943 1893 2006 proinde
1918 1959 2016 1994 una
2039 1948 2202 1996 unitas
2230 1948 2288 1997 de
2314 1948 2450 1997 radio

191 2020 326 2069 valet
352 2024 419 2070 4⁶
446 2023 558 2072 fere.
624 2021 701 2070 Ita
744 2022 772 2070 5
811 2026 1017 2085 possunt
1056 2019 1264 2069 resecari
1300 2018 1503 2082 figurae,
1544 2021 1630 2065 aut
1667 2022 1794 2066 certe
1834 2018 1881 2065 4.
1940 2018 2003 2067 Et
2040 2019 2121 2068 fol.
2149 2021 2250 2070 686
2289 2027 2452 2084 potest

190 2094 328 2143 valor
371 2110 515 2145 areae
555 2094 694 2143 ADB
733 2097 782 2143 in
822 2092 1036 2144 secunda
1074 2091 1303 2142 reductus
1329 2090 1511 2140 ¹omitti
1561 2094 1611 2139 et
1656 2104 1744 2153 pro
1793 2104 1851 2139 eo
1901 2095 2121 2156 usurpari
2170 2096 2452 2144 eceentrici-

189 2171 264 2216 tas
318 2168 726 2232 multiplicarique
766 2169 815 2215 in
855 2166 1108 2216 dimidium
1148 2165 1262 2227 AF,
1320 2164 1501 2228 quippe
1553 2177 1662 2212 cum
1713 2164 1886 2213 eadem
1924 2168 2070 2214 etiam
2108 2169 2172 2216 sit
2209 2168 2449 2232 multipli-

191 2241 346 2290 canda
399 2244 450 2291 in
494 2242 611 2305 ΡΒ,
661 2241 841 2291 factum
887 2245 1059 2306 postea
1107 2238 1350 2289 reducitur
1399 2251 1486 2307 per
1533 2235 1766 2286 tabellam
1811 2239 1860 2285 in
1906 2239 2115 2303 gradus,
2165 2243 2352 2291 minuta
2403 2247 2451 2292 et

189 2314 417 2364 secunda.

337 2400 618 2452 Oriigerus:
679 2400 840 2439 Deinde
883 2402 928 2440 in
958 2399 1178 2440 lunaribus
1207 2399 1418 2451 improbas
1450 2397 1800 2438 eccentricitatem
1831 2399 1964 2450 5800,
2005 2413 2032 2439 a
2062 2400 2257 2442 Severino
2290 2403 2450 2444 ratione

190 2458 321 2511 dupla
351 2461 503 2500 sectam
534 2461 579 2499 in
603 2459 715 2503 duos
748 2460 1024 2510 epicyclorum
1055 2458 1209 2512 radios,
1243 2461 1282 2497 et
1315 2457 1433 2507 dicis,
1460 2458 1642 2498 formam
1662 2461 1848 2496 motuum
1870 2459 2086 2508 physicam
2107 2460 2315 2511 imperare
2346 2463 2447 2502 slm-

188 2519 354 2570 pliciter
384 2519 669 2571 bisectionem,
700 2519 895 2557 lectorem
926 2519 1127 2567 ablegans
1158 2518 1214 2557 ad
1235 2514 1462 2556 Comment.
1482 2515 1639 2555 Martis.
1702 2516 1833 2568 Atqui
1862 2520 1998 2556 tamen
2031 2517 2297 2572 Copernicus‚
2330 2524 2448 2572 cujus

190 2579 483 2617 astronomiam
505 2578 626 2617 unice
646 2578 789 2623 tueris,
821 2577 964 2616 eodem
993 2576 1117 2616 modo
1149 2574 1356 2627 epicyclos
1388 2575 1596 2613 ordinavit
1624 2577 1666 2612 et
1694 2574 1967 2614 bisectionem
1998 2578 2330 2633 eccentricitatis,
2361 2592 2446 2632 qua

192 2635 364 2686 plancta.
393 2639 609 2676 moveatur
639 2634 869 2688 aequaliter
900 2647 1022 2687 super
1051 2635 1185 2674 alieno
1219 2638 1372 2683 centro,
1403 2633 1650 2683 geometriae
1680 2644 1764 2672 non
1796 2645 1883 2673 esse
1915 2636 2163 2675 conformem
2194 2639 2269 2680 ait.
2315 2639 2445 2692 Adeo,

189 2698 237 2734 ut
266 2696 303 2734 si
334 2695 500 2734 omnino
534 2706 714 2748 aequans
746 2695 872 2733 etiam
901 2695 947 2733 in
978 2693 1074 2734 Sole
1105 2692 1385 2732 admittendus
1427 2693 1500 2742 sit,
1551 2703 1624 2741 ego
1664 2689 1932 2742 praetulerim
1973 2695 2182 2743 geminum
2214 2696 2445 2748 epicyclum

193 2753 483 2802 diagrammati
513 2753 752 2802 Maginiano
783 2764 875 2804 pag.
907 2753 1005 2795 256.
1040 2750 1185 2803 Suppl.
1219 2751 1339 2802 Eph.‚
1368 2751 1452 2790 nisi
1480 2749 1622 2789 malim
1653 2748 1726 2789 AB
1758 2750 2102 2792 ecoentricitatem
2129 2756 2252 2803 juxta
2281 2755 2446 2796 Terram

192 2813 232 2850 et
263 2810 329 2855 OB
360 2811 523 2851 radium
554 2811 756 2862 simplicis
788 2809 975 2862 epicycli.
1036 2810 1215 2861 Quaeso,
1246 2810 1282 2849 si
1308 2810 1411 2849 haec
1441 2819 1622 2860 erronea,
1652 2809 1856 2849 rationem
1881 2811 2027 2850 erroris
2054 2813 2179 2863 aperi.

337 2891 672 2955 Keplerus:
740 2892 817 2941 De
855 2892 1122 2942 bisectione
1160 2891 1530 2940 eccentricitatis
1570 2889 1779 2940 Lunatis
1819 2888 2038 2954 disputas
2078 2892 2296 2955 seorsim,
2338 2909 2447 2944 cum

193 2979 282 3028 ego
320 2965 449 3014 hane
486 2965 778 3028 generaliter
802 2971 954 3027 tuear,
995 2967 1042 3013 in
1070 2964 1262 3014 Lunam
1284 2966 1589 3029 potissimum
1613 2969 1811 3028 propter
1834 2964 2114 3027 analogiam
2139 2981 2247 3015 cum
2275 2971 2443 3017 ceteris

139 3085 145 3089 .
192 3036 518 3099 introducam,
572 3040 663 3086 etsi
700 3044 873 3102 postea
913 3031 1221 3089 et'diametri
1257 3037 1427 3087 Lunae
1474 3038 1683 3086 variatio
1731 3038 1855 3107 bene
1893 3051 2001 3086 cum
2039 3039 2132 3088 hac
2178 3041 2443 3090 bisectione

195 3112 453 3161 convenire
494 3109 794 3175 deprehensa
832 3115 909 3161 sit.
984 3112 1059 3160 Ex
1094 3112 1300 3177 physica
1335 3125 1502 3176 pugno
1539 3125 1627 3174 pro
1677 3111 1967 3174 bisectione3
2025 3117 2078 3160 tu
2115 3113 2230 3161 mihi
2271 3115 2443 3178 objicis

195 3186 532 3234 auctoritatem
586 3184 839 3248 Copernici
890 3191 1161 3250 putasque,
1228 3200 1334 3235 eam
1385 3198 1462 3234 mc
1511 3186 1835 3234 necessariam
1882 3184 1999 3232 mihi
2049 3185 2248 3247 fecisse,
2312 3186 2444 3251 quod

195 3259 521 3306 astronomiae
562 3256 921 3320 Copernicanae
958 3258 1186 3321 profitear
1221 3259 1495 3323 Epitomen.
1572 3257 1650 3306 Ad
1700 3256 1793 3306 hoc
1836 3256 1942 3320 jam
1995 3256 2176 3307 dudum
2214 3261 2441 3325 respondi

194 3331 275 3380 fol.
320 3332 437 3391 674,
477 3331 563 3378 ubi
594 3331 738 3393 juxta
776 3340 949 3379 causas
987 3332 1232 3395 physicas,
1274 3331 1333 3381 de
1371 3331 1546 3395 quibus
1584 3331 1677 3390 hic,
1715 3330 1867 3379 habes
1903 3332 2244 3381 necessitatem
2282 3339 2442 3383 astro-

193 3405 449 3469 nomicam,
489 3403 756 3466 simplicem
793 3405 842 3450 in
881 3404 1100 3466 singulis,
1140 3406 1190 3451 in
1216 3404 1328 3455 Sole
1362 3419 1477 3454 vero
1512 3403 1871 3468 quintuplicem,
1909 3421 1994 3454 συν
2020 3409 2072 3454 δε
2100 3402 2157 3455 δῦ
2183 3403 2437 3471 ἐρχομενω.

195 3477 506 3525 Astronomia
556 3476 697 3526 docet
733 3491 833 3524 rem
881 3483 1071 3539 praeter
1106 3483 1329 3540 propter,
1384 3480 1454 3528 sic
1490 3483 1674 3539 tamen,
1727 3483 1782 3526 ut
1814 3478 1959 3525 etiam
1995 3476 2305 3527 Ptolemaeus
2347 3479 2440 3528 du-

195 3549 368 3612 plicem
407 3549 572 3598 fecerit
609 3551 1014 3599 eccentrieitatem
1051 3552 1329 3614 aequantis3
1380 3552 1585 3616 physica
1620 3563 1738 3599 vero
1775 3549 2090 3599 bisectionem
2126 3554 2438 3601 accuratissi-

197 3638 327 3672 mam
362 3623 575 3685 requirit,
653 3622 947 3685 Copernicus
986 3636 1083 3670 non
1121 3637 1238 3672 usus
1278 3629 1350 3673 est
1386 3627 1573 3674 ratione
1612 3621 1759 3687 dupla
1787 3622 1858 3671 'in
1895 3623 2248 3674 conformandis
2289 3628 2438 3675 semi-

198 3695 444 3744 diametris
484 3695 832 3758 epicyclorum,
873 3696 995 3744 alias
1031 3710 1129 3744 non
1170 3703 1299 3745 esset
1337 3696 1717 3762 aequipollentia
1740 3697 1864 3746 inter
1887 3698 2047 3760 ipsum
2085 3702 2133 3747 et
2170 3705 2436 3761 aequantes

196 3768 537 3818 Ptolemaicos.
594 3767 691 3817 Sed
717 3773 912 3819 coactus
939 3774 1012 3817 est
1035 3771 1222 3818 ratione
1260 3770 1404 3834 tripla
1442 3774 1529 3833 uti,
1568 3777 1623 3819 ut
1656 3769 1853 3834 planeta
1899 3770 2186 3819 subtrahens
2223 3771 2436 3822 addens-

200 3855 293 3905 que
332 3841 537 3891 ternario
587 3833 819 3891 unitatem
860 3844 1173 3892 constitueret
1212 3845 1242 3890 2
1283 3844 1363 3893 vel
1402 3846 1460 3907 4,
1512 3845 1747 3894 rationem
1796 3842 1991 3907 duplam
2027 3843 2433 3895 Ptolemaicarum
