2560 4100
220 133 285 180 32
861 127 1092 186 Epistolae
1122 103 1307 186 Kepleri
1337 125 1613 182 aliorumque
1643 130 1827 171 mutuae

219 285 352 328 quam
395 277 610 316 venatura
653 272 795 328 partis
839 272 1203 331 proportionalis.
1239 286 1320 330 per
1371 271 1678 317 cruciformem
1727 269 2143 326 multiplicationem
2194 270 2459 326 logisticam.

217 338 352 382 Nulla
381 338 514 394 plane
545 348 657 391 opus
688 343 759 382 est
787 339 1175 397 multiplicatione,
1207 351 1353 395 neque
1385 337 1574 393 simplici
1605 349 1750 392 neque
1779 335 2008 392 logistica,
2040 337 2164 381 nulla
2196 335 2329 379 etiam
2359 348 2461 392 pro-

216 400 308 445 lixa
337 400 503 457 tabula,
534 405 713 457 praeter
743 408 1004 448 consuetum
1035 415 1251 449 canonem
1280 400 1663 457 logarithmorum‚
1693 400 1770 455 qui
1799 405 1986 457 propter
2016 414 2144 446 usum
2174 402 2463 458 multiplicem

219 465 420 509 omnibus
452 464 586 510 debet
615 478 715 511 esse
745 472 895 512 notus.

362 540 458 589 Sed
507 540 702 605 desino,
748 557 862 592 nam
911 550 958 593 et
1003 544 1287 594 tabellarius
1345 542 1523 591 desinit
1561 542 1809 590 convivari
1845 543 2043 605 jamque
2082 551 2220 607 parat
2260 545 2462 592 abitum·

220 613 282 660 Et
321 615 434 674 quia
471 619 686 678 tempore
725 615 954 666 excludor
1007 617 1069 666 a'd
1114 617 1307 665 affinem
1359 629 1519 663 meum
1567 615 1800 675 scribere,
1854 616 2137 664 tabellarius
2176 631 2291 664 vero
2332 617 2463 664 affir-

218 691 346 744 mat,
399 692 447 735 te
488 701 596 736 cum
633 687 776 739 affine
814 703 922 738 meo
962 689 1254 753 quandoque
1295 689 1569 737 conversari
1607 687 1927 749 familiariter,
1984 702 2102 750 rogo
2140 688 2257 736 mihi
2298 691 2362 736 sis
2400 689 2463 736 ad

216 760 375 821 ipsum
419 761 748 811 internuncius
798 762 968 810 salutis
1018 764 1112 826 ipsi
1159 777 1190 809 a
1238 775 1314 809 me
1366 761 1562 822 suisque
1615 760 1838 807 omnibus
1877 759 2050 809 dictae.
2129 761 2281 809 Simul
2323 762 2463 819 adde,

220 846 277 878 cx
315 831 469 880 relatu
507 834 746 883 tabellarii
784 849 874 883 nos
911 834 1121 895 habere,
1163 836 1323 897 ipsum
1360 848 1465 882 esse
1504 834 1551 878 in
1589 847 1638 880 re
1676 831 1968 892 lautissima,
2009 839 2063 881 ut
2100 835 2184 896 qui
2223 835 2270 880 in
2311 849 2463 901 annos

217 903 434 966 singulos
475 906 578 954 800
615 907 822 956 florenos
862 906 1103 970 expendat
1140 908 1334 954 nomine
1390 906 1494 954 solo
1543 905 1798 953 locationis
1849 905 2066 966 aedium,
2119 912 2464 969 praetereaque

207 976 366 1025 ‘aedes
399 978 501 1039 jam
543 982 710 1027 emerit
746 995 831 1044 pro
878 981 1049 1027 15000
1088 979 1395 1028 florenorum.
1470 977 1632 1038 Haec,
1683 979 1912 1039 inquam,
1951 993 2040 1026 nos
2078 981 2267 1028 interim
2308 980 2465 1029 credi-

217 1063 322 1098 mus
360 1050 628 1114 tabellario‚
668 1053 760 1117 ipsi
801 1067 931 1111 vem,
971 1053 1010 1099 si
1051 1067 1169 1100 vera
1199 1058 1326 1113 sunt,
1366 1052 1678 1114 gratulamur.
1755 1050 1880 1100 Vale
1924 1058 1970 1099 et
2006 1051 2230 1101 rescribe.

878 1124 950 1174 Ol.
992 1125 1363 1173 Dominationis.
1392 1124 1527 1172 Tuae
1567 1123 1810 1171 officiosus

1959 1196 2012 1244 J.
2054 1195 2318 1258 Keplerus.

363 1267 448 1308 Has
478 1269 618 1307 literas
648 1268 812 1317 scripsit
834 1267 960 1318 Kepl
978 1281 1089 1308 erus
1120 1273 1344 1320 antequam
1367 1270 1525 1318 accepit
1552 1266 1693 1306 literas
1715 1265 1905 1320 Griigeri,
1938 1279 2040 1320 quas
2069 1269 2133 1308 his
2154 1269 2455 1319 praemisimus.

222 1327 288 1366 Ad
320 1325 414 1365 illas
445 1328 503 1366 sic
534 1325 745 1375 respondit
777 1326 815 1367 d.
847 1327 914 1367 28.
948 1326 1067 1369 Febr
1104 1329 1237 1368 1624:

360 1385 408 1434 S.
447 1387 502 1433 P.
542 1386 603 1433 D.
682 1384 957 1434 Clarissime
996 1387 1084 1434 Vir
1123 1393 1171 1435 et
1208 1388 1376 1435 amice.
1454 1382 1562 1434 Vix
1599 1384 1809 1434 triduum
1857 1392 1959 1446 est,
2013 1400 2121 1435 cum
2172 1386 2396 1435 discessit
2435 1403 2464 1435 a

220 1445 295 1507 me
334 1458 615 1508 tabellarius
655 1455 992 1508 Olomucensis
1032 1474 1141 1507 cum
1179 1453 1297 1508 meis
1338 1458 1401 1507 ad
1440 1464 1486 1507 te
1523 1457 1710 1516 literis,
1762 1473 1869 1506 cum
1918 1473 2030 1507 ecce
2068 1459 2217 1507 alium
2255 1459 2463 1507 tabella-

220 1534 342 1579 rium
382 1531 707 1580 Viennensem
746 1545 851 1578 cum
891 1534 1013 1592 tuiS‚
1056 1533 1139 1579 25.
1180 1532 1314 1595 Sept.
1354 1532 1613 1596 superioris
1651 1533 1765 1579 anni
1801 1532 1992 1594 scriptis
2030 1538 2079 1579 et
2115 1546 2224 1579 cum
2261 1546 2464 1579 munus—

220 1603 338 1652 culis
378 1610 426 1652 et
465 1618 572 1652 cum
612 1605 829 1668 imperio,
867 1619 928 1652 ne
968 1620 1175 1653 vacuum
1215 1620 1245 1652 a
1282 1605 1402 1653 meis
1440 1605 1591 1653 literis
1630 1603 1885 1654 dimittam.
1963 1602 2005 1651 O
2045 1603 2226 1652 nullum
2266 1607 2463 1668 gravius

217 1676 590 1741 probrosiusque
629 1676 746 1723 mihi
783 1691 1000 1739 unquam
1038 1677 1317 1742 impendeat
1353 1679 1619 1726 servitium.
1694 1676 1849 1726 Pareo
1887 1690 1998 1725 ecce
2037 1691 2268 1741 perquam
2293 1677 2464 1727 lubens

219 1748 572 1814 epistolamque
609 1755 742 1798 tuam
780 1765 810 1798 a
848 1749 979 1799 calce
1018 1756 1182 1799 retexo
1222 1756 1271 1800 et
1307 1765 1337 1799 a
1376 1752 1559 1815 capite;
1598 1751 1783 1813 gratiae
1809 1764 2020 1812 namque
2046 1757 2301 1813 utrumque
2330 1751 2464 1799 obsi-

219 1823 332 1872 dent
369 1821 571 1871 aditum.
650 1820 851 1887 Gratam
889 1825 1086 1886 inquam
1125 1826 1303 1872 famam
1343 1822 1402 1871 de
1431 1823 1675 1872 Straussio
1704 1827 1885 1884 nostr0,
1923 1822 2009 1870 sed
2043 1816 2223 1885 quaero
2253 1824 2464 1872 vicissim

226 1897 309 1958 qui
349 1895 458 1957 fiat,
500 1910 606 1944 cum
645 1897 686 1943 is
726 1895 856 1958 apud
895 1902 942 1944 te
981 1898 1279 1959 transiverit,
1320 1896 1450 1959 quod
1489 1896 1547 1944 de
1584 1895 1777 1944 fortuna
1814 1909 1922 1944 mea
1959 1895 2080 1942 nihil
2117 1888 2263 1944 tibi?
2311 1897 2462 1959 Atqui

223 1969 451 2031 Tubinga
502 1974 550 2017 et
598 1967 881 2018 Stuccardia
935 1983 1023 2017 nos
1056 1969 1253 2032 junctos
1294 1967 1591 2018 dedit.anno
1636 1970 1802 2029 1621,
1860 1974 1908 2016 et
1945 1976 2147 2018 noverat
2186 1970 2227 2016 is
2267 1971 2462 2032 optime,

229 2041 405 2104 quibus
445 2056 536 2104 ego
574 2042 736 2101 furiis,
786 2043 832 2090 in
882 2041 1116 2090 familiam
1156 2057 1314 2091 meam
1351 2042 1682 2091 saevientibus
1694 2079 1709 2106 ,
1760 2044 1808 2088 in
1850 2041 2271 2104 Wirtembergiam
2310 2057 2463 2091 essem

225 2116 424 2163 accitus.
502 2115 580 2162 An
620 2121 668 2163 et
705 2114 800 2163 hoc
840 2113 1086 2164 silentium
1127 2130 1185 2165 ex
1225 2117 1379 2164 amico
1418 2121 1628 2178 pectore,
1669 2112 1755 2175 ne,
1785 2117 1826 2162 si
1865 2129 1981 2164 vera
2017 2117 2334 2177 reperirentur
2372 2117 2465 2163 cri-

222 2189 353 2236 mina
405 2189 672 2248 intentata,
729 2186 940 2236 dedecus
988 2187 1072 2238 ille
1116 2189 1237 2237 forte
1289 2204 1450 2237 meum
1489 2203 1545 2237 ex
1586 2187 1861 2236 domesticis
1898 2187 2210 2250 propalaret?
2285 2187 2379 2237 Sed
2418 2195 2467 2236 et

222 2261 417 2309 fratrem
456 2275 617 2309 meum
654 2275 935 2322 germanum
975 2261 1155 2322 vidisti,
1195 2276 1291 2310 nou
1332 2262 1576 2310 conscium
1603 2261 1761 2309 solum
1781 2263 2009 2321 omnium,
2051 2260 2134 2309 sed
2154 2262 2464 2324 praecipuam

223 2333 442 2382 dolorum
481 2347 696 2381 meorum
733 2339 951 2396 partem,
1007 2340 1060 2381 ut
1099 2336 1182 2397 qui
1220 2336 1523 2398 impatientia
1556 2333 1796 2397 juvenili,
1858 2335 2018 2383 forsan
2069 2341 2117 2382 et
2164 2333 2464 2396 credulitate,

219 2407 436 2470 proxime
474 2408 771 2470 impietatem
809 2407 959 2455 venit.
1035 2406 1132 2455 Sed
1184 2406 1325 2456 diluit
1371 2414 1419 2457 et
1472 2407 1602 2455 illius
1640 2408 1941 2470 suspiciones
1980 2415 2028 2455 et
2065 2421 2198 2455 meas
2238 2408 2466 2456 offensio-

221 2490 306 2528 nes
346 2478 612 2528 clarissima
646 2479 730 2527 lux
768 2481 1002 2539 veritam,
1043 2480 1242 2533 crimina
1282 2481 1487 2530 conficta
1525 2481 1572 2527 in
1613 2487 1757 2542 caput
1795 2479 2023 2540 hostium,
2064 2494 2340 2542 quanquam
2369 2495 2463 2528 non

225 2554 400 2615 exiguo
439 2566 548 2601 meo
586 2552 752 2601 labore
791 2559 1049 2614 sumtuque
1087 2559 1293 2616 regesta,
1333 2544 1538 2602 liberata
1577 2551 1748 2601 domus
1787 2559 1953 2601 nostra
1988 2552 2219 2615 periculo,
2259 2568 2348 2602 nos
2387 2555 2466 2601 in-

221 2627 369 2674 famia
417 2631 464 2674 et
501 2626 782 2688 ignominia.
859 2629 990 2679 (cirea
1033 2631 1159 2670 finem
1204 2633 1405 2682 epistolae
1435 2633 1535 2671 haec
1564 2631 1682 2673 addit
1731 2629 1953 2681 Keplerus:
2015 2625 2311 2674 Straussium
2374 2640 2464 2675 no-

222 2705 371 2747 strum
410 2713 497 2760 per
537 2704 862 2762 opportunum
897 2699 1126 2746 nuncium
1164 2713 1272 2747 meo
1308 2701 1502 2746 nomine
1540 2698 1700 2745 saluta
1738 2703 1786 2745 et
1825 2697 2064 2759 siquidem
2103 2698 2261 2747 adhuc
2300 2700 2465 2748 haeret

222 2772 270 2817 in
310 2772 539 2833 opinione
578 2771 768 2834 probati
808 2771 1043 2832 criminis,
1099 2770 1229 2833 quod
1277 2773 1397 2820 meis
1447 2773 1734 2820 intentatum
1771 2772 1930 2830 novit,
1977 2771 2250 2820 secundiori
2287 2774 2463 2821 nuncio

223 2843 440 2892 exhilara
476 2859 535 2892 ex
571 2844 717 2907 hujus
755 2842 990 2907 epistolae
1029 2843 1290 2893 vestibulo.
1342 2848 1543 2898 Griigerus
1582 2849 1647 2888 his
1693 2848 1933 2899 adscripsit:
1987 2849 2219 2890 Straussius
2250 2851 2294 2889 id
2320 2854 2407 2901 jam
2439 2863 2464 2890 a

162 2925 165 2929 ·
223 2914 346 2954 fratre
375 2914 543 2965 Kepleri
572 2913 769 2968 rescivit.)

367 2974 489 3022 Cum
525 2975 845 3038 Nagelianum
883 2977 1078 3036 genium
1115 2976 1244 3023 intus
1284 2979 1331 3023 et
1370 2975 1417 3020 in
1457 2979 1564 3022 cute
1602 2975 1818 3022 noverim
1858 2964 1917 3021 ex
1941 2974 2162 3036 pauculis
2189 2974 2293 3037 ejus
2322 2974 2463 3024 char-

222 3026 283 3095 tis
323 3045 502 3108 dudum
538 3047 704 3108 lectis,
756 3048 1011 3116 epistolam
1059 3054 1191 3096 tuam
1240 3046 1302 3095 ad
1341 3047 1477 3095 illum
1516 3061 1624 3094 cum
1663 3045 1831 3108 aliqua
1867 3046 1962 3106 ira,
2031 3047 2459 3109 „fundamentum“

224 3121 379 3182 ipsius
426 3122 609 3182 ingenti
665 3136 772 3170 cum
820 3123 967 3170 animi
1003 3120 1199 3170 fastidio
1236 3121 1362 3182 legi,
1412 3134 1502 3169 nec
1538 3120 1640 3168 sine
1680 3118 1838 3168 vocali
1866 3119 2266 3180 expostulatione
2305 3127 2464 3169 tecum

224 3193 425 3241 absente
472 3195 655 3242 accessi
708 3194 769 3241 ad
816 3195 1070 3244 lectionem
1120 3195 1336 3257 rescripti
1381 3194 1478 3241 tui:
1540 3192 1663 3241 adeo
1716 3198 1763 3240 te
1801 3190 2123 3254 negligentem
2161 3208 2268 3242 esse
2306 3195 2463 3244 famae
2538 3255 2542 3261 ι

226 3263 511 3328 decorisque
549 3268 646 3327 tui,
688 3267 771 3328 qui
809 3281 916 3315 cum
953 3268 1167 3330 palmam
1205 3267 1299 3315 hoc
1335 3273 1550 3329 tempore
1590 3266 1825 3319 obtineas
1848 3266 2082 3313 acuminis
2120 3267 2463 3328 mathematici,

223 3353 318 3386 non
356 3353 573 3388 reserves
613 3340 1011 3388 existimationem
1049 3346 1183 3388 tuam
1222 3355 1451 3389 censurae
1489 3341 1651 3402 potius
1689 3352 1902 3388 mearum
1941 3343 1988 3386 et
2039 3339 2259 3388 Severini
2311 3342 2464 3388 nostri

223 3411 625 3472 lucubrationum,
665 3412 752 3460 sed
789 3413 836 3459 in
877 3418 1118 3461 certamen
1156 3412 1249 3461 hoc
1284 3412 1711 3462 lutulentissimum
1749 3418 1797 3460 te
1836 3410 2106 3472 demiseriS,
2144 3412 2229 3460 ubi
2266 3419 2463 3461 senten-

224 3485 320 3533 tiae
359 3485 611 3533 vanissimi
649 3484 959 3547 disputatoris
997 3500 1092 3534 non
1131 3485 1349 3548 pauciori
1391 3499 1588 3535 numero
1616 3484 1819 3534 volitent
1843 3498 1933 3533 nec
1959 3483 2128 3532 melius
2157 3483 2461 3546 cohaereant,

225 3571 369 3620 quam
406 3559 555 3605 atomi
593 3557 872 3606 Democriti.
946 3557 1004 3605 In
1044 3573 1131 3606 vas
1170 3557 1346 3620 plumis
1383 3552 1608 3608 refertum
1643 3557 1871 3605 insiliisse
1910 3556 2115 3618 videris,
2165 3563 2219 3606 ut
2258 3571 2365 3606 cum
2403 3561 2462 3606 iis

222 3644 423 3693 pugneS,
463 3644 668 3692 cumque
704 3645 765 3679 ne
804 3635 991 3693 guttam
1031 3630 1226 3692 quidem
1264 3634 1513 3694 sanguinis
1547 3630 1829 3694 profuderiS‚
1870 3629 1998 3678 oculi
2035 3636 2196 3679 tamen
2237 3637 2284 3679 et
2319 3645 2460 3679 nares

227 3709 273 3752 et
309 3703 473 3751 fauces
509 3705 647 3765 ipsae
685 3705 962 3765 turpissima
1001 3705 1222 3766 congerie
1262 3705 1538 3754 obruantur.
1613 3704 1722 3753 Hac
1759 3705 1904 3766 igitur
1941 3709 1987 3751 te
2026 3702 2262 3766 particula
2300 3704 2461 3766 indig-

225 3777 435 3824 nationis
470 3790 608 3824 meae
641 3775 937 3837 justissimae
976 3777 1207 3840 impertiri
1244 3776 1392 3838 volui,
1431 3792 1491 3827 ne
1528 3777 1661 3827 solus
1700 3775 1961 3838 doluerim3
2001 3777 2089 3826 sed
2125 3782 2286 3825 tamen
2312 3782 2359 3825 et
2382 3792 2462 3826 re-

227 3855 416 3899 creatus
453 3848 673 3900 nonnihil
709 3849 793 3911 fui,
833 3863 1114 3914 progressus
1151 3851 1203 3898 in
1239 3849 1448 3901 lectione
1485 3851 1702 3914 rescripti
1741 3851 1826 3912 tui,
1868 3850 2047 3914 quippe
2083 3850 2133 3898 in
2173 3864 2269 3913 quo
2307 3849 2461 3902 multa
