2554 4140
923 1086 995 1178 n.
1055 1084 1556 1205 imminuo
1619 1088 1705 1181 11.

319 1197 323 1200 ’
416 1208 894 1329 ROMANORUM
947 1249 1427 1327 IMPERATORI
1478 1249 1780 1329 SEMPER
1829 1250 2201 1348 AUGUSTO,

233 1387 855 1458 GERMANIAE
869 1440 888 1470 ‚
941 1384 1564 1458 HUNGARIAE
1578 1436 1598 1467 ,
1645 1385 2203 1456 BOHEMIAE
2257 1388 2392 1456 διο.

1230 1501 1414 1569 REGI.

615 1632 1288 1731 ARCHIDUCI
1358 1632 1420 1728 A
1454 1630 1506 1726 U
1538 1632 1584 1730 S
1614 1632 2011 1752 TRIAE,

754 1773 1003 1845 nourr«)
1040 1774 1292 1845 nonme
1332 1774 1872 1846 ctrmrrissuw.

444 2044 810 2105 Auyustissime
845 2045 1184 2105 potentissime
1221 2050 1373 2107 atque
1410 2045 1732 2093 invictissime
1775 2045 2078 2106 Imperator.

332 2150 454 2200 Cum
501 2157 613 2200 ante
653 2165 806 2200 annos
846 2153 913 2200 26
952 2166 1131 2216 parens
1179 2159 1344 2202 noster
1381 2151 1555 2216 Tycho
1594 2150 1756 2200 Brahe
1803 2157 1958 2201 morte
1998 2153 2255 2201 immatura
2299 2151 2444 2202 nobis

188 2225 363 2274 fuisset
403 2230 626 2287 ereptus,
668 2239 946 2286 quanquam
984 2239 1075 2274 nos
1113 2223 1245 2273 illius
1284 2224 1534 2286 haeredes,
1575 2238 1775 2273 numero
1814 2239 1902 2274 sex
1941 2239 2063 2287 cum,
2087 2231 2238 2275 matre
2275 2225 2442 2286 vidua,

98 2312 101 2319 ‘
189 2311 379 2346 eramus
435 2292 767 2345 afflictissimi:
827 2311 925 2345 non
980 2312 1136 2361 aeque
1191 2303 1352 2347 tamen
1403 2311 1491 2361 pro
1548 2296 1706 2346 salute
1766 2303 1960 2358 nostra,
2020 2312 2077 2347 ac
2130 2313 2217 2361 pro
2271 2297 2445 2347 studiis

189 2370 252 2418 ab
303 2369 387 2418 illo
439 2368 646 2429 relictis,
700 2383 788 2432 pro
844 2368 979 2418 libris
1037 2370 1222 2420 scilicet
1277 2371 1675 2419 observationum
1733 2369 2045 2431 coelestium,
2101 2371 2165 2420 ab
2221 2370 2306 2420 illo
2359 2385 2446 2434 per

189 2456 343 2491 annos
408 2443 474 2490 38
535 2443 803 2504 congestis,
872 2448 920 2490 et
975 2457 1061 2506 pro
1121 2442 1353 2492 inchoata
1417 2457 1658 2506 superque
1719 2441 1816 2490 illis
1879 2442 2081 2492 fundata
2145 2442 2444 2492 Tabularum

190 2515 639 2564 Astronomicarum
678 2520 919 2563 structura
945 2515 1124 2564 fuimus
1163 2515 1377 2565 solliciti.
1455 2515 1579 2564 Cum
1604 2517 1732 2564 enim
1772 2521 2014 2564 constaret
2040 2517 2197 2577 nobis,
2236 2531 2448 2580 propen-

188 2590 375 2637 sionem
414 2587 519 2649 ejus
558 2589 606 2634 in
644 2587 859 2635 studium
898 2591 1277 2638 astronomicum
1315 2597 1402 2652 pro
1443 2588 1608 2637 divino
1643 2588 1813 2637 afflatu
1850 2587 2018 2637 haberi
2057 2605 2086 2637 a
2128 2591 2298 2638 ceteris
2339 2604 2445 2638 om-

186 2661 344 2722 nibus,
386 2660 468 2722 qui
494 2661 622 2722 ‘artis
661 2660 878 2723 aliquam
916 2661 1165 2710 habebant
1202 2663 1452 2710 notitiam:
1494 2675 1591 2709 non
1617 2660 1785 2710 decere
1810 2674 1914 2722 nos,
1955 2661 2131 2710 abillo
2159 2667 2438 2725 prognatoS,

189 2733 568 2792 arbitrabamur,
617 2733 846 2782 humilius
880 2736 1057 2782 ceteris
1098 2733 1157 2784 de
1194 2736 1413 2798 genitore
1451 2740 1617 2782 nostro
1656 2735 1859 2794 sentire,
1913 2747 2010 2782 non
2049 2733 2203 2783 oculis
2255 2735 2445 2784 reflexis

188 2807 250 2855 ab
303 2806 397 2854 hoc
446 2806 586 2854 nobis
634 2806 802 2855 relicto
845 2808 1174 2869 patrimonio,
1222 2806 1355 2870 quod
1391 2809 1497 2869 ipse
1535 2808 1733 2854 maximi
1770 2806 1975 2866 fecerat,
2026 2806 2090 2855 ad
2139 2821 2256 2870 opes
2293 2806 2445 2870 vulgo

191 2877 485 2940 celebratae,
526 2893 648 2942 quas
688 2879 771 2928 ille
809 2886 863 2926 ut
901 2879 1110 2929 caducas
1149 2885 1197 2928 et
1234 2879 1338 2928 luto
1378 2878 1651 2928 sordidatas
1690 2892 1880 2941 semper
1918 2885 2266 2941 contemserat,
2315 2880 2442 2928 limis
2525 2902 2530 2906 ·

188 2953 454 3014 respicere3
506 2966 632 3013 non,
680 2951 875 3000 labores
927 2953 1033 3014 ejus
1085 2966 1299 3001 summos
1347 2957 1395 3000 et
1434 2966 1605 3015 opera,
1659 2952 1708 2998 in
1758 2964 1885 3014 quae
1921 2965 2039 3014 opes
2077 2966 2174 3000 non
2213 2951 2443 3016 vulgares
2526 2989 2543 3010 —.

190 3029 439 3087 totamque
476 3026 628 3073 vitam
666 3023 989 3087 impenderat,
1044 3031 1374 3083 contemnere,
1423 3024 1666 3087 negligere
1706 3030 1754 3079 et
1792 3023 2034 3085 abjicere3
2085 3039 2182 3072 non
2235 3024 2443 3088 denique

190 3097 386 3158 publico
425 3096 723 3146 literatorum
764 3097 1003 3146 desiderio
1045 3098 1228 3146 deesse.
1306 3096 1402 3146 Sed
1442 3112 1550 3146 cum
1589 3099 1637 3143 in
1676 3097 1818 3145 nobis
1857 3095 1919 3144 ad
1945 3111 2092 3160 opera
2136 3096 2221 3146 illa
2246 3111 2444 3160 promo-

192 3168 353 3217 venda
377 3169 497 3217 nihil
517 3176 644 3219 esset
671 3172 792 3234 opis,
832 3170 1099 3233 Imperator
1123 3170 1251 3218 Rud
1268 3169 1411 3234 olph
1428 3185 1461 3218 u
1476 3185 1498 3218 s
1524 3169 1588 3217 ΙΙ.
1611 3169 2034 3218 Celebratissimae
2054 3171 2330 3231 memoriae,
2372 3173 2442 3218 uti

195 3247 365 3302 suopte
406 3248 507 3290 erat
543 3244 736 3306 ingenio
777 3245 950 3291 artium
991 3244 1205 3291 omnium
1243 3243 1616 3302 amantissimus,
1660 3244 1729 3290 ita
1756 3247 1872 3290 vota
1910 3243 2054 3291 etiam
2079 3247 2245 3292 nostra
2282 3244 2443 3291 moni-

192 3314 445 3374 tionesque
484 3317 706 3377 respexit,
748 3321 998 3365 nutantem
1025 3315 1323 3365 Tabularum
1360 3316 1602 3364 fortunam
1627 3315 1933 3375 sustentavit,
1976 3317 2109 3378 operi
2145 3314 2438 3378 perficiendo

195 3391 436 3434 curatores
463 3385 593 3434 dedit
632 3394 679 3436 et
722 3388 1002 3445 directorem
1042 3388 1236 3451 quidem
1280 3391 1437 3452 operis
1480 3404 1505 3437 e
1548 3388 1689 3436 nobis
1729 3394 1777 3436 et
1819 3393 2035 3436 nostrum
2078 3389 2290 3437 omnium
2331 3387 2440 3437 loco

197 3459 445 3508 constituit
489 3458 874 3510 Franciscum
931 3460 1218 3511 Gansneb
1266 3461 1446 3510 dictum
1486 3459 1872 3523 Tengnagel‚
1926 3462 2163 3509 sororium
2202 3466 2439 3521 nostrum3

195 3546 343 3580 unum
363 3543 496 3594 vero,
522 3532 606 3597 >qui
625 3533 749 3581 intra
766 3539 968 3596 penates
989 3536 1140 3582 nostri
1163 3536 1377 3597 parentis
1403 3534 1737 3582 astronomicis
1758 3531 1864 3594 ejus
1885 3534 2112 3594 operibus
2139 3548 2318 3582 anuum
2334 3533 2440 3595 jam

198 3604 401 3653 alterum
425 3601 747 3665 impendebat,
787 3605 1101 3655 ‚Ioannem
1138 3607 1475 3669 Keplerum
1514 3607 1707 3668 ingenio
1731 3603 1977 3652 valentem
2008 3608 2131 3655 iuter
2157 3605 2316 3655 aulica
2351 3620 2440 3654 sua

197 3676 463 3724 ministeria
511 3677 713 3736 recepit,
769 3678 1060 3739 stipendium
1113 3681 1398 3742 assignavit.
1492 3678 1675 3727 Verum
1729 3676 2089 3739 Tengnagelius
2139 3692 2235 3726 nou
2285 3678 2437 3726 multo

197 3754 309 3813 post
346 3750 468 3797 inter
508 3746 807 3796 consiliarios
848 3749 1083 3799 Caesaris
1106 3752 1334 3811 adscituS,
1374 3752 1581 3814 negotiis
1615 3748 1828 3813 politicis
1865 3749 2287 3812 legationibusque
2326 3765 2437 3798 sus-

199 3822 351 3886 ceptis
388 3821 450 3871 ab
491 3820 650 3884 operis
689 3834 803 3871 cura
827 3821 917 3870 fuit
954 3824 1239 3873 abstractus.
1315 3824 1580 3887 Keplerum
1604 3835 1736 3883 vero,
1774 3827 2111 3886 praeterquam
2140 3822 2270 3886 quod
2304 3822 2436 3872 solus
