2554 4140
822 173 962 218 Liber
992 173 1205 231 Quartus.
1266 173 1378 219 Pars
1409 173 1575 219 Tertia.
2215 179 2320 228 393

74 323 275 396 simum,
331 325 508 386 partim
557 324 702 372 etiam
741 324 791 371 in
827 324 933 386 ipso
971 324 1258 374 Ptolemaeo
1294 336 1444 385 supra
1491 327 1742 384 notatum,
1792 322 1926 372 aliud
1964 325 2135 385 etiam,
2186 325 2323 387 prius

76 397 238 447 omnia
276 394 512 459 dispicere
550 397 599 443 in
639 397 920 459 corporibus
959 402 1128 460 aptata
1165 395 1229 445 ad
1265 401 1466 456 motum,
1505 401 1560 444 ut
1596 401 1833 459 appareat
1863 397 2166 460 possibilitas
2211 410 2322 445 mo·

75 475 211 518 tuum
261 469 495 532 exemplis
545 470 692 518 etiam
739 469 1084 532 popularibuS,
1141 474 1314 532 postea
1351 467 1545 518 demum
1582 469 1689 517 istis
1729 471 1982 531 omnibus,
2034 469 2186 520 veluti
2223 468 2320 518 hu-

73 556 219 590 mano
267 544 455 604 corpori
494 556 552 590 ex
593 542 817 590 omnibus
853 542 1226 601 suismusculis
1263 546 1312 590 et
1347 542 1511 590 nervis
1550 542 1920 604 compaginato,
1974 541 2323 606 superfundere

73 615 321 664 motricem
359 615 595 676 animam3
637 629 763 677 quae
804 616 847 662 si
884 629 982 677 qua
1018 616 1184 664 munia
1223 614 1467 677 corporeis
1505 614 1836 662 instrumentis
1876 614 2103 677 expedire
2141 620 2322 679 potest,

74 686 137 736 ad
182 701 241 736 ea
291 700 389 735 non
440 702 564 751 opus
614 687 816 736 habebit
865 686 1068 736 consilio
1115 694 1164 737 et
1202 686 1449 747 discursu,
1506 687 1733 749 operibus
1770 686 2089 750 intelligentis
2128 690 2322 738 animae

72 760 302 823 propriis:
353 759 763 822 quemadmodum
803 775 829 809 e
869 761 1130 820 contrario,
1181 761 1223 809 si
1263 760 1426 809 omnia
1465 759 1667 809 consilio
1708 764 1757 808 et
1794 759 2016 809 discursu
2053 761 2319 824 perficeret,

74 834 317 896 corporeis
355 834 461 882 istis
499 835 828 882 instrumentis
866 847 964 882 non
1003 833 1255 896 indigeret.

218 906 466 966 Breviter,
513 906 794 970 philosophi
844 908 1104 955 commenti
1142 913 1255 955 sunt
1294 903 1659 968 intelligentiae,
1715 918 1841 967 quae
1880 867 2040 953 motus
2080 903 2325 955 coelorum

75 993 133 1027 ex
171 993 224 1027 se
250 979 386 1041 ipsis,
425 979 562 1028 velut
587 994 647 1028 ex
674 980 1018 1028 commentario
1045 978 1348 1042 depromant,
1389 992 1515 1042 quae
1542 991 1797 1039 consensu,
1838 977 2106 1038 voluntate,
2146 993 2325 1040 amore,

77 1050 407 1101 intellectione
445 1054 540 1117 sui,
583 1051 790 1114 denique
823 1051 966 1114 jussu
1004 1057 1228 1111 utantur3
1268 1050 1387 1100 mihi
1424 1053 1590 1100 anima
1625 1050 1707 1100 vel
1747 1052 1938 1100 animae
1963 1052 2189 1100 motrices
2215 1058 2329 1100 sunt

74 1140 134 1173 ex
182 1124 397 1174 inferiori
445 1139 646 1188 genere,
695 1139 821 1187 quae
846 1123 1025 1173 ,solum
1078 1127 1310 1188 impetum
1363 1123 1535 1187 (veluti
1577 1118 2019 1186 quandam'motus
2056 1122 2328 1190 materiam)

69 1197 273 1246 afferant
320 1198 544 1247 uniformi
592 1198 899 1247 contentione
946 1199 1150 1258 virium,
1199 1199 1302 1246 sine
1349 1199 1525 1247 mentis
1574 1211 1695 1260 ope,
1745 1196 1880 1260 leges
1919 1211 2036 1247 vero
2074 1195 2179 1264 (seu
2219 1198 2320 1246 for-

73 1267 222 1335 mam)
258 1277 477 1319 motuum
526 1273 573 1318 in
613 1271 731 1334 ipsis
769 1271 1022 1320 inveniant
1059 1272 1366 1334 corporibuS,
1422 1275 1582 1319 mente
1622 1268 1843 1333 quidem,
1892 1276 1944 1319 at
1997 1285 2056 1320 ea
2105 1284 2202 1320 non
2241 1285 2332 1319 sua

72 1342 159 1392 sed
199 1343 471 1402 CreatoriS,
517 1347 567 1393 in
604 1345 714 1407 ipso
768 1343 935 1392 mundi
983 1344 1221 1408 principio
1271 1342 1423 1394 semel
1463 1343 1774 1393 conformatis
1813 1348 1863 1392 et
1900 1342 1962 1392 ad
2002 1343 2125 1393 tales
2161 1349 2327 1393 motus

73 1416 351 1466 efficiendos
390 1417 735 1481 attemperatis.

144 1562 327 1612 LIBRI
367 1561 636 1626 QUARTI,
679 1562 1066 1613 DOCTRINAE
1105 1562 1493 1614 THEORICAE
1530 1560 1739 1622 PRIMI,
1780 1559 1903 1612 SEU
1943 1561 2276 1613 PHYSICAE

898 1649 1259 1701 GOELESTIS
1297 1650 1492 1734 FINIS.
