2554 4140
911 98 1081 144 Forma
1109 102 1158 144 et
1185 97 1514 157 Dispositione.
2231 103 2335 153 659

223 248 282 297 In
321 246 425 298 dies
462 245 784 297 revolutionis
822 242 892 314 Φ
932 253 983 297 et
1017 247 1163 297 horas
1200 248 1359 297 insere
1400 249 1548 297 etiam
1583 252 1770 297 motum
1809 246 1954 309 nodi,
2005 248 2091 311 qui
2121 247 2227 312 Jam
2265 252 2339 296 est

76 323 124 369 in
164 335 341 370 aversa
376 321 502 369 facie
540 320 765 382 paginae.

227 393 372 442 Nota.
447 391 824 454 Heptaeosiadis
861 393 1180 456 sexagenaria
1218 393 1387 443 dextra
1423 393 1478 441 fit
1514 393 1789 442 necessaria
1832 399 2028 457 propter
2065 391 2340 456 parallaxes

75 461 172 531 Q,
215 481 341 528 quae
381 479 536 527 usque
575 464 638 512 ad
680 466 748 512 64
788 466 886 514 fere
927 467 1293 515 continuantur:
1345 479 1430 513 cur
1468 480 1581 528 ergo
1632 481 1727 515 non
1781 468 1926 514 etiam
1966 472 2161 530 propter
2200 465 2335 514 diur-

73 553 188 586 num
232 538 294 600 (9
338 536 421 586 61⁴
460 535 575 597 20“‚
616 543 665 586 et
702 540 750 584 in
789 541 1069 587 universum
1107 545 1303 603 propter
1340 538 1711 588 intercolumnia
1748 554 1904 602 usque
1942 539 2004 587 ad
2049 536 2104 587 10
2144 536 2246 599 34’,
2287 538 2338 586 id

79 617 153 660 est
192 624 347 672 usque
390 609 454 657 ad
494 608 580 658 38‘
618 609 721 658 20¹1
759 606 1020 660 sinistrae?
1095 611 1224 675 Ergo
1279 612 1423 660 etiam
1472 618 1735 675 praecepta
1783 613 1968 660 cossica
2017 617 2129 660 sunt
2166 626 2339 660 neces·
2394 667 2396 669 ,

80 684 234 745 saria;
274 681 360 731 sed
398 683 554 745 primo
594 683 792 745 regulae
831 686 1206 746 memorativae,
1246 690 1420 748 postea
1456 685 1776 747 particulares
1820 686 1908 744 10,
1948 699 2060 733 nam
2096 699 2341 733 memora—

80 758 216 804 tivae
253 753 469 803 nondum
508 755 766 808 sufficiunt.
831 758 986 806 ‘Forte
1023 764 1241 820 praestat
1279 757 1521 806 occultare
1561 770 1765 818 cossam,
1803 763 1859 804 ut
1895 759 1943 803 in
1981 764 2240 822 praecepto
2281 757 2339 806 de

85 831 378 891 aequatione
416 823 486 893 Q
536 837 811 891 menstrua,
864 837 913 879 et
964 833 1010 877 in
1061 836 1323 894 praecepto
1377 829 1436 878 de
1488 830 1737 878 anomalia
1787 844 1954 892 coaeq.
2031 830 2129 891 Sed
2179 837 2341 879 tamen

83 903 230 950 etiam
268 903 317 948 in
359 901 510 964 obliq.
552 901 806 966 eclipticas
847 910 895 951 et
933 903 1178 952 anomalia
1213 895 1634 966 aequinoctiorum
1672 903 1725 951 fit
1762 905 1971 964 mentio,
2022 908 2070 951 et
2107 906 2156 950 in
2195 918 2340 966 prae-

73 982 212 1038 cepto
253 973 313 1024 de
351 974 610 1023 intervallo
649 974 891 1039 planetae.

221 1046 350 1096 Cura
389 1046 448 1096 de
489 1046 726 1110 Catalogo
763 1047 982 1096 fixarum.

224 1124 408 1180 Reliqua
438 1131 535 1166 sunt
577 1125 816 1177 obliterata,
857 1140 897 1169 v,
941 1138 998 1165 ατ
1045 1119 1123 1168 An
1170 1119 1449 1182 logarithmi
1489 1122 1583 1169 Sint
1622 1119 1927 1183 imprimendi
1977 1133 2071 1168 non
2113 1125 2167 1168 ut
2204 1134 2340 1169 com-

71 1191 321 1255 plementa
371 1192 728 1258 respondeant,
782 1193 869 1243 sed
916 1194 1143 1262 continue
1189 1187 1251 1242 ad
1289 1193 1469 1256 gradus
1517 1207 1547 1241 a
1603 1195 1635 1241 0
1693 1196 1742 1241 in
1803 1194 1870 1242 90
1926 1194 1975 1240 in
2018 1193 2188 1255 fronte,
2229 1192 2340 1243 dein

84 1336 253 1388 ordine
303 1338 537 1402 scrupula
586 1341 635 1386 in
682 1339 876 1388 sinistro
928 1340 1146 1401 margine
1185 1353 1215 1387 a
1254 1339 1285 1387 Ο
1325 1340 1373 1386 in
1415 1340 1482 1387 30
1532 1340 1580 1386 in
1618 1340 1813 1387 sinistra
1853 1340 2056 1402 pagina,
2110 1354 2140 1387 a
2180 1339 2248 1388 30
2287 1340 2335 1386 in

74 1413 142 1460 60
185 1413 235 1459 in
275 1410 446 1460 dextra
492 1413 697 1476 pagina,
751 1413 946 1461 sinistro
986 1414 1165 1461 tamen*
1200 1418 1248 1460 et
1293 1411 1373 1459 hic
1419 1413 1654 1475 margine.
1729 1412 2031 1461 Accederent
2081 1411 2239 1462 calces
2289 1418 2339 1462 et

80 1485 235 1534 dextri
273 1487 518 1548 margines
555 1492 807 1550 surgentes
847 1486 896 1532 in
933 1487 1130 1549 pagina,
1153 1484 1322 1533 dextra
1359 1500 1390 1533 a
1417 1486 1448 1533 0
1488 1487 1535 1532 in
1563 1487 1646 1546 30,
1686 1486 1735 1533 in
1772 1487 1968 1534 sinistra
2006 1501 2036 1534 a
2064 1486 2131 1534 30
2171 1487 2220 1533 in
2250 1486 2333 1534 60.

72 1557 246 1607 Calces
284 1573 315 1606 a
354 1557 534 1607 dextris
573 1557 635 1607 ad
674 1559 896 1607 sinistros
933 1558 1170 1607 haberent
1207 1556 1388 1620 gradus
1427 1575 1456 1607 a
1484 1559 1550 1607 90
1589 1560 1637 1605 in
1681 1560 1782 1607 180
1822 1565 1869 1607 et
1908 1574 1938 1607 a
1976 1560 2080 1607 270
2119 1559 2169 1605 in
2211 1559 2333 1610 360.

214 1629 325 1680 Hoc
361 1637 508 1694 pacto
547 1638 856 1696 spargeretur
893 1646 1049 1680 canon
1087 1630 1487 1693 logaritbmorum
1535 1633 1582 1678 in
1622 1633 1740 1693 tria,
1792 1633 1886 1694 ipsi
1924 1631 2204 1695 logarithmi
2243 1630 2333 1680 ad-

73 1710 234 1754 essent
273 1718 457 1765 omnes,
496 1703 1002 1767 antilogarithmorum
1039 1719 1153 1767 pars
1192 1710 1320 1752 esset
1357 1706 1405 1752 in
1446 1704 1683 1767 eclipticis
1721 1704 1919 1766 tabulis,
1959 1704 2335 1768 mesologarith-

70 1793 256 1826 morum
313 1779 363 1824 in
414 1776 778 1827 latitudinariis.
857 1777 1124 1826 Considera
1171 1783 1431 1842 praecepta
1483 1777 1630 1840 obliq.
1686 1777 1952 1841 eclipticae.
2029 1777 2112 1827 Sic
2149 1774 2331 1840 nescio,

74 1853 183 1914 quis
222 1849 385 1913 prodit
421 1852 572 1899 sinus.
1201 1901 1203 1903 ,

214 1923 481 1973 Praemitte
530 1930 579 1972 et
617 1923 790 1972 canoni
831 1928 878 1971 et
916 1921 1254 1987 heptacosiadi
1300 1929 1614 1987 praeceptum
1664 1923 1722 1973 de
1761 1925 2072 1988 proportione
2112 1923 2335 1972 datorum

71 1996 294 2054 laterum,
336 1998 452 2059 quia
493 1996 735 2058 allegatur
773 1995 823 2043 id
861 1997 908 2043 in
946 2002 1206 2059 praecepto
1245 1995 1493 2058 peculiari,
1535 1996 1619 2045 sed
1657 2003 1772 2045 tunc
1812 1999 1995 2060 corrige
2021 2004 2334 2060 praeceptum

2 2085 6 2093 ’
73 2069 338 2132 quaerendi
377 2071 629 2126 stationes,
670 2068 801 2132 quod
839 2075 1151 2132 praeceptum
1178 2083 1388 2130 sequens
1427 2070 1641 2134 appellat
1666 2070 1951 2137 secundum,
1993 2073 2083 2120 erit
2120 2073 2330 2120 tertium.

215 2143 455 2192 Lateralis
492 2142 1031 2205 mesologarithmorum
1068 2144 1116 2189 in
1154 2140 1381 2204 planetis.

215 2214 346 2266 Usus
385 2215 552 2279 anguli
592 2217 792 2265 orientis
832 2217 880 2262 in
921 2214 1248 2278 computanda
1287 2229 1385 2264 asc.
1417 2215 1618 2278 obliqua
1644 2215 1830 2277 stellae,
1872 2217 2011 2280 cujus
2039 2215 2182 2265 datur
2216 2216 2334 2265 lati·
2398 2263 2399 2266 ,

75 2286 215 2338 tudo,
292 2286 358 2338 Ut
405 2289 613 2352 angulus
665 2290 823 2338 oriens
875 2288 938 2338 ad
989 2289 1099 2350 lat.,
1149 2290 1218 2336 ita
1271 2287 1445 2351 compl.
1502 2288 1564 2338 ad
1612 2288 1708 2340 diff.
1757 2288 1886 2353 long.
1963 2288 2334 2352 Logarithmum

75 2361 246 2424 anguli
286 2361 421 2411 auser
458 2377 489 2410 a
527 2361 625 2425 log.
666 2361 866 2426 compl.‚
904 2361 1148 2411 residuum
1187 2360 1313 2410 adde
1352 2360 1415 2410 ad
1452 2360 1551 2424 log.
1592 2361 1892 2425 latitudinis,
1929 2363 2023 2412 hoc
2061 2369 2134 2412 est
2171 2376 2335 2411 meso-

75 2433 419 2498 logarithmum
457 2450 567 2498 ang.
596 2448 664 2483 or.
703 2434 828 2483 adde
869 2435 1069 2484 cossice.
1129 2433 1224 2483 Sed
1251 2448 1348 2483 non
1375 2435 1576 2498 expedit
1600 2436 1877 2486 meminisse
1902 2436 2332 2499 mesologarithmi,

77 2522 139 2556 ne
180 2507 286 2570 ejus
324 2510 571 2571 signorum
611 2506 870 2557 diversitas
908 2507 1238 2570 confusionem
1273 2509 1448 2570 pariat.

218 2581 374 2641 Nota,
434 2580 565 2643 quod
610 2594 795 2629 canone
842 2580 1076 2642 mesolog.
1128 2581 1176 2626 in
1230 2579 1411 2628 tabulis
1458 2595 1555 2630 non
1595 2582 1660 2630 sit
1710 2595 1862 2644 opus,
1904 2597 2013 2630 cum
2063 2581 2332 2630 habeamus

74 2653 530 2717 mesologarithmos
586 2667 742 2716 usque
781 2652 846 2701 ad
887 2650 943 2701 60
983 2652 1067 2701 54¹
1116 2655 1162 2700 in
1203 2656 1253 2715 Q.
1330 2653 1396 2701 At
1442 2654 1491 2701 in
1531 2651 1573 2719 ῼ
1613 2656 1672 2703 iis
1712 2668 1835 2718 opus
1888 2657 1977 2704 erit
2022 2669 2109 2718 pro
2146 2654 2232 2703 lat.
2276 2651 2334 2703 9⁰

79 2735 128 2776 et
170 2724 275 2776 100.
350 2726 479 2790 Ergo
517 2742 630 2791 pars
668 2725 1206 2788 mesologarithmorum
1243 2725 1464 2775 addatur.
2018 2767 2023 2773 .

225 2799 288 2847 Et
324 2806 492 2864 posset
526 2799 630 2849 fieri
669 2798 838 2848 tabula
875 2798 1247 2848 inclinationum
1287 2806 1334 2848 et
1370 2799 1682 2849 latitudinum
1727 2801 2020 2861 communie,
2077 2814 2232 2862 usque
2271 2799 2334 2848 ad

82 2870 186 2921 10⁰.
263 2872 318 2919 In
357 2874 514 2937 prima
540 2873 767 2922 columna
804 2872 1046 2935 scrupula,
1086 2874 1135 2920 in
1162 2873 1317 2922 fronte
1343 2872 1540 2936 gradus,
1582 2875 1630 2921 in
1658 2872 1872 2922 secunda
1899 2872 2331 2935 mesologarithmi,

76 2946 125 2993 in
164 2946 365 3008 reliquis
403 2951 689 3008 argumenta
725 2945 996 2994 latitudinis
1039 2946 1067 2994 5
1106 2946 1428 3009 planetarum.

221 3018 344 3067 Cum
383 3020 530 3081 igitur
567 3018 836 3067 habeamus
871 3018 975 3082 jam
1012 3020 1269 3082 quinquies
1311 3021 1377 3067 90
1415 3019 1586 3079 lineaS,
1627 3033 1714 3068 eae
1753 3025 1866 3067 sunt
1903 3019 2007 3067 450
2045 3016 2326 3067 inclinatio·-

76 3105 162 3140 nes
200 3098 248 3140 et
286 3091 390 3140 450
429 3091 874 3156 mesologarithmi,
926 3091 1132 3140 necdum
1178 3091 1437 3141 sufficiunt.
1519 3092 1582 3140 At
1620 3094 1668 3139 in
1708 3091 1795 3140 tali
1834 3092 2003 3140 tabula
2042 3091 2334 3140 haberentur

82 3165 183 3212 600
224 3164 503 3227 logarithmi
540 3163 841 3226 totidemque
880 3163 1218 3214 inclinationes
1246 3167 1531 3215 exactiores.
1607 3165 1737 3213 Nota
1764 3171 1939 3226 tamen,
1980 3164 2183 3214 cuilibet
2219 3164 2332 3228 pla-

80 3243 222 3285 netae
274 3239 363 3285 erit
399 3236 709 3300 adjungenda
746 3252 836 3285 sua
873 3236 1092 3286 reductio
1140 3244 1188 3286 et
1240 3253 1330 3286 sua
1371 3238 1598 3299 curtati03
1655 3252 1768 3300 ergo
1809 3237 1925 3286 fient
1975 3239 2035 3285 17
2078 3237 2331 3287 columnae

79 3315 427 3372 praetereaque
467 3316 751 3372 argumenta
790 3315 928 3357 erunt
965 3309 1265 3372 scrupulosa.
1343 3308 1584 3376 (Praestat
1630 3310 1779 3371 forte,
1834 3309 2105 3373 relinquere
2147 3312 2175 3359 5
2214 3311 2332 3359 lati-

80 3380 300 3430 tudinum
338 3383 532 3432 tabulas
585 3390 632 3432 et
671 3380 850 3430 addere
887 3380 1013 3430 hanc
1050 3388 1235 3431 sextam
1283 3384 1386 3431 sine
1423 3381 1702 3431 reductione
1751 3390 1799 3431 et
1853 3382 2158 3445 curtatione.)
2233 3383 2332 3432 Sed

80 3463 284 3518 possunt
336 3458 491 3504 omitti
542 3454 780 3515 secunda,
835 3468 944 3502 cum
990 3454 1093 3516 jam
1147 3457 1193 3501 in
1245 3455 1638 3503 inclinationibus
1688 3457 1784 3503 sint
1821 3458 1976 3520 prima
2014 3463 2062 3505 et
2100 3456 2331 3506 secunda.

82 3526 347 3577 Possumus
386 3531 531 3582 etiam
570 3527 791 3578 rotundis
831 3529 901 3575 uti
938 3527 1394 3590 mesologarithmis‚
1469 3528 1574 3576 Imo
1612 3527 1706 3578 hoc
1744 3543 1839 3578 non
1879 3529 2180 3592 consultum,
2227 3529 2332 3578 suf-

81 3598 180 3650 ficit
217 3603 267 3649 in
304 3610 564 3665 praecepto
603 3603 787 3651 moneri
827 3599 1183 3650 calculatorem.

225 3674 280 3721 In
333 3676 556 3724 omnibus
608 3676 636 3723 5
692 3675 1033 3724 continuantur
1080 3679 1365 3734 argumenta
1413 3687 1568 3735 usque
1615 3673 1677 3722 ad
1735 3672 1788 3723 10
1828 3674 1935 3735 20¹,
1991 3681 2104 3722 tunc
2157 3672 2331 3721 desinit

82 3743 311 3809 Jovium3
350 3748 558 3813 amplius
596 3749 645 3795 in
686 3745 740 3795 10
781 3746 864 3795 51’
904 3746 1078 3795 desinit
1116 3745 1360 3807 Martium,
1399 3752 1447 3795 et
1484 3747 1531 3793 in
1574 3748 1621 3796 2.
1651 3748 1716 3797 32
1759 3747 2053 3807 Saturnium,
2093 3748 2140 3792 in
2183 3747 2232 3795 3.
2262 3748 2326 3793 22

1855 3834 1982 3883 42*
