2554 4140
130 151 134 166 ’
218 137 322 186 326
1046 131 1282 188 Epitomes
1312 129 1628 183 Astronomiae

218 283 374 330 sexies
418 279 543 340 120,
585 280 736 328 octies
776 281 872 339 90,
910 280 1081 328 novies
1123 280 1218 339 80,
1269 278 1428 327 decies
1470 281 1564 342 72,
1616 276 1877 327 duodecies
1919 281 2010 338 60,
2060 278 2339 340 quindecies
2379 280 2464 335 48,

223 351 437 402 sedecies
475 352 568 410 45,
619 351 891 399 octodecies
930 353 1024 412 40,
1077 353 1228 400 vicies
1269 353 1367 410 36,
1416 352 1568 399 vicies
1620 357 1668 399 et
1716 357 1886 413 quater
1925 353 2022 411 30,
2075 353 2467 400 numerosissima

221 426 376 474 forma
414 423 669 472 divisionis
707 425 756 470 in
794 430 956 486 partes
994 424 1255 486 aliquotae.

365 496 504 559 Quid
552 499 712 558 iyitur
765 500 998 558 sequitur
1041 499 1097 543 in
1147 495 1476 543 intervallum
1516 494 1647 542 Solis
1701 501 1746 542 et
1790 495 1975 542 Terrae
2013 509 2074 543 esc
2111 496 2203 543 hac
2240 503 2467 544 assumta

216 569 495 631 hypothesi,
542 575 635 616 aut
673 574 870 630 quanta
908 575 976 617 est
1011 570 1131 616 haec
1167 566 1485 630 decempeda,
1526 567 1764 615 hactenus
1802 583 1834 614 a
1873 567 2014 615 nobis
2049 573 2329 630 usurpata,
2369 584 2464 631 pro

217 655 458 689 mensura
496 642 700 690 orbium
736 640 1183 704 planetariorum?
1235 640 1287 687 Si
1311 638 1440 687 Solis
1479 639 1714 688 diameter
1751 639 1919 688 debuit
1957 653 2194 704 occupare
2217 642 2467 689 semissem

217 713 396 776 gradus
434 715 560 762 visui
609 716 656 761 in
695 713 846 762 Terra
897 715 1190 772 constituto,
1243 717 1434 774 oportet
1471 712 1629 759 visum
1669 711 1748 760 vel
1785 712 1890 774 ejus
1931 712 2037 761 loco
2081 719 2297 761 centrum
2333 712 2469 775 globi

173 780 212 864 f
218 787 456 835 terrestris
494 801 522 834 a
563 792 725 835 centro
764 784 892 836 Solis
931 786 1190 834 recessisse
1229 785 1332 832 229
1371 783 1744 833 semidiametris
1783 786 1995 846 corporis
2033 784 2219 834 Solaris
2257 785 2467 847 rotundi,

174 865 185 911 ¹.
220 858 371 921 paulo
409 859 548 921 plus,
587 865 642 906 ut
679 861 727 904 in
765 859 1031 920 geometria
1068 857 1311 906 docemur.

371 930 529 980 Teneo
579 931 939 990 intervallum,
992 929 1071 978 dic
1116 933 1267 978 etiam
1319 931 1651 990 quantitatem
1699 929 1833 992 ylobz·
1887 929 2098 977 Telluris
2140 945 2240 992 per
2287 945 2467 980 causas

219 1018 352 1052 suas.
438 1003 664 1052 Nondum
714 1005 809 1051 ista
855 1003 1102 1052 sufficiunt
1146 1003 1209 1052 ad
1257 1002 1577 1086 quantitatem
1623 1001 1832 1050 Telluris
1882 1001 2322 1063 determinandam,
2357 1003 2467 1052 sed

220 1090 342 1139 opus
383 1085 456 1125 est
493 1078 736 1124 axiomate
775 1076 970 1138 insuper
1008 1075 1121 1124 alio.
1184 1075 1435 1132 Nimirum,
1476 1076 1593 1136 quia
1631 1074 1800 1123 Tellus
1840 1073 2136 1124 domicilium
2177 1082 2279 1124 erat
2307 1077 2470 1124 sutura

217 1151 538 1197 mensurantis
578 1154 840 1208 creaturae,
882 1147 1050 1196 debuit
1087 1149 1233 1196 etiam
1269 1149 1377 1210 ipsa
1401 1147 1569 1196 Tellus
1608 1153 1655 1195 et
1695 1161 1895 1208 corpore
1927 1161 2016 1196 suo
2043 1163 2296 1211 corporum
2323 1163 2468 1196 mun·
2530 1159 2533 1162 ·

220 1221 455 1270 danorum
504 1226 552 1269 et
587 1219 947 1269 semidiametro
987 1235 1101 1282 sua,
1151 1227 1204 1269 ut
1240 1220 1396 1279 linea,
1445 1219 1705 1279 linearum,
1759 1219 1807 1266 id
1847 1228 1920 1268 est
1958 1221 2325 1270 intervallorum
2363 1222 2465 1269 fieri

218 1309 457 1343 mensura.
518 1293 640 1341 Cum
678 1299 842 1342 autem
881 1292 1109 1342 distincta
1144 1295 1208 1342 sit
1244 1293 1539 1342 mensuratio
1578 1306 1833 1354 corporum
1866 1308 1895 1340 a
1920 1295 2278 1343 mensuratione
2304 1294 2465 1342 linea-

218 1382 338 1427 rum,
379 1374 427 1414 et
465 1380 572 1414 cum
611 1367 676 1414 sit
712 1368 867 1428 prima
905 1367 1155 1429 proportio
1194 1367 1318 1414 inter
1355 1379 1558 1427 corpora
1594 1364 1804 1414 Telluris
1844 1372 1892 1413 et
1930 1365 2088 1425 Solis,
2128 1369 2284 1430 prima
2322 1368 2467 1415 etiam
2540 1400 2544 1406 ι

219 1442 342 1488 inter
379 1439 667 1488 diametrum
691 1438 900 1487 Telluris
940 1445 988 1488 et
1024 1438 1334 1487 intervallum
1358 1437 1568 1486 Telluris
1606 1452 1638 1486 a
1661 1437 1805 1498 Sole,
1844 1437 1961 1485 nihil
2002 1441 2160 1501 magis
2199 1446 2273 1488 est
2306 1447 2468 1488 rectae

219 1518 266 1561 et
303 1512 567 1560 concinnae
606 1518 654 1560 et
692 1511 944 1560 ordinatae
984 1512 1415 1575 contemperationi
1454 1516 1862 1574 consentaneum,
1918 1525 2063 1573 quam
2105 1520 2157 1561 ut
2192 1513 2466 1574 aequalitas

217 1590 459 1633 statuatur
494 1585 818 1646 proportionis
856 1585 1136 1647 utriusque,
1178 1591 1230 1632 ut
1267 1585 1459 1646 quoties
1497 1598 1671 1646 corpus
1710 1582 1920 1632 Telluris
1959 1586 2231 1634 continetur
2269 1587 2316 1633 in
2358 1599 2468 1634 cor-

218 1671 334 1721 pore
373 1655 528 1716 Solis,
579 1658 725 1706 toties
773 1658 920 1706 etiam
970 1657 1328 1707 semidiameter
1366 1655 1578 1705 Telluris
1622 1656 1926 1705 contineatur
1963 1658 2012 1704 in
2053 1658 2312 1707 intervallo
2351 1673 2468 1707 cen-

172 1756 179 1797 ξ
219 1739 399 1779 trorum
437 1729 567 1778 Solis
606 1735 655 1780 et
691 1730 885 1790 Terrae,
924 1736 979 1778 ut
1016 1731 1079 1779 sit
1116 1732 1244 1779 sicut
1281 1743 1456 1793 corpus
1494 1729 1674 1778 Terrae
1711 1729 1773 1779 ad
1812 1743 1988 1793 corpus
2025 1730 2172 1792 Solis,
2212 1733 2282 1781 sic
2319 1733 2468 1780 semi-

164 1805 175 1851 ί
219 1803 454 1852 diameter
491 1802 669 1853 Terrae
707 1801 771 1851 ad
810 1802 1092 1852 distantiam
1132 1810 1416 1852 centrorum.

368 1875 631 1940 Quomodo
658 1878 772 1935 jam
812 1891 872 1925 ex
906 1876 982 1924 his
1015 1876 1210 1926 duobus
1235 1874 1577 1925 axiomatibus
1602 1874 1800 1923 elicitur
1825 1878 2086 1937 quantitas
2110 1877 2470 1926 semidiametri

227 1947 473 1997 Telluris?
522 1949 719 1997 St·1tuta
745 1948 894 1997 Solis
913 1949 1274 1998 semidiametro
1310 1946 1655 2013 particularum
1700 1948 1925 2009 100000,
1965 1956 2018 1998 ut
2055 1951 2120 1999 sit
2157 1949 2466 2000 intervallum

220 2028 491 2071 centrorum
531 2021 660 2069 Solis
699 2028 746 2070 et
783 2021 961 2070 Terrae
1003 2023 1289 2071 22918166
1328 2020 1502 2070 talium
1537 2019 1905 2082 particularum3
1945 2022 2099 2072 cubus
2139 2022 2198 2072 de
2241 2024 2466 2082 100000,

221 2093 271 2140 id
324 2099 400 2143 est
454 2095 1054 2156 1000000000000000,
1107 2093 1397 2143 dividendus
1443 2098 1516 2141 est
1566 2106 1651 2155 per
1700 2092 2007 2142 intervallum
2062 2096 2371 2156 22918166,
2420 2102 2468 2144 ct

226 2168 490 2228 quotientis
541 2167 649 2229 (qui
697 2173 770 2216 est
807 2168 942 2215 sinus
981 2166 1040 2215 0⁰
1083 2167 1164 2215 15¹
1201 2168 1271 2215 0⁴¹
1308 2162 1638 2229 continuatus)
1682 2165 1961 2228 quaerenda
2009 2176 2082 2215 est
2131 2167 2288 2226 radiX,
2340 2181 2468 2231 quae

221 2241 312 2288 erit
352 2240 508 2288 6606.
582 2234 869 2288 Tanta'erit
907 2239 1263 2290 semidiameter
1299 2238 1524 2288 Telluris.
1589 2237 1716 2286 Nam
1754 2240 1880 2287 sicut
1919 2240 2074 2301 6606,
2114 2241 2470 2290 semidiameter
2526 2287 2528 2290 ,

220 2311 455 2379 Telluris,
508 2313 779 2361 continetur
815 2313 864 2359 in
906 2311 1218 2373 22918166,
1268 2310 1528 2362 intervallo
1575 2309 1705 2360 Solis
1754 2317 1802 2359 et
1838 2311 2016 2360 Terrae
2062 2311 2222 2379 (3469
2278 2314 2467 2362 vicibus

221 2399 328 2434 cum
367 2382 572 2450 triente),
612 2386 682 2434 sic
721 2387 867 2433 etiam
893 2386 1044 2434 cubus
1072 2385 1132 2434 de
1160 2386 1315 2445 6606,
1352 2382 1711 2434 semidiametro
1738 2383 1936 2449 Terrae,
1974 2386 2244 2435 continetur
2267 2387 2317 2434 in
2342 2386 2466 2435 cubo
2528 2424 2535 2428 .

222 2457 280 2506 de
325 2459 550 2518 100000,
589 2457 946 2507 semidiametro
986 2457 1129 2519 Solis,
1168 2457 1385 2518 totidem,
1424 2472 1491 2506 sc.
1532 2458 1672 2505 3469
1712 2456 1902 2506 vicibus
1941 2471 2049 2507 curn
2088 2459 2274 2508 triente.
2350 2457 2470 2508 Jam

220 2545 336 2578 vero
380 2536 548 2579 notum
599 2535 672 2580 est
723 2545 782 2579 ex
831 2532 1119 2592 geometria,
1172 2530 1303 2593 quod
1351 2544 1478 2593 quae
1528 2530 1761 2579 cuborum
1809 2530 1933 2580 inter
1977 2545 2031 2580 se
2081 2537 2154 2580 est
2201 2533 2466 2595 proportio,
2518 2528 2521 2530 ’

221 2602 390 2661 eadem
428 2604 491 2651 sit
527 2602 782 2665 globorum
820 2602 993 2652 iisdem
1030 2604 1167 2652 cubis
1204 2605 1559 2667 inscriptorum.
1634 2602 1713 2652 Ita
1748 2602 2106 2653 semidiameter
2144 2603 2272 2653 Solis
2306 2605 2464 2653 conti-

218 2677 354 2724 nebit
390 2675 801 2727 semidiametrum
838 2676 1017 2726 Terrae
1055 2675 1363 2738 quindecies,
1402 2675 1552 2739 paulo
1590 2675 1726 2738 plus3
1774 2690 1949 2739 corpus
1986 2691 2102 2726 vero
2140 2676 2269 2727 Solis
2309 2678 2474 2726 conti-'

220 2749 357 2798 nebit
393 2762 567 2812 corpus
605 2749 784 2799 Terrae
822 2750 961 2798 3469
1001 2749 1192 2798 vicibus
1232 2751 1435 2799 circiter.
2469 2782 2472 2787 -

371 2821 418 2869 T
410 2823 603 2885 riplum
637 2823 743 2886 fere
779 2822 902 2870 dicis
936 2823 1043 2883 ejus
1080 2824 1404 2884 quantitatis,
1453 2835 1610 2883 quam
1649 2828 1830 2869 veteres
1866 2822 2156 2871 tribuerunt
2193 2822 2474 2871 distantiae

222 2895 350 2943 Solis
387 2909 422 2942 a
468 2894 625 2942 Terra
662 2896 1006 2957 lonyissimae,
1055 2901 1114 2942 ut
1151 2909 1309 2957 quam
1355 2894 1432 2942 illi
1477 2895 1724 2942 minorem
1771 2895 2089 2960 statuerunt,
2140 2911 2296 2958 quam
2337 2896 2474 2943 120οι

220 2966 709 3031 semidiametrorum
745 2968 942 3028 Terrae,
983 2969 1304 3030 viyecuplum
1339 2981 1460 3015 vero
1498 2966 1620 3013 dicis
1652 2970 1993 3029 proportionis
2016 2983 2302 3032 corporum,
2342 2969 2467 3031 quia

221 3041 316 3102 ipsi
357 3039 520 3088 Solem
573 3046 774 3088 tantum
832 3038 986 3089 166¹⁰⁸
1032 3041 1263 3104 fecerunt
1318 3041 1566 3100 majorem
1624 3038 1810 3088 Terra:
1873 3055 2044 3090 nonne
2104 3042 2469 3090 observationes

222 3115 582 3161 astronomicas
618 3113 837 3162 metuis?
890 3113 1228 3176 Nequaquam.
1290 3108 1508 3161 ‘Veteres
1560 3113 1688 3160 enim
1734 3118 1831 3160 tam
1884 3115 2209 3176 propinquum
2252 3115 2471 3164 fecerunt·

222 3183 401 3243 Solem,
442 3190 495 3233 ut
531 3186 800 3247 parallaxin
839 3185 1059 3235 debuerit
1095 3186 1251 3235 facere
1289 3185 1433 3234 trium
1470 3186 1780 3234 minutorum.
1861 3183 1996 3234 Unde
2035 3186 2206 3250 Tycho
2245 3186 2463 3236 Braheus

221 3257 534 3305 ratiocinatus
573 3264 671 3320 est,
710 3259 906 3319 Martis,
946 3273 1055 3308 cum
1092 3258 1271 3308 Terrae
1309 3259 1503 3323 propior
1539 3257 1606 3316 fit,
1646 3271 1794 3320 quam
1830 3257 1940 3319 Sol,
1980 3259 2252 3322 parallaxin
2291 3259 2464 3308 debere
2506 3251 2508 3254 ’

223 3329 469 3378 observari
518 3330 670 3380 multo
717 3332 951 3394 majorem
998 3331 1151 3380 tribus
1196 3333 1411 3380 minutis.
1501 3331 1653 3393 Atqui
1702 3330 1961 3379 observavi
2012 3346 2126 3393 eg0,
2191 3332 2475 3395 pai-allaxiu'²
2549 3339 2554 3363 ¹

222 3399 395 3449 Martis
444 3415 751 3464 nequaquam
791 3419 897 3453 esse
934 3403 1228 3453 sensibilem.
1302 3403 1464 3467 Major
1501 3408 1576 3452 est
1600 3404 1758 3465 'igitur
1795 3402 2026 3452 distantia
2062 3404 2262 3465 Martis,
2319 3406 2471 3453 etiam.
2547 3405 2554 3449 ’,

223 3477 332 3524 cum
368 3474 615 3536 proximus
651 3475 731 3535 fit,
771 3477 924 3538 major
962 3479 1107 3526 etiam
1147 3476 1380 3526 distantia
1417 3475 1572 3536 Solis,
1611 3490 1759 3538 quam
1803 3477 1938 3524 1200
1977 3476 2458 3526 semidiametrorum.
2545 3460 2552 3549 J

263 3599 266 3602 .
367 3545 605 3597 Diametri
639 3546 810 3596 Martis
848 3555 895 3597 et
930 3550 1133 3598 Veneris
1171 3556 1377 3613 possunt
1414 3550 1678 3609 observari,
1718 3562 1825 3597 cum
1864 3550 2077 3611 antiquis
2115 3549 2460 3608 instrumentis,
2543 3584 2549 3614 3

223 3626 326 3669 tum
365 3620 511 3669 etiam
548 3621 729 3668 recenti
765 3619 849 3667 illo
887 3621 1149 3684 telescopio
1190 3622 1389 3684 Belgico
1428 3618 1476 3670 et
1512 3623 1823 3670 inveniuntur
1858 3623 2262 3683 paucissimorum
2298 3623 2460 3671 minu·-
2543 3622 2549 3662 i

224 3699 398 3741 torum.
460 3690 514 3740 Si
551 3705 664 3753 ergo
703 3691 788 3739 Sol
818 3697 917 3740 tam
955 3700 1028 3741 est
1051 3697 1364 3758 propinquus,
1405 3709 1552 3757 quam
1589 3694 1811 3742 dixerunt
1834 3699 2039 3755 veteres,
2079 3697 2225 3744 etiam
2263 3695 2314 3743 hi
2351 3692 2460 3755 pla-⁶
2541 3716 2547 3760 3

224 3770 368 3814 netae
405 3766 455 3812 in
493 3778 582 3812 sua
620 3765 824 3826 quisque
861 3768 1170 3826 proportione
1208 3774 1306 3816 tam
1344 3768 1605 3831 propinqui
1640 3766 1770 3826 fient,
1812 3781 1959 3829 quam
1993 3767 2115 3816 dixit
2138 3767 2307 3832 Tycho
2335 3767 2458 3814 Bra·
2541 3773 2546 3780 ·

225 3838 347 3892 heus
385 3851 444 3890 ex
482 3835 766 3903 CepernicO.
840 3835 893 3888 Si
930 3836 1062 3890 Mars
1109 3843 1208 3889 tam
1245 3842 1570 3907 propinquus,
1618 3839 1711 3890 erit
1745 3839 1836 3890 sub
1875 3854 1966 3891 sua
2003 3839 2188 3890 visibili
2226 3840 2470 3892 diametro

2360 3961 2541 4003 ξ’·
