2554 4140
212 120 313 172 638
1007 114 1076 158 De
1107 114 1294 160 Tabulis
1324 115 1627 174 Rudolphinis

196 263 311 308 tius:
355 261 533 307 Gratias
576 272 659 314 ago
699 259 756 303 ob
796 258 1042 305 auctarium
1080 256 1195 303 illud
1231 258 1515 315 primumque
1555 265 1735 315 gustum
1773 263 1935 307 nobilis
1975 275 2163 319 operae,
2205 275 2338 318 quam
2367 267 2447 307 tuo

185 341 369 372 munere
411 325 518 369 mihi
557 323 685 367 licuit
724 335 781 366 ex
823 323 990 368 chartis
1027 321 1118 366 illis
1160 322 1409 367 initialibus
1451 323 1665 370 delibare.
1734 326 1838 372 Non
1877 328 2087 372 morabor
2132 328 2268 372 isthic
2307 328 2443 372 ambi-

189 393 331 436 tiosus
350 424 361 446 ,
405 402 489 432 nec
519 388 693 443 indiges
725 393 775 431 tu
807 388 1053 443 peregrinis
1086 387 1295 432 laudibus
1327 388 1503 444 privato
1534 388 1703 445 indice,
1743 392 2006 437 eruditionis
2037 399 2143 437 tuae
2173 394 2450 438 conscientia

193 467 390 503 securus,
422 481 478 488 —
507 454 591 498 Die
626 455 692 499 10.
724 453 870 496 Junii:
905 453 1127 498 Constitui
1153 452 1334 498 differre
1363 453 1585 498 hactenus
1615 454 1783 513 literas,
1817 471 2053 514 quousque
2086 460 2336 503 auctarium
2367 461 2444 504 ali-

197 520 406 580 quod‘de
435 532 536 564 mea
568 531 705 575 opera
735 518 1014 563 redhiberem
1047 524 1092 563 et
1125 518 1257 562 simul
1302 519 1412 562 certi
1443 519 1614 574 aliquid
1646 524 1940 578 optatumque
1961 524 2137 569 Vienna
2167 526 2446 582 nunciarem3

198 601 316 632 nunc
347 588 410 631 ita
440 599 524 631 usu
548 585 682 637 venit,
715 589 766 628 ut
797 589 1220 639 possemneutrum‘.
1280 583 1398 626 Nam
1430 584 1609 627 chartas
1638 597 1763 629 meas
1794 591 2105 646 typographus
2136 595 2358 646 moratur,
2404 597 2450 635 et

187 653 362 698 Vienna
401 658 576 697 mature
610 649 778 708 aliquid
809 654 886 693 aut
924 648 980 693 de
1018 652 1118 693 me‘o
1159 649 1346 693 consilio
1380 655 1648 705 exspectare
1686 651 1761 693 vix
1799 658 1952 709 potes,
1996 663 2238 713 postquam
2280 657 2447 702 subditi

189 731 372 763 causam
409 719 515 762 Dux
555 714 992 771 Wurttembergicus
1030 713 1265 770 receperit.
1336 715 1495 770 Itaque
1534 715 1629 758 'alio
1668 715 1963 763 declinandae
2009 727 2113 765 sunt
2156 723 2356 768 rationes
2404 730 2448 769 et

188 797 298 828 sane
337 783 394 827 ad
431 783 624 828 vicinam
655 781 926 826 academiam
969 786 1048 824 aut
1085 779 1293 835 proxima
1333 781 1534 837 comitia,
1574 794 1690 836 quae
1722 782 1851 836 ajunt
1888 783 2106 831 inclinare
2134 789 2446 847 Ratisbonam,

187 850 561 904 occasionemque
592 848 710 892 forte
741 846 932 902 aliquam
964 849 1232 901 suggerent,
1278 858 1301 888 e
1333 845 1496 889 vicinia
1533 858 1635 889 cum
1668 847 1760 890 Ser.
1792 848 2004 894 Electore
2037 852 2254 898 Bavariae
2286 856 2446 900 transi-

185 917 340 974 gendi,
383 916 648 973 praesertim
689 914 727 958 si
758 913 893 958 editio
924 912 1097 956 interea
1129 912 1227 967 ejus
1260 913 1592 970 commentarii,
1637 913 1691 957 de
1732 927 1821 968 quo
1865 917 2134 974 scripseras,
2178 925 2444 977 maturetur,

186 994 412 1041 quamque
453 980 518 1025 uti
558 993 712 1026 omnes
737 979 1022 1023 vehementer
1053 977 1327 1035 approbant,
1369 978 1433 1023 ita
1474 993 1566 1023 non
1607 977 1821 1035 dispici0,
1867 983 2242 1036 quemadmodum
2285 999 2448 1042 operae

187 1048 310 1106 apud
339 1047 425 1091 hos
456 1044 807 1103 typographicae
838 1045 907 1088 vel
938 1043 983 1086 in
1014 1049 1141 1087 tanto
1175 1043 1463 1088 nu'merorum
1494 1044 1684 1101 penuria
1714 1045 1784 1089 vel
1815 1047 1862 1090 in
1892 1054 2020 1093 tanta
2042 1063 2228 1105 operum
2259 1051 2448 1096 aliorum

185 1112 442 1171 frequentia
472 1125 628 1156 curare
660 1124 715 1155 ex
752 1116 830 1154 tuo
862 1115 966 1154 voto
1001 1115 1045 1153 et
1075 1109 1178 1154 libri
1211 1110 1429 1164 dignitate
1471 1112 1659 1167 possint.
1694 1137 1748 1144 —
1779 1114 1864 1157 Die
1905 1115 1978 1159 25.
2009 1115 2153 1159 Junii:
2197 1116 2355 1172 Nuper
2384 1117 2448 1171 ita

186 1195 272 1226 usu
302 1179 445 1234 venit,
484 1182 534 1222 ut
564 1178 685 1233 apud
715 1177 956 1221 Doctorem
990 1175 1298 1231 experientem
1331 1180 1376 1220 et
1407 1177 1483 1231 qui
1514 1176 1720 1232 proxime
1752 1178 1929 1224 Vienna
1959 1186 2144 1224 venerat
2175 1181 2468 1225 mentionem,

186 1248 382 1293 facerem
413 1243 467 1288 de
498 1242 707 1288 subsidiis
738 1241 1030 1299 pecuniariis.
1087 1241 1178 1298 Ait,
1211 1240 1392 1286 facilius
1422 1242 1556 1298 longe
1586 1242 1662 1286 hic
1693 1243 1739 1287 in
1769 1244 1933 1290 vicinia
1955 1260 2091 1302 quam
2123 1247 2323 1292 Viennae
2352 1260 2445 1291 rem

185 1310 378 1368 transigi
405 1311 553 1367 posse,
584 1307 621 1352 si
650 1308 841 1364 primum
873 1306 1152 1363 intelligatur
1183 1319 1239 1350 ex
1273 1309 1514 1362 quaestore
1544 1307 1811 1363 Augustano
1855 1312 1938 1368 (hei
1971 1314 2055 1356 bem
2087 1313 2445 1369 ffieicbsspfcuuiuq:

190 1383 301 1437 uuirt
331 1389 396 1434 gue
427 1377 683 1431 augeam-9),
717 1374 898 1430 quinam
930 1385 987 1416 ex
1010 1372 1210 1417 Suevicis
1243 1372 1435 1417 statibus
1468 1379 1652 1429 quotam
1677 1387 1805 1419 suam
1836 1377 2069 1432 proximae
2089 1377 2311 1434 imperiali
2343 1391 2446 1422 con-

188 1443 423 1492 tributioni
442 1454 530 1486 non
553 1440 851 1496 exhibuerint,
882 1451 986 1483 nam
1010 1437 1147 1484 talem
1180 1439 1433 1495 quempiam
1465 1446 1633 1483 statum
1666 1447 1710 1484 et
1732 1448 2070 1487 numeraturum
2102 1444 2146 1488 in
2170 1443 2306 1489 lucris
2330 1443 2447 1500 ejus-

187 1511 309 1556 modi
339 1508 583 1561 creditoris,
613 1520 713 1552 cum
735 1518 824 1562 quo
854 1517 878 1550 e
909 1503 1053 1549 vicino
1076 1509 1122 1548 et
1151 1503 1293 1549 amice
1323 1504 1514 1560 transigi
1541 1505 1706 1561 possit,
1748 1511 1793 1549 et
1829 1509 2005 1552 exorari
2035 1508 2246 1553 facillime
2274 1510 2446 1554 Vienna

185 1590 336 1636 posse.
396 1576 507 1621 Eam
548 1587 640 1618 rem
677 1578 723 1617 te
766 1582 1039 1628 cognoscere
1082 1581 1270 1614 necesse
1311 1569 1417 1624 fuit,
1459 1570 1723 1626 priusquam
1764 1572 1934 1629 aliquid
1965 1575 2142 1620 Vienna
2183 1575 2438 1621 nunciatur.

188 1646 246 1690 D.
277 1644 413 1687 Pater
442 1639 685 1695 Zieglerus,
717 1635 981 1692 Moguntiae
1004 1635 1229 1680 Electoris
1261 1635 1655 1690 confessionarius,
1686 1637 1889 1694 impense
1921 1645 2050 1696 optat
2071 1640 2444 1697 Rudolphearum

184 1708 455 1766 exemplum.
516 1702 816 1749 collocabitur
846 1702 961 1746 bene
994 1706 1040 1745 et
1069 1714 1152 1758 per
1183 1715 1284 1747 eum
1317 1702 1533 1748 destinari
1563 1703 1755 1748 alterum
1787 1704 1920 1749 etiam
1952 1708 2119 1762 poterit
2149 1707 2206 1752 ad
2237 1707 2445 1764 Magnifi-

186 1788 286 1819 cum
315 1773 583 1818 Electorem.
645 1769 712 1812 De
744 1767 890 1826 pretio
923 1779 1004 1823 ego
1038 1773 1221 1811 curator
1252 1781 1340 1812 ero.

357 1838 442 1884 Die
471 1837 541 1882 26.
571 1833 789 1892 Augusti:
829 1833 930 1890 Ego
971 1838 1016 1878 et
1056 1834 1265 1889 privatim
1306 1833 1413 1878 mihi
1455 1839 1500 1878 et
1531 1827 1708 1890 publice
1742 1836 1999 1891 posteritati
2041 1837 2096 1881 de
2128 1837 2315 1884 Tabulis
2347 1839 2439 1883 Ru-

185 1903 414 1963 dolphinis
445 1901 731 1947 vehementer
761 1899 984 1955 gratulor,
1025 1905 1070 1944 et
1108 1899 1228 1944 foret
1268 1899 1341 1943 hic
1380 1912 1489 1944 sane
1530 1899 1656 1944 locus
1689 1902 1958 1947 excurrendi
1989 1902 2035 1946 in
2066 1903 2224 1949 laudes
2258 1917 2444 1960 exspec-

186 1972 270 2018 tati
301 1970 465 2029 operis,
496 1968 583 2013 nisi
612 1966 720 2011 mihi
751 1970 847 2010 tute
878 1963 1089 2019 injiceres
1120 1976 1302 2008 manum
1333 1964 1531 2022 itemque
1562 1979 1615 2012 ac
1659 1967 1777 2011 serio
1803 1967 1990 2023 juberes
2022 1969 2221 2024 edicere,
2260 1971 2298 2015 si
2330 1983 2445 2026 quae

103 2034 109 2046 ’
188 2040 235 2084 in
266 2051 320 2082 ea
350 2035 590 2093 scriptione
611 2034 729 2078 bono
762 2031 943 2089 publico
967 2030 1291 2075 observassem.
1357 2030 1556 2075 Inseram
1579 2031 1716 2088 igitur
1738 2034 1840 2089 hoc,
1873 2034 1995 2091 quod
2015 2035 2061 2079 in
2093 2035 2260 2081 tabulis
2283 2048 2445 2092 aequa-

187 2105 361 2163 tionum
402 2115 491 2146 non
524 2099 792 2144 exhibentur
822 2102 1034 2143 accurate
1064 2096 1217 2152 anguli
1250 2095 1306 2140 ad
1338 2095 1508 2152 Solem,
1554 2097 1591 2141 si
1632 2110 1687 2142 ex
1729 2098 1954 2145 adnotatis
1998 2100 2224 2147 distantiis
2263 2115 2444 2158 compu-

189 2173 356 2222 tentur,
387 2179 534 2222 neque
564 2164 759 2210 vicissim
788 2164 917 2220 ipsae
946 2162 1189 2208 distantiae
1219 2161 1265 2205 in
1288 2174 1341 2205 ea
1362 2162 1585 2206 anomalia
1616 2171 1879 2220 coaequata.
1938 2167 2041 2211 Non
2072 2181 2253 2213 recurro
2284 2168 2359 2213 hic
2388 2167 2446 2212 ad

192 2239 410 2291 punctum
441 2230 764 2287 aequatorium,
797 2229 877 2273 sed
910 2243 966 2273 ex
996 2228 1179 2284 vulgata
1209 2227 1520 2284 propositione
1559 2228 1698 2284 (quod
1729 2231 1854 2276 sinus
1886 2231 2072 2278 laterum
2106 2234 2277 2281 sinibus
2310 2249 2445 2290 angu-

185 2299 332 2343 lorum
378 2297 467 2343 sint
510 2294 902 2352 proportionales).
963 2294 1064 2340 Scio
1111 2295 1269 2344 etiam,
1315 2299 1365 2342 ut
1410 2294 1695 2340 intervallum
1732 2290 2032 2353 planetarium
2074 2300 2131 2344 ad
2174 2301 2445 2346 anomaliam

188 2363 394 2419 eccentri,
422 2361 484 2406 ita
505 2359 998 2407 semieccentricitatem
1029 2360 1087 2405 ad
1109 2359 1325 2417 angulum
1352 2360 1872 2418 prosthaphaereticum,
1908 2377 1989 2408 seu
2010 2362 2307 2410 differentiam
2329 2367 2447 2411 inter

189 2433 479 2486 coaequatam
519 2431 563 2471 et
603 2425 811 2471 eccentri.
873 2426 945 2470 Ex
983 2426 1083 2482 ipso
1122 2427 1402 2471 theoremate
1440 2427 1719 2483 prodeuntes
1761 2429 1913 2485 anguli
1945 2430 2003 2475 ad
2035 2431 2207 2485 Solem,
2251 2447 2290 2478 v.
2323 2447 2366 2488 g.
2397 2433 2444 2477 in

186 2496 361 2542 theoria
390 2493 570 2547 Martis,
611 2492 743 2548 longe
785 2491 1001 2537 differunt
1042 2491 1098 2538 ab
1128 2491 1205 2548 iis,
1249 2491 1324 2547 qui
1356 2491 1401 2535 in
1432 2491 1599 2537 tabulis
1632 2493 1921 2551 colliguntur.
1985 2496 2132 2542 Subiit
2163 2496 2366 2553 quidem,
2409 2497 2446 2542 si

188 2569 389 2609 centrum
421 2560 591 2617 figurae
623 2572 703 2603 seu
735 2558 907 2604 orbitae
939 2558 998 2603 sit
1028 2557 1191 2603 mobile
1232 2563 1278 2602 et
1307 2558 1353 2602 in
1385 2559 1512 2613 augis
1549 2558 1670 2604 linea
1699 2573 1781 2616 per
1823 2562 2047 2618 quaedam
2079 2563 2209 2619 quasi
2242 2581 2445 2621 κινηματα

185 2631 387 2684 libretur,
414 2632 619 2672 constare
650 2625 735 2671 sibi
767 2624 948 2672 tabulas
978 2637 1135 2682 posse3
1169 2623 1249 2668 sed
1282 2624 1397 2680 quid·
1422 2624 1478 2669 de
1509 2625 1730 2681 ejusmodi
1762 2625 2000 2672 libratione
2025 2628 2208 2685 sentias,
2238 2629 2358 2673 malo
2389 2641 2446 2673 ex

186 2702 288 2753 tuo,
326 2693 413 2738 vir'
435 2691 699 2747 clarissime,
739 2689 912 2747 judicio
958 2703 1254 2747 cognoscere,
1309 2703 1443 2747 quam
1478 2705 1614 2748 porro
1654 2691 1827 2747 aliquid
1868 2694 1915 2738 in
1959 2695 2135 2740 doctam
2174 2694 2293 2739 illam
2332 2707 2444 2752 ope-

188 2774 283 2805 ram
315 2759 494 2804 audere.
574 2782 581 2793 ,

365 2831 579 2877 Rationes
623 2829 785 2886 quibus
829 2834 978 2874 motus
1010 2828 1234 2885 Keplerus
1266 2828 1481 2874 Ulmam
1512 2829 1720 2886 elegerit,
1767 2829 1843 2874 ubi
1878 2835 2034 2888 typum
2066 2832 2341 2877 Tabularum
2371 2832 2447 2877 ab·

191 2898 405 2953 solveret,
451 2910 506 2942 ex
530 2894 968 2940 Hebenstreitii
1009 2896 1097 2950 (cfr.
1137 2897 1220 2938 vol.
1250 2895 1327 2938 IV.
1367 2908 1407 2948 p.
1450 2897 1562 2950 173.)
1604 2896 1808 2952 epistolis
1853 2897 2028 2942 eminus
2074 2903 2316 2954 apparent:
2350 2898 2447 2942 ani-

188 2980 308 3010 mum
350 2970 533 3011 senatus
572 2962 798 3008 Ulmensis
839 2960 1107 3006 benevolum
1148 2960 1195 3003 in
1226 2959 1471 3016 Keplerum
1516 2961 1695 3017 saepius
1741 2961 1881 3005 refert
1910 2961 2295 3018 Hebenstreitius,
2339 2962 2447 3006 item

191 3032 377 3087 gratiam
417 3045 497 3088 pro
528 3028 803 3074 transmissis
843 3028 969 3073 libris
1013 3032 1058 3070 et
1088 3026 1288 3073 favorem
1318 3026 1602 3082 quorundam
1641 3026 1800 3071 civium
1831 3027 2126 3072 Ulmensium.
2184 3028 2310 3072 Haec
2354 3040 2446 3070 mo-

193 3097 308 3142 visse
339 3096 545 3142 videntur
574 3094 835 3152 Keplerum‚
867 3100 918 3139 ut
949 3094 1005 3139 de
1037 3092 1144 3138 sede
1175 3092 1354 3138 Ulmam
1382 3093 1700 3138 transferenda
1731 3093 1964 3150 cogitaret,
1999 3092 2099 3137 loco
2131 3093 2284 3150 quieto
2315 3083 2446 3137 bellis

197 3162 361 3219 ubique
386 3163 704 3218 saevientibus,
739 3167 784 3206 et
814 3161 1149 3206 Hebenstreitio
1181 3172 1291 3204 usus
1324 3157 1382 3203 sit
1410 3159 1724 3204 intercessore.

366 3237 434 3280 De
454 3237 637 3293 Kepleri
666 3235 860 3281 transitu
890 3235 1007 3278 haec
1036 3233 1208 3278 habent
1230 3230 1554 3276 Hebenstreitii
1584 3231 1819 3289 epistolae,
1853 3245 2043 3287 quarum
2073 3231 2251 3287 longam
2282 3230 2442 3275 seriem

192 3301 307 3348 libro
339 3314 420 3346 suo
452 3300 682 3357 subjunxit
711 3302 988 3353 Hanschius,
1023 3299 1199 3345 omissis
1230 3311 1336 3343 vero
1368 3298 1555 3355 Kepleri
1584 3297 1838 3355 responsis,
1871 3298 1965 3353 Jam
1997 3297 2092 3341 sine
2123 3296 2258 3340 dubio
2291 3294 2447 3351 deper-

193 3367 312 3413 ditis.
374 3366 560 3421 Scripsit
589 3365 664 3410 ille
699 3368 740 3412 d.
772 3369 841 3411 11.
865 3365 977 3423 Maji
1001 3366 1143 3412 1624:
1180 3357 1312 3420 Quod
1342 3368 1470 3407 tuum
1502 3363 1663 3408 attinet
1683 3361 1979 3419 propositum,
2011 3373 2067 3405 en
2098 3366 2230 3417 typos
2261 3366 2443 3405 nostros

197 3429 619 3487 cattiterographiae
667 3436 736 3479 (ut
768 3432 968 3487 Scaliger
1006 3430 1248 3486 indigetat]
1280 3428 1502 3473 nullidum
1543 3441 1704 3472 venum
1740 3426 2055 3484 exponendos,
2099 3433 2234 3484 typos
2263 3427 2446 3482 inquam

191 3497 364 3544 nullum
395 3496 527 3540 etiam
557 3495 690 3539 alium
710 3496 756 3539 in
776 3497 924 3541 locum
955 3496 1267 3553 asportandos.
1332 3495 1380 3540 Si
1404 3494 1462 3538 ad
1493 3506 1576 3538 nos
1608 3507 1710 3537 cum
1738 3491 1829 3536 tuis
1859 3491 1999 3548 typis,
2032 3497 2215 3537 nostrae
2246 3496 2446 3536 staturae

193 3560 581 3621 respondentibuS,
614 3560 857 3605 ascendere
887 3562 1098 3617 volueris,
1130 3574 1266 3618 quam
1295 3559 1561 3605 maturrime
1591 3557 1827 3604 certiorem
1849 3568 1919 3599 me
1948 3557 2102 3603 facito.
2165 3558 2280 3602 Sunt
2308 3556 2442 3602 aedes

195 3626 618 3684 cattiterographiae
647 3625 817 3670 vicinae
858 3629 1030 3682 absque
1059 3625 1304 3682 inquilinis,
1338 3623 1597 3669 commodae
1635 3633 1743 3668 sane
1773 3619 1953 3666 futurae
1991 3623 2083 3667 tuis
2114 3623 2279 3679 operis.
2338 3622 2445 3667 Suc-

196 3702 347 3743 curret
376 3695 459 3741 tibi
487 3693 705 3747 Merkius,
733 3693 827 3748 jam
857 3699 1106 3751 contector,
1141 3692 1218 3749 qui
1248 3698 1292 3736 et
1324 3692 1379 3737 de
1408 3703 1564 3735 museo
1596 3697 1643 3735 et
1673 3686 1879 3734 cubiculo
1913 3692 1958 3732 et
1988 3687 2044 3731 de
2073 3700 2243 3744 mensa,
2276 3699 2359 3743 pro
2390 3699 2442 3730 eo

195 3769 333 3819 atque
364 3772 557 3817 aequum
585 3756 721 3802 fuerit
751 3762 892 3811 tuque
922 3759 1234 3814 postulaveris,
1266 3757 1348 3802 tibi
1371 3755 1697 3818 commodabit.
1757 3753 1826 3796 De
1856 3754 2075 3809 pensione
2103 3754 2326 3798 incolatus
2357 3753 2444 3798 hoc

199 3827 331 3885 habe,
363 3838 434 3871 me
463 3834 700 3871 numerare
732 3833 906 3868 annuos
935 3823 992 3867 40
1011 3821 1221 3880 florenos,
1253 3836 1407 3870 verum
1427 3821 1564 3868 aedes
1594 3819 1706 3867 satis
1736 3823 1842 3865 sunt
1861 3817 2078 3864 ablectae.
2133 3817 2264 3874 Quod
2295 3816 2444 3862 facere
