<?xml version="1.0" encoding="UTF-8"?>
<!DOCTYPE html PUBLIC "-//W3C//DTD XHTML 1.0 Transitional//EN"
    "http://www.w3.org/TR/xhtml1/DTD/xhtml1-transitional.dtd">
<html xmlns="http://www.w3.org/1999/xhtml" xml:lang="en" lang="en">
 <head>
  <title>
</title>
<meta http-equiv="Content-Type" content="text/html;charset=utf-8" />
  <meta name='ocr-system' content='tesseract 3.04.00' />
  <meta name='ocr-capabilities' content='ocr_page ocr_carea ocr_par ocr_line ocrx_word'/>
</head>
<body>
  <div class='ocr_page' id='page_1' title='image "./operaomniaedidit06kepluoft/operaomniaedidit06kepluoft_0056.png"; bbox 0 0 2560 4100; ppageno 0'>
   <div class='ocr_carea' id='block_1_1' title="bbox 183 118 1781 187">
    <p class='ocr_par' dir='ltr' id='par_1_1' title="bbox 183 118 1781 187">
     <span class='ocr_line' id='line_1_1' title="bbox 183 118 1781 187; baseline 0.001 -24"><span class='ocrx_word' id='word_1_1' title='bbox 183 125 248 174; x_wconf 81' lang='lat'><strong>42</strong></span> <span class='ocrx_word' id='word_1_2' title='bbox 802 118 1039 177; x_wconf 86' lang='lat' dir='ltr'><strong>Epistolae</strong></span> <span class='ocrx_word' id='word_1_3' title='bbox 1068 119 1252 176; x_wconf 90' lang='lat' dir='ltr'><strong>Kepleri</strong></span> <span class='ocrx_word' id='word_1_4' title='bbox 1282 118 1565 187; x_wconf 77' lang='lat' dir='ltr'><strong>aliorumque</strong></span> <span class='ocrx_word' id='word_1_5' title='bbox 1598 125 1781 166; x_wconf 87' lang='lat' dir='ltr'><strong>mutuae</strong></span> 
     </span>
    </p>
   </div>
   <div class='ocr_carea' id='block_1_2' title="bbox 177 267 2475 1337">
    <p class='ocr_par' dir='ltr' id='par_1_2' title="bbox 177 267 2475 1337">
     <span class='ocr_line' id='line_1_2' title="bbox 180 267 2431 332; baseline -0.001 -14"><span class='ocrx_word' id='word_1_6' title='bbox 180 269 264 318; x_wconf 82' lang='lat' dir='ltr'><strong>Sol</strong></span> <span class='ocrx_word' id='word_1_7' title='bbox 304 271 350 316; x_wconf 92' lang='lat' dir='ltr'><strong>in</strong></span> <span class='ocrx_word' id='word_1_8' title='bbox 390 268 739 329; x_wconf 84' lang='lat' dir='ltr'><strong>aequinoctiali</strong></span> <span class='ocrx_word' id='word_1_9' title='bbox 777 268 1047 316; x_wconf 85' lang='lat' dir='ltr'><strong>autumnali</strong></span> <span class='ocrx_word' id='word_1_10' title='bbox 1086 274 1304 330; x_wconf 89' lang='lat' dir='ltr'><strong>apparet,</strong></span> <span class='ocrx_word' id='word_1_11' title='bbox 1344 272 1532 317; x_wconf 91' lang='lat' dir='ltr'><strong>remota</strong></span> <span class='ocrx_word' id='word_1_12' title='bbox 1555 267 1794 330; x_wconf 85' lang='lat' dir='ltr'><strong>parallaxi</strong></span> <span class='ocrx_word' id='word_1_13' title='bbox 1827 268 2041 318; x_wconf 92' lang='lat' dir='ltr'><strong>nondum</strong></span> <span class='ocrx_word' id='word_1_14' title='bbox 2068 275 2143 318; x_wconf 89' lang='lat' dir='ltr'><strong>est</strong></span> <span class='ocrx_word' id='word_1_15' title='bbox 2179 271 2229 316; x_wconf 92' lang='lat' dir='ltr'><strong>in</strong></span> <span class='ocrx_word' id='word_1_16' title='bbox 2257 269 2431 332; x_wconf 89' lang='lat' dir='ltr'><strong>aequi·-</strong></span> 
     </span>
     <span class='ocr_line' id='line_1_3' title="bbox 179 338 2433 404; baseline -0.001 -13"><span class='ocrx_word' id='word_1_17' title='bbox 179 341 402 401; x_wconf 88' lang='lat' dir='ltr'><strong>noctiali‚</strong></span> <span class='ocrx_word' id='word_1_18' title='bbox 451 347 638 388; x_wconf 90' lang='lat' dir='ltr'><strong>remota</strong></span> <span class='ocrx_word' id='word_1_19' title='bbox 674 341 822 403; x_wconf 87' lang='lat' dir='ltr'><strong>igitur</strong></span> <span class='ocrx_word' id='word_1_20' title='bbox 859 341 1032 404; x_wconf 89' lang='lat' dir='ltr'><strong>maj0ri</strong></span> <span class='ocrx_word' id='word_1_21' title='bbox 1068 339 1348 404; x_wconf 86' lang='lat' dir='ltr'><strong>Tychoniis,</strong></span> <span class='ocrx_word' id='word_1_22' title='bbox 1388 338 1581 402; x_wconf 78' lang='lat' dir='ltr'><strong>longids</strong></span> <span class='ocrx_word' id='word_1_23' title='bbox 1619 341 1778 389; x_wconf 91' lang='lat' dir='ltr'><strong>adhuc</strong></span> <span class='ocrx_word' id='word_1_24' title='bbox 1817 342 1972 390; x_wconf 90' lang='lat' dir='ltr'><strong>abest.</strong></span> <span class='ocrx_word' id='word_1_25' title='bbox 2047 343 2114 390; x_wconf 89' lang='lat' dir='ltr'><strong>At</strong></span> <span class='ocrx_word' id='word_1_26' title='bbox 2151 344 2267 404; x_wconf 90' lang='lat' dir='ltr'><strong>quia</strong></span> <span class='ocrx_word' id='word_1_27' title='bbox 2303 340 2433 390; x_wconf 90' lang='lat' dir='ltr'><strong>idem</strong></span> 
     </span>
     <span class='ocr_line' id='line_1_4' title="bbox 181 411 2435 480; baseline 0 -18"><span class='ocrx_word' id='word_1_28' title='bbox 181 415 235 462; x_wconf 89' lang='lat' dir='ltr'><strong>fit</strong></span> <span class='ocrx_word' id='word_1_29' title='bbox 275 416 420 467; x_wconf 90' lang='lat' dir='ltr'><strong>etiam</strong></span> <span class='ocrx_word' id='word_1_30' title='bbox 461 414 508 459; x_wconf 93' lang='lat' dir='ltr'><strong>in</strong></span> <span class='ocrx_word' id='word_1_31' title='bbox 552 413 633 473; x_wconf 69' lang='grc' dir='ltr'><strong>Υ,</strong></span> <span class='ocrx_word' id='word_1_32' title='bbox 689 427 965 477; x_wconf 83' lang='lat' dir='ltr'><strong>apogaeum</strong></span> <span class='ocrx_word' id='word_1_33' title='bbox 1003 428 1118 462; x_wconf 82' lang='lat' dir='ltr'><strong>vero</strong></span> <span class='ocrx_word' id='word_1_34' title='bbox 1158 421 1233 461; x_wconf 92' lang='lat' dir='ltr'><strong>est</strong></span> <span class='ocrx_word' id='word_1_35' title='bbox 1270 415 1317 460; x_wconf 90' lang='lat' dir='ltr'><strong>in</strong></span> <span class='ocrx_word' id='word_1_36' title='bbox 1355 411 1545 471; x_wconf 88' lang='lat' dir='ltr'><strong>medio,</strong></span> <span class='ocrx_word' id='word_1_37' title='bbox 1599 413 1783 462; x_wconf 87' lang='lat' dir='ltr'><strong>scilicet</strong></span> <span class='ocrx_word' id='word_1_38' title='bbox 1820 417 1867 461; x_wconf 91' lang='lat' dir='ltr'><strong>in</strong></span> <span class='ocrx_word' id='word_1_39' title='bbox 1908 412 2014 480; x_wconf 48' lang='lat'><strong>629,-</strong></span> <span class='ocrx_word' id='word_1_40' title='bbox 2057 415 2141 463; x_wconf 90' lang='lat' dir='ltr'><strong>ubi</strong></span> <span class='ocrx_word' id='word_1_41' title='bbox 2180 414 2263 463; x_wconf 88' lang='lat' dir='ltr'><strong>Sol</strong></span> <span class='ocrx_word' id='word_1_42' title='bbox 2304 420 2435 463; x_wconf 91' lang='lat' dir='ltr'><strong>caret</strong></span> 
     </span>
     <span class='ocr_line' id='line_1_5' title="bbox 182 485 2435 549; baseline -0 -13"><span class='ocrx_word' id='word_1_43' title='bbox 182 488 492 549; x_wconf 84' lang='lat' dir='ltr'><strong>aequatione,</strong></span> <span class='ocrx_word' id='word_1_44' title='bbox 534 493 698 541; x_wconf 83' lang='lat' dir='ltr'><strong>manet</strong></span> <span class='ocrx_word' id='word_1_45' title='bbox 735 488 882 549; x_wconf 86' lang='lat' dir='ltr'><strong>igitur</strong></span> <span class='ocrx_word' id='word_1_46' title='bbox 929 486 1057 534; x_wconf 89' lang='lat' dir='ltr'><strong>idem</strong></span> <span class='ocrx_word' id='word_1_47' title='bbox 1094 493 1255 533; x_wconf 91' lang='lat' dir='ltr'><strong>motus</strong></span> <span class='ocrx_word' id='word_1_48' title='bbox 1293 485 1509 546; x_wconf 89' lang='lat' dir='ltr'><strong>medius,</strong></span> <span class='ocrx_word' id='word_1_49' title='bbox 1555 487 1959 535; x_wconf 77' lang='lat' dir='ltr'><strong>minuitur‘vero</strong></span> <span class='ocrx_word' id='word_1_50' title='bbox 2012 490 2341 536; x_wconf 87' lang='lat' dir='ltr'><strong>eccentricitas</strong></span> <span class='ocrx_word' id='word_1_51' title='bbox 2386 493 2435 535; x_wconf 90' lang='lat' dir='ltr'><strong>et</strong></span> 
     </span>
     <span class='ocr_line' id='line_1_6' title="bbox 182 558 2434 622; baseline -0.001 -14"><span class='ocrx_word' id='word_1_52' title='bbox 182 561 416 622; x_wconf 90' lang='lat' dir='ltr'><strong>aequatio</strong></span> <span class='ocrx_word' id='word_1_53' title='bbox 466 560 693 607; x_wconf 84' lang='lat' dir='ltr'><strong>maxima.</strong></span> <span class='ocrx_word' id='word_1_54' title='bbox 771 560 837 607; x_wconf 88' lang='lat' dir='ltr'><strong>At</strong></span> <span class='ocrx_word' id='word_1_55' title='bbox 886 574 961 607; x_wconf 91' lang='lat' dir='ltr'><strong>res</strong></span> <span class='ocrx_word' id='word_1_56' title='bbox 1012 560 1138 606; x_wconf 91' lang='lat' dir='ltr'><strong>circa</strong></span> <span class='ocrx_word' id='word_1_57' title='bbox 1186 558 1310 606; x_wconf 90' lang='lat' dir='ltr'><strong>adeo</strong></span> <span class='ocrx_word' id='word_1_58' title='bbox 1349 559 1536 605; x_wconf 89' lang='lat' dir='ltr'><strong>minuta</strong></span> <span class='ocrx_word' id='word_1_59' title='bbox 1589 568 1834 619; x_wconf 85' lang='lat' dir='ltr'><strong>versatur,</strong></span> <span class='ocrx_word' id='word_1_60' title='bbox 1889 565 1943 606; x_wconf 91' lang='lat' dir='ltr'><strong>ut</strong></span> <span class='ocrx_word' id='word_1_61' title='bbox 1981 560 2272 608; x_wconf 81' lang='lat' dir='ltr'><strong>observandi</strong></span> <span class='ocrx_word' id='word_1_62' title='bbox 2311 561 2434 608; x_wconf 85' lang='lat' dir='ltr'><strong>ratio</strong></span> 
     </span>
     <span class='ocr_line' id='line_1_7' title="bbox 180 630 2434 694; baseline -0 -14"><span class='ocrx_word' id='word_1_63' title='bbox 180 632 243 680; x_wconf 90' lang='lat' dir='ltr'><strong>ad</strong></span> <span class='ocrx_word' id='word_1_64' title='bbox 284 638 471 679; x_wconf 85' lang='lat' dir='ltr'><strong>tantam</strong></span> <span class='ocrx_word' id='word_1_65' title='bbox 510 632 830 681; x_wconf 80' lang='lat' dir='ltr'><strong>subtilitatem</strong></span> <span class='ocrx_word' id='word_1_66' title='bbox 867 645 963 679; x_wconf 88' lang='lat' dir='ltr'><strong>non</strong></span> <span class='ocrx_word' id='word_1_67' title='bbox 1005 630 1266 679; x_wconf 81' lang='lat' dir='ltr'><strong>descendat</strong></span> <span class='ocrx_word' id='word_1_68' title='bbox 1317 644 1473 692; x_wconf 90' lang='lat' dir='ltr'><strong>eoque</strong></span> <span class='ocrx_word' id='word_1_69' title='bbox 1510 644 1607 678; x_wconf 92' lang='lat' dir='ltr'><strong>non</strong></span> <span class='ocrx_word' id='word_1_70' title='bbox 1647 646 1752 678; x_wconf 87' lang='lat' dir='ltr'><strong>sum</strong></span> <span class='ocrx_word' id='word_1_71' title='bbox 1802 633 2012 692; x_wconf 88' lang='lat' dir='ltr'><strong>veritus,</strong></span> <span class='ocrx_word' id='word_1_72' title='bbox 2058 646 2145 694; x_wconf 90' lang='lat' dir='ltr'><strong>pro</strong></span> <span class='ocrx_word' id='word_1_73' title='bbox 2185 635 2323 680; x_wconf 83' lang='lat'>3592</span> <span class='ocrx_word' id='word_1_74' title='bbox 2363 633 2434 680; x_wconf 91' lang='lat' dir='ltr'><strong>uti</strong></span> 
     </span>
     <span class='ocr_line' id='line_1_8' title="bbox 180 703 2436 768; baseline 0.001 -17"><span class='ocrx_word' id='word_1_75' title='bbox 180 704 395 752; x_wconf 86' lang='lat' dir='ltr'><strong>rotunda</strong></span> <span class='ocrx_word' id='word_1_76' title='bbox 435 707 792 753; x_wconf 87' lang='lat' dir='ltr'><strong>eccentricitate</strong></span> <span class='ocrx_word' id='word_1_77' title='bbox 834 705 975 753; x_wconf 88' lang='lat'>3600</span> <span class='ocrx_word' id='word_1_78' title='bbox 1016 705 1161 751; x_wconf 85' lang='lat' dir='ltr'><strong>etiam</strong></span> <span class='ocrx_word' id='word_1_79' title='bbox 1201 703 1412 765; x_wconf 90' lang='lat' dir='ltr'><strong>majore,</strong></span> <span class='ocrx_word' id='word_1_80' title='bbox 1463 705 1744 765; x_wconf 87' lang='lat' dir='ltr'><strong>praesertim</strong></span> <span class='ocrx_word' id='word_1_81' title='bbox 1785 718 1892 752; x_wconf 90' lang='lat' dir='ltr'><strong>cnm</strong></span> <span class='ocrx_word' id='word_1_82' title='bbox 1931 719 2017 767; x_wconf 93' lang='lat' dir='ltr'><strong>per</strong></span> <span class='ocrx_word' id='word_1_83' title='bbox 2055 704 2274 754; x_wconf 88' lang='lat' dir='ltr'><strong>diversas</strong></span> <span class='ocrx_word' id='word_1_84' title='bbox 2314 720 2436 768; x_wconf 91' lang='lat' dir='ltr'><strong>ope-</strong></span> 
     </span>
     <span class='ocr_line' id='line_1_9' title="bbox 182 775 2438 839; baseline 0 -15"><span class='ocrx_word' id='word_1_85' title='bbox 182 778 399 826; x_wconf 83' lang='lat' dir='ltr'><strong>rationes</strong></span> <span class='ocrx_word' id='word_1_86' title='bbox 439 776 633 826; x_wconf 86' lang='lat' dir='ltr'><strong>diversa</strong></span> <span class='ocrx_word' id='word_1_87' title='bbox 673 785 815 826; x_wconf 89' lang='lat' dir='ltr'><strong>exeat</strong></span> <span class='ocrx_word' id='word_1_88' title='bbox 852 780 1145 838; x_wconf 89' lang='lat' dir='ltr'><strong>variansque</strong></span> <span class='ocrx_word' id='word_1_89' title='bbox 1185 777 1231 822; x_wconf 91' lang='lat' dir='ltr'><strong>in</strong></span> <span class='ocrx_word' id='word_1_90' title='bbox 1272 776 1498 823; x_wconf 89' lang='lat' dir='ltr'><strong>minimis.</strong></span> <span class='ocrx_word' id='word_1_91' title='bbox 1575 775 1774 838; x_wconf 86' lang='lat' dir='ltr'><strong>Cogita,</strong></span> <span class='ocrx_word' id='word_1_92' title='bbox 1814 791 1900 839; x_wconf 89' lang='lat' dir='ltr'><strong>per</strong></span> <span class='ocrx_word' id='word_1_93' title='bbox 1936 777 2151 826; x_wconf 85' lang='lat' dir='ltr'><strong>armillas</strong></span> <span class='ocrx_word' id='word_1_94' title='bbox 2191 778 2438 826; x_wconf 84' lang='lat' dir='ltr'><strong>observari</strong></span> 
     </span>
     <span class='ocr_line' id='line_1_10' title="bbox 184 849 2436 913; baseline 0 -15"><span class='ocrx_word' id='word_1_95' title='bbox 184 849 348 899; x_wconf 89' lang='lat' dir='ltr'><strong>Solem</strong></span> <span class='ocrx_word' id='word_1_96' title='bbox 401 851 450 897; x_wconf 91' lang='lat' dir='ltr'><strong>in</strong></span> <span class='ocrx_word' id='word_1_97' title='bbox 497 851 860 913; x_wconf 86' lang='lat' dir='ltr'><strong>aequinoctium</strong></span> <span class='ocrx_word' id='word_1_98' title='bbox 915 849 1230 908; x_wconf 83' lang='lat' dir='ltr'><strong>incidentem,</strong></span> <span class='ocrx_word' id='word_1_99' title='bbox 1285 855 1370 896; x_wconf 92' lang='lat' dir='ltr'><strong>aut</strong></span> <span class='ocrx_word' id='word_1_100' title='bbox 1419 863 1506 910; x_wconf 90' lang='lat' dir='ltr'><strong>per</strong></span> <span class='ocrx_word' id='word_1_101' title='bbox 1550 849 2204 911; x_wconf 88' lang='lat' dir='ltr'><strong>quadrantem.altitudines</strong></span> <span class='ocrx_word' id='word_1_102' title='bbox 2249 857 2436 899; x_wconf 84' lang='lat' dir='ltr'><strong>tantum</strong></span> 
     </span>
     <span class='ocr_line' id='line_1_11' title="bbox 183 919 2475 985; baseline -0.001 -13"><span class='ocrx_word' id='word_1_103' title='bbox 183 923 503 984; x_wconf 90' lang='lat' dir='ltr'><strong>meridianas,</strong></span> <span class='ocrx_word' id='word_1_104' title='bbox 543 938 640 971; x_wconf 89' lang='lat' dir='ltr'><strong>non</strong></span> <span class='ocrx_word' id='word_1_105' title='bbox 679 924 890 985; x_wconf 89' lang='lat' dir='ltr'><strong>maj0res</strong></span> <span class='ocrx_word' id='word_1_106' title='bbox 939 937 1082 984; x_wconf 90' lang='lat' dir='ltr'><strong>quam</strong></span> <span class='ocrx_word' id='word_1_107' title='bbox 1125 919 1233 979; x_wconf 83' lang='lat'><strong>34⁰,</strong></span> <span class='ocrx_word' id='word_1_108' title='bbox 1286 936 1394 968; x_wconf 90' lang='lat' dir='ltr'><strong>cum</strong></span> <span class='ocrx_word' id='word_1_109' title='bbox 1434 921 1603 985; x_wconf 86' lang='lat' dir='ltr'><strong>Tycho</strong></span> <span class='ocrx_word' id='word_1_110' title='bbox 1642 921 1806 970; x_wconf 84' lang='lat' dir='ltr'><strong>Solem</strong></span> <span class='ocrx_word' id='word_1_111' title='bbox 1844 936 1940 970; x_wconf 90' lang='lat' dir='ltr'><strong>non</strong></span> <span class='ocrx_word' id='word_1_112' title='bbox 1981 925 2102 970; x_wconf 89' lang='lat' dir='ltr'><strong>citra</strong></span> <span class='ocrx_word' id='word_1_113' title='bbox 2137 923 2437 972; x_wconf 84' lang='lat' dir='ltr'><strong>refractionis</strong></span> <span class='ocrx_word' id='word_1_114' title='bbox 2464 960 2475 969; x_wconf 29' lang='lat' dir='ltr'><strong>r</strong></span> 
     </span>
     <span class='ocr_line' id='line_1_12' title="bbox 185 991 2435 1060; baseline -0 -16"><span class='ocrx_word' id='word_1_115' title='bbox 185 997 514 1060; x_wconf 84' lang='lat' dir='ltr'><strong>suspicionem</strong></span> <span class='ocrx_word' id='word_1_116' title='bbox 561 997 810 1058; x_wconf 84' lang='lat' dir='ltr'><strong>reliquerit</strong></span> <span class='ocrx_word' id='word_1_117' title='bbox 859 1010 1014 1057; x_wconf 90' lang='lat' dir='ltr'><strong>usque</strong></span> <span class='ocrx_word' id='word_1_118' title='bbox 1061 993 1123 1041; x_wconf 91' lang='lat' dir='ltr'><strong>ad</strong></span> <span class='ocrx_word' id='word_1_119' title='bbox 1164 991 1284 1043; x_wconf 79' lang='lat'>45⁰.</span> <span class='ocrx_word' id='word_1_120' title='bbox 1362 993 1549 1055; x_wconf 86' lang='lat' dir='ltr'><strong>Quodsi</strong></span> <span class='ocrx_word' id='word_1_121' title='bbox 1599 994 1734 1043; x_wconf 89' lang='lat' dir='ltr'><strong>nulla</strong></span> <span class='ocrx_word' id='word_1_122' title='bbox 1787 1002 1917 1044; x_wconf 86' lang='lat' dir='ltr'><strong>esset</strong></span> <span class='ocrx_word' id='word_1_123' title='bbox 1968 997 2013 1041; x_wconf 90' lang='lat' dir='ltr'><strong>in</strong></span> <span class='ocrx_word' id='word_1_124' title='bbox 2056 994 2161 1043; x_wconf 85' lang='lat'><strong>34⁰</strong></span> <span class='ocrx_word' id='word_1_125' title='bbox 2197 996 2435 1056; x_wconf 81' lang='lat' dir='ltr'><strong>refractio,</strong></span> 
     </span>
     <span class='ocr_line' id='line_1_13' title="bbox 187 1068 2439 1133; baseline -0 -16"><span class='ocrx_word' id='word_1_126' title='bbox 187 1069 272 1118; x_wconf 89' lang='lat' dir='ltr'><strong>ubi</strong></span> <span class='ocrx_word' id='word_1_127' title='bbox 310 1069 481 1132; x_wconf 87' lang='lat' dir='ltr'><strong>Tycho</strong></span> <span class='ocrx_word' id='word_1_128' title='bbox 520 1071 658 1132; x_wconf 91' lang='lat' dir='ltr'><strong>ponit</strong></span> <span class='ocrx_word' id='word_1_129' title='bbox 695 1069 936 1133; x_wconf 88' lang='lat' dir='ltr'><strong>aliquam,</strong></span> <span class='ocrx_word' id='word_1_130' title='bbox 995 1073 1281 1130; x_wconf 83' lang='lat' dir='ltr'><strong>pensaretur</strong></span> <span class='ocrx_word' id='word_1_131' title='bbox 1320 1069 1465 1129; x_wconf 89' lang='lat' dir='ltr'><strong>igitur</strong></span> <span class='ocrx_word' id='word_1_132' title='bbox 1501 1068 1595 1116; x_wconf 92' lang='lat' dir='ltr'><strong>hoc</strong></span> <span class='ocrx_word' id='word_1_133' title='bbox 1632 1069 1873 1116; x_wconf 87' lang='lat' dir='ltr'><strong>errorculo</strong></span> <span class='ocrx_word' id='word_1_134' title='bbox 1914 1071 2153 1122; x_wconf 85' lang='lat' dir='ltr'><strong>contrario</strong></span> <span class='ocrx_word' id='word_1_135' title='bbox 2196 1068 2279 1118; x_wconf 89' lang='lat' dir='ltr'><strong>ille</strong></span> <span class='ocrx_word' id='word_1_136' title='bbox 2316 1069 2439 1118; x_wconf 91' lang='lat' dir='ltr'><strong>alter</strong></span> 
     </span>
     <span class='ocr_line' id='line_1_14' title="bbox 182 1139 2438 1205; baseline 0 -16"><span class='ocrx_word' id='word_1_137' title='bbox 182 1142 484 1204; x_wconf 83' lang='lat' dir='ltr'><strong>majusculae</strong></span> <span class='ocrx_word' id='word_1_138' title='bbox 523 1142 845 1205; x_wconf 86' lang='lat' dir='ltr'><strong>parallaxeos.</strong></span> <span class='ocrx_word' id='word_1_139' title='bbox 910 1139 1003 1188; x_wconf 91' lang='lat' dir='ltr'><strong>His</strong></span> <span class='ocrx_word' id='word_1_140' title='bbox 1055 1140 1113 1188; x_wconf 91' lang='lat' dir='ltr'><strong>de</strong></span> <span class='ocrx_word' id='word_1_141' title='bbox 1153 1141 1313 1188; x_wconf 89' lang='lat' dir='ltr'><strong>causis</strong></span> <span class='ocrx_word' id='word_1_142' title='bbox 1354 1141 1636 1203; x_wconf 84' lang='lat' dir='ltr'><strong>complexus</strong></span> <span class='ocrx_word' id='word_1_143' title='bbox 1685 1156 1791 1189; x_wconf 87' lang='lat' dir='ltr'><strong>sum</strong></span> <span class='ocrx_word' id='word_1_144' title='bbox 1831 1156 1922 1204; x_wconf 87' lang='lat' dir='ltr'><strong>ego</strong></span> <span class='ocrx_word' id='word_1_145' title='bbox 1970 1141 2225 1190; x_wconf 86' lang='lat' dir='ltr'><strong>rotundam</strong></span> <span class='ocrx_word' id='word_1_146' title='bbox 2265 1156 2438 1191; x_wconf 89' lang='lat' dir='ltr'><strong>eccen-</strong></span> 
     </span>
     <span class='ocr_line' id='line_1_15' title="bbox 182 1213 2436 1277; baseline 0 -14"><span class='ocrx_word' id='word_1_147' title='bbox 182 1217 443 1263; x_wconf 87' lang='lat' dir='ltr'><strong>tricitatem</strong></span> <span class='ocrx_word' id='word_1_148' title='bbox 483 1216 638 1272; x_wconf 86' lang='lat'><strong>3600,</strong></span> <span class='ocrx_word' id='word_1_149' title='bbox 679 1215 758 1263; x_wconf 86' lang='lat' dir='ltr'><strong>vel</strong></span> <span class='ocrx_word' id='word_1_150' title='bbox 795 1227 904 1262; x_wconf 92' lang='lat' dir='ltr'><strong>meo</strong></span> <span class='ocrx_word' id='word_1_151' title='bbox 943 1213 1147 1277; x_wconf 89' lang='lat' dir='ltr'><strong>physico</strong></span> <span class='ocrx_word' id='word_1_152' title='bbox 1187 1213 1331 1261; x_wconf 90' lang='lat' dir='ltr'><strong>modo</strong></span> <span class='ocrx_word' id='word_1_153' title='bbox 1377 1215 1530 1274; x_wconf 87' lang='grc'><strong>1800,</strong></span> <span class='ocrx_word' id='word_1_154' title='bbox 1571 1221 1624 1261; x_wconf 92' lang='lat' dir='ltr'><strong>ut</strong></span> <span class='ocrx_word' id='word_1_155' title='bbox 1657 1216 1808 1263; x_wconf 89' lang='lat' dir='ltr'><strong>tacite</strong></span> <span class='ocrx_word' id='word_1_156' title='bbox 1836 1214 1987 1264; x_wconf 82' lang='lat' dir='ltr'><strong>veluti</strong></span> <span class='ocrx_word' id='word_1_157' title='bbox 2011 1221 2320 1277; x_wconf 85' lang='lat' dir='ltr'><strong>protestarer,</strong></span> <span class='ocrx_word' id='word_1_158' title='bbox 2360 1230 2436 1264; x_wconf 91' lang='lat' dir='ltr'><strong>me</strong></span> 
     </span>
     <span class='ocr_line' id='line_1_16' title="bbox 177 1287 993 1337; baseline 0 -2"><span class='ocrx_word' id='word_1_159' title='bbox 177 1289 376 1336; x_wconf 89' lang='lat' dir='ltr'><strong>minima</strong></span> <span class='ocrx_word' id='word_1_160' title='bbox 414 1288 492 1336; x_wconf 90' lang='lat' dir='ltr'><strong>hic</strong></span> <span class='ocrx_word' id='word_1_161' title='bbox 528 1287 657 1337; x_wconf 88' lang='lat' dir='ltr'><strong>nolle</strong></span> <span class='ocrx_word' id='word_1_162' title='bbox 697 1300 993 1336; x_wconf 84' lang='lat' dir='ltr'><strong>asseverare.</strong></span> 
     </span>
    </p>
   </div>
   <div class='ocr_carea' id='block_1_3' title="bbox 178 1370 2442 2448">
    <p class='ocr_par' dir='ltr' id='par_1_3' title="bbox 178 1370 2438 1720">
     <span class='ocr_line' id='line_1_17' title="bbox 324 1370 2436 1426; baseline 0 -13"><span class='ocrx_word' id='word_1_163' title='bbox 324 1373 621 1423; x_wconf 83' lang='lat' dir='ltr'><strong>Oriigerus.</strong></span> <span class='ocrx_word' id='word_1_164' title='bbox 676 1374 918 1424; x_wconf 89' lang='lat' dir='ltr'><strong>Praeterea,</strong></span> <span class='ocrx_word' id='word_1_165' title='bbox 949 1374 986 1412; x_wconf 92' lang='lat' dir='ltr'><strong>si</strong></span> <span class='ocrx_word' id='word_1_166' title='bbox 1018 1371 1248 1426; x_wconf 80' lang='lat' dir='ltr'><strong>parallaxis</strong></span> <span class='ocrx_word' id='word_1_167' title='bbox 1279 1370 1549 1422; x_wconf 68' lang='lat' dir='ltr'><strong>horizontalis</strong></span> <span class='ocrx_word' id='word_1_168' title='bbox 1579 1375 1741 1412; x_wconf 85' lang='lat' dir='ltr'><strong>tantum</strong></span> <span class='ocrx_word' id='word_1_169' title='bbox 1773 1377 1881 1412; x_wconf 84' lang='lat' dir='ltr'><strong>esset</strong></span> <span class='ocrx_word' id='word_1_170' title='bbox 1916 1373 1974 1426; x_wconf 89' lang='lat'><strong>1¹,</strong></span> <span class='ocrx_word' id='word_1_171' title='bbox 2007 1385 2089 1412; x_wconf 90' lang='lat' dir='ltr'><strong>nno</strong></span> <span class='ocrx_word' id='word_1_172' title='bbox 2120 1375 2244 1413; x_wconf 82' lang='lat' dir='ltr'><strong>etiam</strong></span> <span class='ocrx_word' id='word_1_173' title='bbox 2277 1375 2436 1423; x_wconf 82' lang='lat' dir='ltr'><strong>integro</strong></span> 
     </span>
     <span class='ocr_line' id='line_1_18' title="bbox 178 1431 2438 1484; baseline 0 -13"><span class='ocrx_word' id='word_1_174' title='bbox 178 1434 337 1472; x_wconf 89' lang='lat' dir='ltr'><strong>minuto</strong></span> <span class='ocrx_word' id='word_1_175' title='bbox 381 1434 514 1472; x_wconf 85' lang='lat' dir='ltr'><strong>minor</strong></span> <span class='ocrx_word' id='word_1_176' title='bbox 545 1435 652 1472; x_wconf 88' lang='lat' dir='ltr'><strong>esset</strong></span> <span class='ocrx_word' id='word_1_177' title='bbox 683 1433 910 1484; x_wconf 84' lang='lat' dir='ltr'><strong>obliquitas</strong></span> <span class='ocrx_word' id='word_1_178' title='bbox 943 1432 1160 1482; x_wconf 87' lang='lat' dir='ltr'><strong>eclipticae</strong></span> <span class='ocrx_word' id='word_1_179' title='bbox 1192 1431 1380 1483; x_wconf 84' lang='lat' dir='ltr'><strong>adeoque</strong></span> <span class='ocrx_word' id='word_1_180' title='bbox 1412 1435 1500 1470; x_wconf 84' lang='lat' dir='ltr'><strong>tota</strong></span> <span class='ocrx_word' id='word_1_181' title='bbox 1534 1431 1861 1471; x_wconf 83' lang='lat' dir='ltr'><strong>declinationum</strong></span> <span class='ocrx_word' id='word_1_182' title='bbox 1893 1436 1934 1471; x_wconf 89' lang='lat' dir='ltr'><strong>et</strong></span> <span class='ocrx_word' id='word_1_183' title='bbox 1953 1444 2037 1474; x_wconf 84' lang='lat' dir='ltr'><strong>asc.</strong></span> <span class='ocrx_word' id='word_1_184' title='bbox 2058 1436 2262 1472; x_wconf 84' lang='lat' dir='ltr'><strong>rectarum</strong></span> <span class='ocrx_word' id='word_1_185' title='bbox 2294 1433 2438 1472; x_wconf 80' lang='lat' dir='ltr'><strong>tabula</strong></span> 
     </span>
     <span class='ocr_line' id='line_1_19' title="bbox 179 1489 2435 1542; baseline 0 -12"><span class='ocrx_word' id='word_1_186' title='bbox 179 1492 419 1540; x_wconf 86' lang='lat' dir='ltr'><strong>Tychonica</strong></span> <span class='ocrx_word' id='word_1_187' title='bbox 447 1490 676 1530; x_wconf 81' lang='lat' dir='ltr'><strong>vacillaret.</strong></span> <span class='ocrx_word' id='word_1_188' title='bbox 736 1492 929 1542; x_wconf 90' lang='lat' dir='ltr'><strong>Denique</strong></span> <span class='ocrx_word' id='word_1_189' title='bbox 969 1502 1062 1529; x_wconf 87' lang='lat' dir='ltr'><strong>cum</strong></span> <span class='ocrx_word' id='word_1_190' title='bbox 1095 1489 1342 1542; x_wconf 87' lang='lat' dir='ltr'><strong>obliquitate</strong></span> <span class='ocrx_word' id='word_1_191' title='bbox 1374 1490 1587 1540; x_wconf 81' lang='lat' dir='ltr'><strong>eclipticas</strong></span> <span class='ocrx_word' id='word_1_192' title='bbox 1630 1490 1838 1530; x_wconf 78' lang='lat' dir='ltr'><strong>mediante</strong></span> <span class='ocrx_word' id='word_1_193' title='bbox 1878 1492 2093 1530; x_wconf 79' lang='lat' dir='ltr'><strong>restitutae</strong></span> <span class='ocrx_word' id='word_1_194' title='bbox 2132 1493 2216 1530; x_wconf 88' lang='lat' dir='ltr'><strong>sint</strong></span> <span class='ocrx_word' id='word_1_195' title='bbox 2256 1490 2435 1540; x_wconf 83' lang='lat' dir='ltr'><strong>longitu-</strong></span> 
     </span>
     <span class='ocr_line' id='line_1_20' title="bbox 181 1547 2435 1602; baseline 0.001 -15"><span class='ocrx_word' id='word_1_196' title='bbox 181 1549 297 1602; x_wconf 80' lang='lat' dir='ltr'><strong>dines</strong></span> <span class='ocrx_word' id='word_1_197' title='bbox 329 1554 369 1588; x_wconf 91' lang='lat' dir='ltr'><strong>et</strong></span> <span class='ocrx_word' id='word_1_198' title='bbox 398 1548 645 1588; x_wconf 86' lang='lat' dir='ltr'><strong>latitudines</strong></span> <span class='ocrx_word' id='word_1_199' title='bbox 676 1550 875 1601; x_wconf 80' lang='lat' dir='ltr'><strong>fixarum,</strong></span> <span class='ocrx_word' id='word_1_200' title='bbox 908 1549 1034 1587; x_wconf 84' lang='lat' dir='ltr'><strong>etiam</strong></span> <span class='ocrx_word' id='word_1_201' title='bbox 1064 1547 1157 1587; x_wconf 88' lang='lat' dir='ltr'><strong>illas</strong></span> <span class='ocrx_word' id='word_1_202' title='bbox 1191 1559 1272 1586; x_wconf 76' lang='lat' dir='ltr'><strong>uon</strong></span> <span class='ocrx_word' id='word_1_203' title='bbox 1309 1552 1374 1587; x_wconf 88' lang='lat' dir='ltr'><strong>sat</strong></span> <span class='ocrx_word' id='word_1_204' title='bbox 1406 1549 1483 1587; x_wconf 83' lang='lat' dir='ltr'><strong>rite-</strong></span> <span class='ocrx_word' id='word_1_205' title='bbox 1506 1549 1768 1587; x_wconf 87' lang='lat' dir='ltr'><strong>constituisse</strong></span> <span class='ocrx_word' id='word_1_206' title='bbox 1790 1553 2050 1601; x_wconf 80' lang='lat' dir='ltr'><strong>sequeretur;</strong></span> <span class='ocrx_word' id='word_1_207' title='bbox 2084 1549 2248 1602; x_wconf 89' lang='lat' dir='ltr'><strong>etquid</strong></span> <span class='ocrx_word' id='word_1_208' title='bbox 2270 1549 2435 1589; x_wconf 85' lang='lat' dir='ltr'><strong>tandem</strong></span> 
     </span>
     <span class='ocr_line' id='line_1_21' title="bbox 180 1605 2433 1660; baseline 0 -13"><span class='ocrx_word' id='word_1_209' title='bbox 180 1608 279 1647; x_wconf 88' lang='lat' dir='ltr'><strong>certi</strong></span> <span class='ocrx_word' id='word_1_210' title='bbox 310 1609 354 1646; x_wconf 89' lang='lat' dir='ltr'><strong>in</strong></span> <span class='ocrx_word' id='word_1_211' title='bbox 385 1611 472 1647; x_wconf 90' lang='lat' dir='ltr'><strong>toto</strong></span> <span class='ocrx_word' id='word_1_212' title='bbox 494 1607 689 1657; x_wconf 83' lang='lat' dir='ltr'><strong>Tychone</strong></span> <span class='ocrx_word' id='word_1_213' title='bbox 719 1607 998 1646; x_wconf 79' lang='lat' dir='ltr'><strong>haberemus?</strong></span> <span class='ocrx_word' id='word_1_214' title='bbox 1043 1605 1149 1645; x_wconf 84' lang='lat' dir='ltr'><strong>Ecce</strong></span> <span class='ocrx_word' id='word_1_215' title='bbox 1180 1618 1304 1658; x_wconf 86' lang='lat' dir='ltr'><strong>quam</strong></span> <span class='ocrx_word' id='word_1_216' title='bbox 1335 1611 1448 1646; x_wconf 87' lang='lat' dir='ltr'><strong>arcte</strong></span> <span class='ocrx_word' id='word_1_217' title='bbox 1477 1607 1563 1646; x_wconf 91' lang='lat' dir='ltr'><strong>sint</strong></span> <span class='ocrx_word' id='word_1_218' title='bbox 1593 1607 1730 1646; x_wconf 85' lang='lat' dir='ltr'><strong>omnia</strong></span> <span class='ocrx_word' id='word_1_219' title='bbox 1761 1605 1967 1660; x_wconf 86' lang='lat' dir='ltr'><strong>colligata,</strong></span> <span class='ocrx_word' id='word_1_220' title='bbox 2000 1619 2104 1660; x_wconf 88' lang='lat' dir='ltr'><strong>quae</strong></span> <span class='ocrx_word' id='word_1_221' title='bbox 2135 1609 2171 1647; x_wconf 91' lang='lat' dir='ltr'><strong>si</strong></span> <span class='ocrx_word' id='word_1_222' title='bbox 2203 1607 2433 1648; x_wconf 82' lang='lat' dir='ltr'><strong>discindere</strong></span> 
     </span>
     <span class='ocr_line' id='line_1_22' title="bbox 179 1664 1987 1720; baseline 0 -16"><span class='ocrx_word' id='word_1_223' title='bbox 179 1664 296 1720; x_wconf 87' lang='lat' dir='ltr'><strong>velis,</strong></span> <span class='ocrx_word' id='word_1_224' title='bbox 327 1665 435 1720; x_wconf 75' lang='lat' dir='ltr'><strong>vide,</strong></span> <span class='ocrx_word' id='word_1_225' title='bbox 469 1671 516 1705; x_wconf 93' lang='lat' dir='ltr'><strong>ut</strong></span> <span class='ocrx_word' id='word_1_226' title='bbox 544 1666 698 1705; x_wconf 84' lang='lat' dir='ltr'><strong>factum</strong></span> <span class='ocrx_word' id='word_1_227' title='bbox 729 1664 927 1704; x_wconf 82' lang='lat' dir='ltr'><strong>adversus</strong></span> <span class='ocrx_word' id='word_1_228' title='bbox 958 1669 1116 1704; x_wconf 72' lang='lat' dir='ltr'><strong>veteres</strong></span> <span class='ocrx_word' id='word_1_229' title='bbox 1147 1669 1187 1703; x_wconf 88' lang='lat' dir='ltr'><strong>et</strong></span> <span class='ocrx_word' id='word_1_230' title='bbox 1219 1676 1348 1703; x_wconf 76' lang='lat' dir='ltr'><strong>novos</strong></span> <span class='ocrx_word' id='word_1_231' title='bbox 1379 1666 1558 1704; x_wconf 82' lang='lat' dir='ltr'><strong>artifices</strong></span> <span class='ocrx_word' id='word_1_232' title='bbox 1590 1665 1808 1704; x_wconf 77' lang='lat' dir='ltr'><strong>defendere</strong></span> <span class='ocrx_word' id='word_1_233' title='bbox 1838 1666 1987 1716; x_wconf 89' lang='lat' dir='ltr'><strong>possis.</strong></span> 
     </span>
    </p>

    <p class='ocr_par' dir='ltr' id='par_1_4' title="bbox 180 1738 2442 2448">
     <span class='ocr_line' id='line_1_23' title="bbox 327 1738 2437 1803; baseline 0 -15"><span class='ocrx_word' id='word_1_234' title='bbox 327 1739 670 1803; x_wconf 90' lang='lat' dir='ltr'><strong>Keplerus:</strong></span> <span class='ocrx_word' id='word_1_235' title='bbox 726 1738 831 1787; x_wconf 90' lang='lat' dir='ltr'><strong>Nec</strong></span> <span class='ocrx_word' id='word_1_236' title='bbox 870 1738 988 1786; x_wconf 89' lang='lat' dir='ltr'><strong>illud</strong></span> <span class='ocrx_word' id='word_1_237' title='bbox 1030 1740 1154 1787; x_wconf 91' lang='lat' dir='ltr'><strong>tanti</strong></span> <span class='ocrx_word' id='word_1_238' title='bbox 1194 1745 1289 1801; x_wconf 89' lang='lat' dir='ltr'><strong>est,</strong></span> <span class='ocrx_word' id='word_1_239' title='bbox 1345 1746 1400 1787; x_wconf 90' lang='lat' dir='ltr'><strong>ut</strong></span> <span class='ocrx_word' id='word_1_240' title='bbox 1450 1744 1704 1801; x_wconf 85' lang='lat' dir='ltr'><strong>tantopere</strong></span> <span class='ocrx_word' id='word_1_241' title='bbox 1744 1738 1939 1802; x_wconf 87' lang='lat' dir='ltr'><strong>doleas,</strong></span> <span class='ocrx_word' id='word_1_242' title='bbox 1991 1738 2122 1802; x_wconf 91' lang='lat' dir='ltr'><strong>quod</strong></span> <span class='ocrx_word' id='word_1_243' title='bbox 2174 1739 2437 1803; x_wconf 82' lang='lat' dir='ltr'><strong>obliquitas</strong></span> 
     </span>
     <span class='ocr_line' id='line_1_24' title="bbox 180 1811 2437 1891; baseline -0.001 -29"><span class='ocrx_word' id='word_1_244' title='bbox 180 1813 434 1891; x_wconf 80' lang='lat' dir='ltr'><strong>eclipticae</strong></span> <span class='ocrx_word' id='word_1_245' title='bbox 472 1812 635 1876; x_wconf 89' lang='lat' dir='ltr'><strong>prodit</strong></span> <span class='ocrx_word' id='word_1_246' title='bbox 672 1827 759 1876; x_wconf 86' lang='lat' dir='ltr'><strong>per</strong></span> <span class='ocrx_word' id='word_1_247' title='bbox 797 1825 956 1860; x_wconf 88' lang='lat' dir='ltr'><strong>meam</strong></span> <span class='ocrx_word' id='word_1_248' title='bbox 994 1811 1267 1875; x_wconf 85' lang='lat' dir='ltr'><strong>parallaxin</strong></span> <span class='ocrx_word' id='word_1_249' title='bbox 1311 1814 1359 1860; x_wconf 87' lang='lat'><strong>1‘</strong></span> <span class='ocrx_word' id='word_1_250' title='bbox 1395 1813 1563 1872; x_wconf 90' lang='lat' dir='ltr'><strong>minor,</strong></span> <span class='ocrx_word' id='word_1_251' title='bbox 1606 1811 1737 1874; x_wconf 88' lang='lat' dir='ltr'><strong>quod</strong></span> <span class='ocrx_word' id='word_1_252' title='bbox 1775 1813 2020 1875; x_wconf 82' lang='lat' dir='ltr'><strong>professus</strong></span> <span class='ocrx_word' id='word_1_253' title='bbox 2055 1812 2156 1875; x_wconf 88' lang='lat' dir='ltr'><strong>jam</strong></span> <span class='ocrx_word' id='word_1_254' title='bbox 2184 1828 2289 1862; x_wconf 86' lang='lat' dir='ltr'><strong>sum</strong></span> <span class='ocrx_word' id='word_1_255' title='bbox 2319 1813 2437 1877; x_wconf 79' lang='lat' dir='ltr'><strong>Epi-</strong></span> 
     </span>
     <span class='ocr_line' id='line_1_25' title="bbox 180 1882 2435 1963; baseline 0 -28"><span class='ocrx_word' id='word_1_256' title='bbox 180 1883 335 1935; x_wconf 83' lang='lat' dir='ltr'><strong>tomes</strong></span> <span class='ocrx_word' id='word_1_257' title='bbox 390 1885 513 1935; x_wconf 90' lang='lat' dir='ltr'><strong>libro</strong></span> <span class='ocrx_word' id='word_1_258' title='bbox 553 1886 618 1936; x_wconf 91' lang='lat' dir='ltr'><strong>Il.</strong></span> <span class='ocrx_word' id='word_1_259' title='bbox 673 1885 750 1933; x_wconf 88' lang='lat' dir='ltr'><strong>vel</strong></span> <span class='ocrx_word' id='word_1_260' title='bbox 789 1885 893 1945; x_wconf 90' lang='lat' dir='ltr'><strong>III,</strong></span> <span class='ocrx_word' id='word_1_261' title='bbox 946 1886 1031 1933; x_wconf 89' lang='lat' dir='ltr'><strong>ubi</strong></span> <span class='ocrx_word' id='word_1_262' title='bbox 1079 1886 1150 1933; x_wconf 91' lang='lat' dir='ltr'><strong>sic</strong></span> <span class='ocrx_word' id='word_1_263' title='bbox 1199 1886 1396 1948; x_wconf 86' lang='lat' dir='ltr'><strong>scripsi:</strong></span> <span class='ocrx_word' id='word_1_264' title='bbox 1456 1887 1702 1963; x_wconf 87' lang='lat' dir='ltr'><strong>„itemque</strong></span> <span class='ocrx_word' id='word_1_265' title='bbox 1750 1885 1848 1933; x_wconf 89' lang='lat' dir='ltr'><strong>alio</strong></span> <span class='ocrx_word' id='word_1_266' title='bbox 1900 1885 2047 1934; x_wconf 90' lang='lat' dir='ltr'><strong>modo</strong></span> <span class='ocrx_word' id='word_1_267' title='bbox 2089 1882 2183 1935; x_wconf 81' lang='lat'><strong>23⁰</strong></span> <span class='ocrx_word' id='word_1_268' title='bbox 2220 1882 2435 1955; x_wconf 72' lang='lat' dir='ltr'><strong>30¹s2‘“.</strong></span> 
     </span>
     <span class='ocr_line' id='line_1_26' title="bbox 182 1954 2439 2025; baseline 0.001 -18"><span class='ocrx_word' id='word_1_269' title='bbox 182 1960 246 2007; x_wconf 91' lang='lat' dir='ltr'><strong>Et</strong></span> <span class='ocrx_word' id='word_1_270' title='bbox 286 1962 507 2022; x_wconf 84' lang='lat' dir='ltr'><strong>sequitur</strong></span> <span class='ocrx_word' id='word_1_271' title='bbox 545 1974 678 2020; x_wconf 89' lang='lat' dir='ltr'><strong>sane,</strong></span> <span class='ocrx_word' id='word_1_272' title='bbox 717 1959 1000 2007; x_wconf 89' lang='lat' dir='ltr'><strong>latitudines</strong></span> <span class='ocrx_word' id='word_1_273' title='bbox 1039 1958 1242 2006; x_wconf 88' lang='lat' dir='ltr'><strong>fixarum</strong></span> <span class='ocrx_word' id='word_1_274' title='bbox 1282 1960 1330 2006; x_wconf 88' lang='lat' dir='ltr'><strong>in</strong></span> <span class='ocrx_word' id='word_1_275' title='bbox 1358 1954 1451 2024; x_wconf 60' lang='grc' dir='ltr'><strong>ὓ,</strong></span> <span class='ocrx_word' id='word_1_276' title='bbox 1495 1959 1554 2025; x_wconf 59' lang='grc' dir='ltr'><strong><em>ἦ</em></strong></span> <span class='ocrx_word' id='word_1_277' title='bbox 1603 1957 1698 2006; x_wconf 89' lang='lat' dir='ltr'><strong>uno</strong></span> <span class='ocrx_word' id='word_1_278' title='bbox 1726 1960 1872 2006; x_wconf 91' lang='lat' dir='ltr'><strong>etiam</strong></span> <span class='ocrx_word' id='word_1_279' title='bbox 1904 1959 2133 2022; x_wconf 88' lang='lat' dir='ltr'><strong>scrupulo</strong></span> <span class='ocrx_word' id='word_1_280' title='bbox 2161 1960 2439 2009; x_wconf 82' lang='lat' dir='ltr'><strong>variandae.</strong></span> 
     </span>
     <span class='ocr_line' id='line_1_27' title="bbox 181 2030 2440 2100; baseline -0 -19"><span class='ocrx_word' id='word_1_281' title='bbox 181 2033 250 2081; x_wconf 88' lang='lat' dir='ltr'><strong>At</strong></span> <span class='ocrx_word' id='word_1_282' title='bbox 303 2032 421 2095; x_wconf 90' lang='lat' dir='ltr'><strong>quid</strong></span> <span class='ocrx_word' id='word_1_283' title='bbox 462 2033 608 2081; x_wconf 81' lang='lat' dir='ltr'><strong>h&#39;oc‘?</strong></span> <span class='ocrx_word' id='word_1_284' title='bbox 681 2032 854 2080; x_wconf 91' lang='lat' dir='ltr'><strong>Nonne</strong></span> <span class='ocrx_word' id='word_1_285' title='bbox 897 2033 1025 2082; x_wconf 85' lang='lat' dir='ltr'><strong>Astr</strong></span> <span class='ocrx_word' id='word_1_286' title='bbox 1065 2031 1256 2080; x_wconf 85' lang='lat' dir='ltr'><strong>Danica</strong></span> <span class='ocrx_word' id='word_1_287' title='bbox 1307 2031 1532 2080; x_wconf 89' lang='lat' dir='ltr'><strong>omnibus</strong></span> <span class='ocrx_word' id='word_1_288' title='bbox 1581 2031 1782 2079; x_wconf 86' lang='lat' dir='ltr'><strong>fixarum</strong></span> <span class='ocrx_word' id='word_1_289' title='bbox 1829 2030 2212 2100; x_wconf 87' lang='lat' dir='ltr'><strong>longitudinibus</strong></span> <span class='ocrx_word' id='word_1_290' title='bbox 2268 2033 2440 2081; x_wconf 85' lang='lat' dir='ltr'><strong>adimit</strong></span> 
     </span>
     <span class='ocr_line' id='line_1_28' title="bbox 182 2103 2442 2168; baseline -0 -12"><span class='ocrx_word' id='word_1_291' title='bbox 182 2106 334 2156; x_wconf 86' lang='lat' dir='ltr'><strong>etiam</strong></span> <span class='ocrx_word' id='word_1_292' title='bbox 377 2106 468 2155; x_wconf 64' lang='lat'><strong>11⁶?</strong></span> <span class='ocrx_word' id='word_1_293' title='bbox 543 2106 619 2154; x_wconf 90' lang='lat' dir='ltr'><strong>De</strong></span> <span class='ocrx_word' id='word_1_294' title='bbox 659 2106 1029 2154; x_wconf 86' lang='lat' dir='ltr'><strong>ascensionibus</strong></span> <span class='ocrx_word' id='word_1_295' title='bbox 1069 2118 1184 2153; x_wconf 88' lang='lat' dir='ltr'><strong>vero</strong></span> <span class='ocrx_word' id='word_1_296' title='bbox 1222 2106 1366 2153; x_wconf 88' lang='lat' dir='ltr'><strong>rectis</strong></span> <span class='ocrx_word' id='word_1_297' title='bbox 1402 2103 1604 2152; x_wconf 89' lang='lat' dir='ltr'><strong>ridicule</strong></span> <span class='ocrx_word' id='word_1_298' title='bbox 1636 2104 1846 2165; x_wconf 88' lang='lat' dir='ltr'><strong>laboras,</strong></span> <span class='ocrx_word' id='word_1_299' title='bbox 1886 2110 2055 2168; x_wconf 89' lang='lat' dir='ltr'><strong>utpote</strong></span> <span class='ocrx_word' id='word_1_300' title='bbox 2095 2119 2220 2168; x_wconf 89' lang='lat' dir='ltr'><strong>quae</strong></span> <span class='ocrx_word' id='word_1_301' title='bbox 2257 2107 2304 2153; x_wconf 91' lang='lat' dir='ltr'><strong>in</strong></span> <span class='ocrx_word' id='word_1_302' title='bbox 2346 2103 2442 2155; x_wconf 82' lang='lat'><strong>45⁰</strong></span> 
     </span>
     <span class='ocr_line' id='line_1_29' title="bbox 186 2177 2441 2242; baseline 0 -14"><span class='ocrx_word' id='word_1_303' title='bbox 186 2181 271 2228; x_wconf 85' lang='lat' dir='ltr'><strong>vix</strong></span> <span class='ocrx_word' id='word_1_304' title='bbox 319 2187 493 2242; x_wconf 90' lang='lat' dir='ltr'><strong>quarta</strong></span> <span class='ocrx_word' id='word_1_305' title='bbox 539 2185 676 2242; x_wconf 90' lang='lat' dir='ltr'><strong>parte</strong></span> <span class='ocrx_word' id='word_1_306' title='bbox 726 2179 899 2226; x_wconf 89' lang='lat' dir='ltr'><strong>minuti</strong></span> <span class='ocrx_word' id='word_1_307' title='bbox 937 2177 1057 2226; x_wconf 87' lang='lat' dir='ltr'><strong>fiunt</strong></span> <span class='ocrx_word' id='word_1_308' title='bbox 1107 2177 1346 2240; x_wconf 88' lang='lat' dir='ltr'><strong>majores,</strong></span> <span class='ocrx_word' id='word_1_309' title='bbox 1400 2183 1454 2225; x_wconf 90' lang='lat' dir='ltr'><strong>ut</strong></span> <span class='ocrx_word' id='word_1_310' title='bbox 1500 2177 1697 2240; x_wconf 81' lang='lat' dir='ltr'><strong>perinde</strong></span> <span class='ocrx_word' id='word_1_311' title='bbox 1736 2179 1820 2237; x_wconf 90' lang='lat' dir='ltr'><strong>sit,</strong></span> <span class='ocrx_word' id='word_1_312' title='bbox 1869 2178 1984 2234; x_wconf 58' lang='lat' dir='ltr'><strong>sive,</strong></span> <span class='ocrx_word' id='word_1_313' title='bbox 2024 2177 2294 2241; x_wconf 83' lang='lat' dir='ltr'><strong>relinquam</strong></span> <span class='ocrx_word' id='word_1_314' title='bbox 2348 2181 2441 2228; x_wconf 83' lang='lat' dir='ltr'><strong>ista</strong></span> 
     </span>
     <span class='ocr_line' id='line_1_30' title="bbox 187 2250 2441 2315; baseline 0 -15"><span class='ocrx_word' id='word_1_315' title='bbox 187 2254 379 2313; x_wconf 76' lang='lat' dir='ltr'><strong>omnia,</strong></span> <span class='ocrx_word' id='word_1_316' title='bbox 422 2258 475 2300; x_wconf 88' lang='lat' dir='ltr'><strong>ut</strong></span> <span class='ocrx_word' id='word_1_317' title='bbox 513 2258 624 2300; x_wconf 91' lang='lat' dir='ltr'><strong>sunt</strong></span> <span class='ocrx_word' id='word_1_318' title='bbox 663 2250 793 2315; x_wconf 88' lang='lat' dir='ltr'><strong>apud</strong></span> <span class='ocrx_word' id='word_1_319' title='bbox 832 2251 1140 2315; x_wconf 88' lang='lat' dir='ltr'><strong>Tychonem‚</strong></span> <span class='ocrx_word' id='word_1_320' title='bbox 1182 2253 1286 2300; x_wconf 86' lang='lat' dir='ltr'><strong>sive</strong></span> <span class='ocrx_word' id='word_1_321' title='bbox 1323 2252 1524 2299; x_wconf 89' lang='lat' dir='ltr'><strong>minimo</strong></span> <span class='ocrx_word' id='word_1_322' title='bbox 1562 2250 1730 2299; x_wconf 89' lang='lat' dir='ltr'><strong>labore</strong></span> <span class='ocrx_word' id='word_1_323' title='bbox 1769 2250 2027 2299; x_wconf 89' lang='lat' dir='ltr'><strong>emendata</strong></span> <span class='ocrx_word' id='word_1_324' title='bbox 2063 2266 2258 2314; x_wconf 85' lang='lat' dir='ltr'><strong>ponam.</strong></span> <span class='ocrx_word' id='word_1_325' title='bbox 2335 2252 2441 2301; x_wconf 91' lang='lat' dir='ltr'><strong>Illic</strong></span> 
     </span>
     <span class='ocr_line' id='line_1_31' title="bbox 185 2323 2442 2386; baseline 0 -12"><span class='ocrx_word' id='word_1_326' title='bbox 185 2327 438 2375; x_wconf 87' lang='lat' dir='ltr'><strong>sustinebo</strong></span> <span class='ocrx_word' id='word_1_327' title='bbox 493 2325 786 2374; x_wconf 88' lang='lat' dir='ltr'><strong>calumniam</strong></span> <span class='ocrx_word' id='word_1_328' title='bbox 838 2323 1174 2386; x_wconf 84' lang='lat' dir='ltr'><strong>indiligentiae</strong></span> <span class='ocrx_word' id='word_1_329' title='bbox 1226 2331 1274 2372; x_wconf 92' lang='lat' dir='ltr'><strong>et</strong></span> <span class='ocrx_word' id='word_1_330' title='bbox 1311 2323 1732 2385; x_wconf 87' lang='lat' dir='ltr'><strong>contradictionis,</strong></span> <span class='ocrx_word' id='word_1_331' title='bbox 1786 2323 1864 2373; x_wconf 90' lang='lat' dir='ltr'><strong>hic</strong></span> <span class='ocrx_word' id='word_1_332' title='bbox 1901 2326 2181 2373; x_wconf 84' lang='lat' dir='ltr'><strong>novationis</strong></span> <span class='ocrx_word' id='word_1_333' title='bbox 2232 2325 2309 2374; x_wconf 88' lang='lat' dir='ltr'><strong>vel</strong></span> <span class='ocrx_word' id='word_1_334' title='bbox 2350 2326 2442 2374; x_wconf 90' lang='lat' dir='ltr'><strong>ob-</strong></span> 
     </span>
     <span class='ocr_line' id='line_1_32' title="bbox 181 2400 495 2448; baseline -0.003 -2"><span class='ocrx_word' id='word_1_335' title='bbox 181 2400 495 2448; x_wconf 89' lang='lat' dir='ltr'><strong>trectationis.</strong></span> 
     </span>
    </p>
   </div>
   <div class='ocr_carea' id='block_1_4' title="bbox 183 2480 2441 2713">
    <p class='ocr_par' dir='ltr' id='par_1_5' title="bbox 183 2480 2441 2713">
     <span class='ocr_line' id='line_1_33' title="bbox 330 2480 2438 2536; baseline 0 -12"><span class='ocrx_word' id='word_1_336' title='bbox 330 2483 610 2534; x_wconf 88' lang='lat' dir='ltr'><strong>Criigerus:</strong></span> <span class='ocrx_word' id='word_1_337' title='bbox 658 2484 746 2533; x_wconf 86' lang='lat' dir='ltr'><strong>Ego</strong></span> <span class='ocrx_word' id='word_1_338' title='bbox 777 2484 828 2522; x_wconf 90' lang='lat' dir='ltr'><strong>ab</strong></span> <span class='ocrx_word' id='word_1_339' title='bbox 868 2483 1055 2522; x_wconf 85' lang='lat' dir='ltr'><strong>exilitate</strong></span> <span class='ocrx_word' id='word_1_340' title='bbox 1084 2480 1364 2534; x_wconf 83' lang='lat' dir='ltr'><strong>parallaxium</strong></span> <span class='ocrx_word' id='word_1_341' title='bbox 1396 2480 1651 2521; x_wconf 85' lang='lat' dir='ltr'><strong>Martialium</strong></span> <span class='ocrx_word' id='word_1_342' title='bbox 1684 2481 1942 2536; x_wconf 80' lang='lat' dir='ltr'><strong>colligerem,</strong></span> <span class='ocrx_word' id='word_1_343' title='bbox 1987 2485 2258 2523; x_wconf 87' lang='lat' dir='ltr'><strong>eccentricum</strong></span> <span class='ocrx_word' id='word_1_344' title='bbox 2290 2484 2438 2524; x_wconf 83' lang='lat' dir='ltr'><strong>Martis</strong></span> 
     </span>
     <span class='ocr_line' id='line_1_34' title="bbox 183 2540 2441 2595; baseline -0 -12"><span class='ocrx_word' id='word_1_345' title='bbox 183 2555 268 2584; x_wconf 90' lang='lat' dir='ltr'><strong>non</strong></span> <span class='ocrx_word' id='word_1_346' title='bbox 301 2555 436 2583; x_wconf 79' lang='lat' dir='ltr'><strong>secare</strong></span> <span class='ocrx_word' id='word_1_347' title='bbox 469 2544 742 2583; x_wconf 89' lang='lat' dir='ltr'><strong>eccentricum</strong></span> <span class='ocrx_word' id='word_1_348' title='bbox 773 2543 905 2595; x_wconf 84' lang='lat' dir='ltr'><strong>Solis,</strong></span> <span class='ocrx_word' id='word_1_349' title='bbox 951 2541 1023 2581; x_wconf 90' lang='lat' dir='ltr'><strong>sed</strong></span> <span class='ocrx_word' id='word_1_350' title='bbox 1066 2541 1187 2590; x_wconf 88' lang='lat' dir='ltr'><strong>longe</strong></span> <span class='ocrx_word' id='word_1_351' title='bbox 1231 2541 1482 2591; x_wconf 87' lang='lat' dir='ltr'><strong>superiorem</strong></span> <span class='ocrx_word' id='word_1_352' title='bbox 1515 2551 1617 2581; x_wconf 85' lang='lat' dir='ltr'><strong>esse.</strong></span> <span class='ocrx_word' id='word_1_353' title='bbox 1678 2540 1758 2580; x_wconf 89' lang='lat' dir='ltr'><strong>Sed</strong></span> <span class='ocrx_word' id='word_1_354' title='bbox 1790 2541 1891 2581; x_wconf 89' lang='lat' dir='ltr'><strong>haec</strong></span> <span class='ocrx_word' id='word_1_355' title='bbox 1932 2546 1971 2580; x_wconf 89' lang='lat' dir='ltr'><strong>te</strong></span> <span class='ocrx_word' id='word_1_356' title='bbox 2003 2542 2193 2592; x_wconf 81' lang='lat' dir='ltr'><strong>colligere</strong></span> <span class='ocrx_word' id='word_1_357' title='bbox 2225 2555 2305 2582; x_wconf 90' lang='lat' dir='ltr'><strong>non</strong></span> <span class='ocrx_word' id='word_1_358' title='bbox 2339 2545 2441 2583; x_wconf 81' lang='lat' dir='ltr'><strong>sinit</strong></span> 
     </span>
     <span class='ocr_line' id='line_1_35' title="bbox 186 2596 2439 2653; baseline 0 -12"><span class='ocrx_word' id='word_1_359' title='bbox 186 2606 530 2653; x_wconf 71' lang='lat' dir='ltr'><strong>praeconceptum</strong></span> <span class='ocrx_word' id='word_1_360' title='bbox 551 2600 821 2652; x_wconf 85' lang='lat' dir='ltr'><strong>Copernieaei</strong></span> <span class='ocrx_word' id='word_1_361' title='bbox 850 2601 995 2640; x_wconf 88' lang='lat' dir='ltr'><strong>mundi</strong></span> <span class='ocrx_word' id='word_1_362' title='bbox 1027 2605 1221 2649; x_wconf 83' lang='lat' dir='ltr'><strong>systema.</strong></span> <span class='ocrx_word' id='word_1_363' title='bbox 1282 2596 1374 2653; x_wconf 54' lang='lat' dir='ltr'><strong>abab</strong></span> <span class='ocrx_word' id='word_1_364' title='bbox 1404 2596 1483 2652; x_wconf 65' lang='grc' dir='ltr'><strong>ίῷἔὸ</strong></span> <span class='ocrx_word' id='word_1_365' title='bbox 1515 2596 1728 2648; x_wconf 74' lang='lat' dir='ltr'><strong>etrntbeu?</strong></span> <span class='ocrx_word' id='word_1_366' title='bbox 1763 2598 1841 2642; x_wconf 59' lang='grc' dir='ltr'><strong>ἳῖι)</strong></span> <span class='ocrx_word' id='word_1_367' title='bbox 1873 2597 1986 2651; x_wconf 64' lang='lat' dir='ltr'><strong>nicht,</strong></span> <span class='ocrx_word' id='word_1_368' title='bbox 2021 2601 2075 2639; x_wconf 83' lang='lat' dir='ltr'><strong>da</strong></span> <span class='ocrx_word' id='word_1_369' title='bbox 2105 2613 2268 2641; x_wconf 85' lang='lat' dir='ltr'><strong>causam</strong></span> <span class='ocrx_word' id='word_1_370' title='bbox 2300 2602 2439 2643; x_wconf 75' lang='lat' dir='ltr'><strong>aliam.</strong></span> 
     </span>
     <span class='ocr_line' id='line_1_36' title="bbox 186 2658 2437 2713; baseline -0 -13"><span class='ocrx_word' id='word_1_371' title='bbox 186 2661 332 2700; x_wconf 88' lang='lat' dir='ltr'><strong>Viden&#39;</strong></span> <span class='ocrx_word' id='word_1_372' title='bbox 364 2661 461 2700; x_wconf 89' lang='lat' dir='ltr'><strong>hinc</strong></span> <span class='ocrx_word' id='word_1_373' title='bbox 487 2663 642 2709; x_wconf 86' lang='lat' dir='ltr'><strong>justam</strong></span> <span class='ocrx_word' id='word_1_374' title='bbox 671 2671 806 2699; x_wconf 87' lang='lat' dir='ltr'><strong>meam</strong></span> <span class='ocrx_word' id='word_1_375' title='bbox 831 2660 1083 2710; x_wconf 85' lang='lat' dir='ltr'><strong>superiorem</strong></span> <span class='ocrx_word' id='word_1_376' title='bbox 1115 2658 1165 2696; x_wconf 90' lang='lat' dir='ltr'><strong>de</strong></span> <span class='ocrx_word' id='word_1_377' title='bbox 1196 2658 1448 2697; x_wconf 86' lang='lat' dir='ltr'><strong>astronomia</strong></span> <span class='ocrx_word' id='word_1_378' title='bbox 1478 2658 1809 2710; x_wconf 87' lang='lat' dir='ltr'><strong>quaerimoniam</strong></span> <span class='ocrx_word' id='word_1_379' title='bbox 1830 2662 1872 2697; x_wconf 87' lang='lat' dir='ltr'><strong>et</strong></span> <span class='ocrx_word' id='word_1_380' title='bbox 1891 2660 2022 2698; x_wconf 87' lang='lat' dir='ltr'><strong>animi</strong></span> <span class='ocrx_word' id='word_1_381' title='bbox 2054 2659 2263 2713; x_wconf 85' lang='lat' dir='ltr'><strong>dolorem,</strong></span> <span class='ocrx_word' id='word_1_382' title='bbox 2295 2672 2378 2713; x_wconf 87' lang='lat' dir='ltr'><strong>quo</strong></span> <span class='ocrx_word' id='word_1_383' title='bbox 2402 2662 2437 2699; x_wconf 90' lang='lat' dir='ltr'><strong>si</strong></span> 
     </span>
    </p>
   </div>
   <div class='ocr_carea' id='block_1_5' title="bbox 184 2716 2439 2829">
    <p class='ocr_par' dir='ltr' id='par_1_6' title="bbox 184 2716 2439 2829">
     <span class='ocr_line' id='line_1_37' title="bbox 184 2716 2439 2794; baseline 0 -36"><span class='ocrx_word' id='word_1_384' title='bbox 184 2732 247 2758; x_wconf 91' lang='lat' dir='ltr'><strong>me</strong></span> <span class='ocrx_word' id='word_1_385' title='bbox 277 2718 455 2758; x_wconf 84' lang='lat' dir='ltr'><strong>liberare</strong></span> <span class='ocrx_word' id='word_1_386' title='bbox 486 2718 690 2772; x_wconf 83' lang='lat' dir='ltr'><strong>dignaris,</strong></span> <span class='ocrx_word' id='word_1_387' title='bbox 734 2718 905 2757; x_wconf 87' lang='lat' dir='ltr'><strong>ostende</strong></span> <span class='ocrx_word' id='word_1_388' title='bbox 943 2717 1133 2794; x_wconf 88' lang='lat' dir='ltr'><strong>modum,</strong></span> <span class='ocrx_word' id='word_1_389' title='bbox 1173 2729 1256 2770; x_wconf 91' lang='lat' dir='ltr'><strong>quo</strong></span> <span class='ocrx_word' id='word_1_390' title='bbox 1300 2716 1438 2756; x_wconf 88' lang='lat' dir='ltr'><strong>omnia</strong></span> <span class='ocrx_word' id='word_1_391' title='bbox 1481 2716 1704 2755; x_wconf 88' lang='lat' dir='ltr'><strong>subsistere</strong></span> <span class='ocrx_word' id='word_1_392' title='bbox 1736 2721 1776 2755; x_wconf 84' lang='lat' dir='ltr'><strong>et-</strong></span> <span class='ocrx_word' id='word_1_393' title='bbox 1806 2717 2163 2757; x_wconf 89' lang='lat' dir='ltr'><strong>observationibus</strong></span> <span class='ocrx_word' id='word_1_394' title='bbox 2194 2719 2439 2770; x_wconf 86' lang='lat' dir='ltr'><strong>respondere</strong></span> 
     </span>
     <span class='ocr_line' id='line_1_38' title="bbox 184 2779 357 2829; baseline -0.006 -13"><span class='ocrx_word' id='word_1_395' title='bbox 184 2779 357 2829; x_wconf 86' lang='lat' dir='ltr'><strong>possint.</strong></span> 
     </span>
    </p>
   </div>
   <div class='ocr_carea' id='block_1_6' title="bbox 185 2847 2440 3064">
    <p class='ocr_par' dir='ltr' id='par_1_7' title="bbox 185 2847 2440 3064">
     <span class='ocr_line' id='line_1_39' title="bbox 330 2847 2439 2914; baseline -0.001 -15"><span class='ocrx_word' id='word_1_396' title='bbox 330 2851 662 2914; x_wconf 86' lang='lat' dir='ltr'><strong>Keplerus:</strong></span> <span class='ocrx_word' id='word_1_397' title='bbox 714 2850 766 2900; x_wconf 89' lang='lat' dir='ltr'><strong>Si</strong></span> <span class='ocrx_word' id='word_1_398' title='bbox 804 2849 1012 2899; x_wconf 87' lang='lat' dir='ltr'><strong>Martem</strong></span> <span class='ocrx_word' id='word_1_399' title='bbox 1050 2864 1198 2913; x_wconf 87' lang='lat' dir='ltr'><strong>supra</strong></span> <span class='ocrx_word' id='word_1_400' title='bbox 1237 2849 1443 2898; x_wconf 89' lang='lat' dir='ltr'><strong>orbitam</strong></span> <span class='ocrx_word' id='word_1_401' title='bbox 1466 2847 1595 2897; x_wconf 89' lang='lat' dir='ltr'><strong>Solis</strong></span> <span class='ocrx_word' id='word_1_402' title='bbox 1623 2847 1954 2907; x_wconf 77' lang='lat' dir='ltr'><strong>circumducis,</strong></span> <span class='ocrx_word' id='word_1_403' title='bbox 1994 2862 2091 2897; x_wconf 91' lang='lat' dir='ltr'><strong>non</strong></span> <span class='ocrx_word' id='word_1_404' title='bbox 2130 2864 2285 2899; x_wconf 89' lang='lat' dir='ltr'><strong>meam</strong></span> <span class='ocrx_word' id='word_1_405' title='bbox 2328 2856 2439 2898; x_wconf 90' lang='lat' dir='ltr'><strong>tan-</strong></span> 
     </span>
     <span class='ocr_line' id='line_1_40' title="bbox 185 2921 2440 2987; baseline 0 -15"><span class='ocrx_word' id='word_1_406' title='bbox 185 2931 288 2972; x_wconf 89' lang='lat' dir='ltr'><strong>tum</strong></span> <span class='ocrx_word' id='word_1_407' title='bbox 328 2926 604 2987; x_wconf 91' lang='lat' dir='ltr'><strong>opinionem</strong></span> <span class='ocrx_word' id='word_1_408' title='bbox 645 2923 906 2984; x_wconf 88' lang='lat' dir='ltr'><strong>convellis,</strong></span> <span class='ocrx_word' id='word_1_409' title='bbox 956 2925 1041 2986; x_wconf 90' lang='lat' dir='ltr'><strong>qui</strong></span> <span class='ocrx_word' id='word_1_410' title='bbox 1081 2923 1348 2986; x_wconf 90' lang='lat' dir='ltr'><strong>Copernico</strong></span> <span class='ocrx_word' id='word_1_411' title='bbox 1390 2921 1565 2982; x_wconf 81' lang='lat' dir='ltr'><strong>defer0,</strong></span> <span class='ocrx_word' id='word_1_412' title='bbox 1607 2921 1692 2970; x_wconf 86' lang='lat' dir='ltr'><strong>sed</strong></span> <span class='ocrx_word' id='word_1_413' title='bbox 1733 2924 1877 2970; x_wconf 90' lang='lat' dir='ltr'><strong>etiam</strong></span> <span class='ocrx_word' id='word_1_414' title='bbox 1911 2921 2175 2986; x_wconf 83' lang='lat' dir='ltr'><strong>Tychonis,</strong></span> <span class='ocrx_word' id='word_1_415' title='bbox 2215 2922 2440 2987; x_wconf 90' lang='lat' dir='ltr'><strong>redisque</strong></span> 
     </span>
     <span class='ocr_line' id='line_1_41' title="bbox 187 2992 1940 3064; baseline -0.002 -18"><span class='ocrx_word' id='word_1_416' title='bbox 187 2997 250 3046; x_wconf 91' lang='lat' dir='ltr'><strong>ad</strong></span> <span class='ocrx_word' id='word_1_417' title='bbox 286 2997 635 3058; x_wconf 87' lang='lat' dir='ltr'><strong>Ptolemaeum,</strong></span> <span class='ocrx_word' id='word_1_418' title='bbox 663 2997 797 3046; x_wconf 88' lang='lat' dir='ltr'><strong>dans</strong></span> <span class='ocrx_word' id='word_1_419' title='bbox 835 2996 983 3046; x_wconf 89' lang='lat' dir='ltr'><strong>Marti</strong></span> <span class='ocrx_word' id='word_1_420' title='bbox 1021 2995 1293 3060; x_wconf 86' lang='lat' dir='ltr'><strong>epicyclum</strong></span> <span class='ocrx_word' id='word_1_421' title='bbox 1331 2995 1564 3057; x_wconf 90' lang='lat' dir='ltr'><strong>majorem</strong></span> <span class='ocrx_word' id='word_1_422' title='bbox 1604 2992 1760 3064; x_wconf 81' lang='lat' dir='ltr'><strong>orbita</strong></span> <span class='ocrx_word' id='word_1_423' title='bbox 1796 2994 1940 3044; x_wconf 87' lang='lat' dir='ltr'><strong>Solis.</strong></span> 
     </span>
    </p>
   </div>
   <div class='ocr_carea' id='block_1_7' title="bbox 187 3069 2441 3370">
    <p class='ocr_par' dir='ltr' id='par_1_8' title="bbox 187 3069 2441 3370">
     <span class='ocr_line' id='line_1_42' title="bbox 331 3069 2438 3137; baseline 0 -15"><span class='ocrx_word' id='word_1_424' title='bbox 331 3082 432 3136; x_wconf 63' lang='grc' dir='ltr'><strong>Οιχίἰ</strong></span> <span class='ocrx_word' id='word_1_425' title='bbox 446 3096 622 3133; x_wconf 85' lang='lat' dir='ltr'><strong>gerus:</strong></span> <span class='ocrx_word' id='word_1_426' title='bbox 657 3083 927 3123; x_wconf 76' lang='lat' dir='ltr'><strong>communica</strong></span> <span class='ocrx_word' id='word_1_427' title='bbox 948 3084 1064 3137; x_wconf 89' lang='lat' dir='ltr'><strong>mihi,</strong></span> <span class='ocrx_word' id='word_1_428' title='bbox 1097 3083 1257 3136; x_wconf 83' lang='lat' dir='ltr'><strong>amabo,</strong></span> <span class='ocrx_word' id='word_1_429' title='bbox 1291 3082 1545 3130; x_wconf 84' lang='lat' dir='ltr'><strong>diagramma</strong></span> <span class='ocrx_word' id='word_1_430' title='bbox 1565 3082 1841 3131; x_wconf 82' lang='lat' dir='ltr'><strong>hypotheseos</strong></span> <span class='ocrx_word' id='word_1_431' title='bbox 1861 3069 1956 3120; x_wconf 79' lang='lat' dir='ltr'><strong>tu&#39;ao</strong></span> <span class='ocrx_word' id='word_1_432' title='bbox 1976 3081 2153 3121; x_wconf 89' lang='lat' dir='ltr'><strong>Lunaris</strong></span> <span class='ocrx_word' id='word_1_433' title='bbox 2185 3094 2350 3136; x_wconf 80' lang='lat' dir='ltr'><strong>unaque</strong></span> <span class='ocrx_word' id='word_1_434' title='bbox 2372 3096 2438 3123; x_wconf 88' lang='lat' dir='ltr'><strong>ra-</strong></span> 
     </span>
     <span class='ocr_line' id='line_1_43' title="bbox 188 3139 2439 3194; baseline 0 -13"><span class='ocrx_word' id='word_1_435' title='bbox 188 3143 298 3182; x_wconf 86' lang='lat' dir='ltr'><strong>dices</strong></span> <span class='ocrx_word' id='word_1_436' title='bbox 329 3143 568 3194; x_wconf 85' lang='lat' dir='ltr'><strong>aequalium</strong></span> <span class='ocrx_word' id='word_1_437' title='bbox 595 3146 785 3181; x_wconf 87' lang='lat' dir='ltr'><strong>motuum</strong></span> <span class='ocrx_word' id='word_1_438' title='bbox 815 3143 1030 3192; x_wconf 88' lang='lat' dir='ltr'><strong>utriusque</strong></span> <span class='ocrx_word' id='word_1_439' title='bbox 1073 3141 1305 3182; x_wconf 78' lang='lat' dir='ltr'><strong>luminaris,</strong></span> <span class='ocrx_word' id='word_1_440' title='bbox 1365 3139 1512 3189; x_wconf 79' lang='lat' dir='ltr'><strong>Magna</strong></span> <span class='ocrx_word' id='word_1_441' title='bbox 1556 3141 1662 3190; x_wconf 89' lang='lat' dir='ltr'><strong>petis</strong></span> <span class='ocrx_word' id='word_1_442' title='bbox 1691 3140 1897 3193; x_wconf 67' lang='lat' dir='ltr'><strong>Phaeton,</strong></span> <span class='ocrx_word' id='word_1_443' title='bbox 1942 3140 2133 3193; x_wconf 86' lang='lat' dir='ltr'><strong>inquies,</strong></span> <span class='ocrx_word' id='word_1_444' title='bbox 2176 3153 2251 3180; x_wconf 89' lang='lat' dir='ltr'><strong>nec</strong></span> <span class='ocrx_word' id='word_1_445' title='bbox 2280 3143 2439 3192; x_wconf 84' lang='lat' dir='ltr'><strong>ignoro,</strong></span> 
     </span>
     <span class='ocr_line' id='line_1_44' title="bbox 187 3199 2440 3253; baseline 0 -14"><span class='ocrx_word' id='word_1_446' title='bbox 187 3202 272 3240; x_wconf 87' lang='lat' dir='ltr'><strong>tale</strong></span> <span class='ocrx_word' id='word_1_447' title='bbox 303 3201 406 3253; x_wconf 89' lang='lat' dir='ltr'><strong>quid</strong></span> <span class='ocrx_word' id='word_1_448' title='bbox 431 3203 518 3250; x_wconf 78' lang='lat' dir='ltr'><strong>jam</strong></span> <span class='ocrx_word' id='word_1_449' title='bbox 549 3200 704 3239; x_wconf 88' lang='lat' dir='ltr'><strong>dudum</strong></span> <span class='ocrx_word' id='word_1_450' title='bbox 735 3202 807 3239; x_wconf 87' lang='lat' dir='ltr'><strong>abs</strong></span> <span class='ocrx_word' id='word_1_451' title='bbox 838 3201 1080 3250; x_wconf 86' lang='lat' dir='ltr'><strong>te-petiisse</strong></span> <span class='ocrx_word' id='word_1_452' title='bbox 1109 3199 1341 3249; x_wconf 86' lang='lat' dir='ltr'><strong>Maginnm,</strong></span> <span class='ocrx_word' id='word_1_453' title='bbox 1385 3210 1462 3238; x_wconf 87' lang='lat' dir='ltr'><strong>nec</strong></span> <span class='ocrx_word' id='word_1_454' title='bbox 1495 3201 1661 3251; x_wconf 82' lang='lat' dir='ltr'><strong>tamon,</strong></span> <span class='ocrx_word' id='word_1_455' title='bbox 1702 3202 1904 3251; x_wconf 86' lang='lat' dir='ltr'><strong>quantum</strong></span> <span class='ocrx_word' id='word_1_456' title='bbox 1934 3199 2137 3249; x_wconf 85' lang='lat' dir='ltr'><strong>conjicio,</strong></span> <span class='ocrx_word' id='word_1_457' title='bbox 2173 3200 2440 3250; x_wconf 71' lang='lat' dir='ltr'><strong>impetrasse,</strong></span> 
     </span>
     <span class='ocr_line' id='line_1_45' title="bbox 188 3254 2438 3312; baseline -0 -14"><span class='ocrx_word' id='word_1_458' title='bbox 188 3262 271 3312; x_wconf 87' lang='lat' dir='ltr'><strong>quo</strong></span> <span class='ocrx_word' id='word_1_459' title='bbox 310 3261 422 3312; x_wconf 84' lang='lat' dir='ltr'><strong>ipso,</strong></span> <span class='ocrx_word' id='word_1_460' title='bbox 466 3260 501 3298; x_wconf 92' lang='lat' dir='ltr'><strong>si</strong></span> <span class='ocrx_word' id='word_1_461' title='bbox 530 3259 637 3297; x_wconf 89' lang='lat' dir='ltr'><strong>nihil</strong></span> <span class='ocrx_word' id='word_1_462' title='bbox 666 3261 959 3310; x_wconf 85' lang='lat' dir='ltr'><strong>impetravero,</strong></span> <span class='ocrx_word' id='word_1_463' title='bbox 1003 3271 1068 3297; x_wconf 87' lang='lat' dir='ltr'><strong>me</strong></span> <span class='ocrx_word' id='word_1_464' title='bbox 1100 3257 1357 3306; x_wconf 87' lang='lat' dir='ltr'><strong>consolabor.</strong></span> <span class='ocrx_word' id='word_1_465' title='bbox 1419 3254 1748 3308; x_wconf 73' lang='lat' dir='ltr'><strong>(magi-ammata</strong></span> <span class='ocrx_word' id='word_1_466' title='bbox 1776 3256 1945 3308; x_wconf 88' lang='lat' dir='ltr'><strong>quidem</strong></span> <span class='ocrx_word' id='word_1_467' title='bbox 1984 3257 2114 3296; x_wconf 86' lang='lat' dir='ltr'><strong>habes</strong></span> <span class='ocrx_word' id='word_1_468' title='bbox 2158 3258 2201 3296; x_wconf 91' lang='lat' dir='ltr'><strong>in</strong></span> <span class='ocrx_word' id='word_1_469' title='bbox 2234 3259 2438 3312; x_wconf 84' lang='lat' dir='ltr'><strong>Epitome,</strong></span> 
     </span>
     <span class='ocr_line' id='line_1_46' title="bbox 189 3315 2441 3370; baseline -0 -13"><span class='ocrx_word' id='word_1_470' title='bbox 189 3318 262 3357; x_wconf 89' lang='lat' dir='ltr'><strong>sed</strong></span> <span class='ocrx_word' id='word_1_471' title='bbox 292 3319 395 3370; x_wconf 88' lang='lat' dir='ltr'><strong>quia</strong></span> <span class='ocrx_word' id='word_1_472' title='bbox 423 3316 592 3367; x_wconf 90' lang='lat' dir='ltr'><strong>ellipses</strong></span> <span class='ocrx_word' id='word_1_473' title='bbox 623 3317 839 3359; x_wconf 85' lang='lat' dir='ltr'><strong>abhorreo.</strong></span> <span class='ocrx_word' id='word_1_474' title='bbox 873 3318 1008 3355; x_wconf 89' lang='lat' dir='ltr'><strong>omnia</strong></span> <span class='ocrx_word' id='word_1_475' title='bbox 1040 3317 1143 3355; x_wconf 87' lang='lat' dir='ltr'><strong>mihi</strong></span> <span class='ocrx_word' id='word_1_476' title='bbox 1174 3321 1269 3355; x_wconf 91' lang='lat' dir='ltr'><strong>sunt</strong></span> <span class='ocrx_word' id='word_1_477' title='bbox 1300 3317 1490 3356; x_wconf 84' lang='lat' dir='ltr'><strong>obscura.</strong></span> <span class='ocrx_word' id='word_1_478' title='bbox 1551 3315 1640 3354; x_wconf 81' lang='lat' dir='ltr'><strong>Non</strong></span> <span class='ocrx_word' id='word_1_479' title='bbox 1672 3315 1861 3364; x_wconf 80' lang='lat' dir='ltr'><strong>intelligo</strong></span> <span class='ocrx_word' id='word_1_480' title='bbox 1893 3316 2019 3354; x_wconf 85' lang='lat' dir='ltr'><strong>etiam</strong></span> <span class='ocrx_word' id='word_1_481' title='bbox 2050 3315 2321 3368; x_wconf 82' lang='lat' dir='ltr'><strong>hypothesin,</strong></span> <span class='ocrx_word' id='word_1_482' title='bbox 2354 3329 2441 3369; x_wconf 85' lang='lat' dir='ltr'><strong>qna</strong></span> 
     </span>
    </p>
   </div>
   <div class='ocr_carea' id='block_1_8' title="bbox 112 3373 2438 3426">
    <p class='ocr_par' dir='ltr' id='par_1_9' title="bbox 112 3373 2438 3426">
     <span class='ocr_line' id='line_1_47' title="bbox 112 3373 2438 3426; baseline 0 -11"><span class='ocrx_word' id='word_1_483' title='bbox 112 3397 115 3402; x_wconf 65' lang='grc'><strong><em>«</em></strong></span> <span class='ocrx_word' id='word_1_484' title='bbox 189 3377 367 3425; x_wconf 85' lang='lat' dir='ltr'><strong>angulus</strong></span> <span class='ocrx_word' id='word_1_485' title='bbox 408 3377 451 3413; x_wconf 92' lang='lat' dir='ltr'><strong>in</strong></span> <span class='ocrx_word' id='word_1_486' title='bbox 491 3376 651 3425; x_wconf 89' lang='lat' dir='ltr'><strong>copulis</strong></span> <span class='ocrx_word' id='word_1_487' title='bbox 681 3374 732 3413; x_wconf 82' lang='lat'><strong>5⁰</strong></span> <span class='ocrx_word' id='word_1_488' title='bbox 765 3375 830 3415; x_wconf 84' lang='lat'><strong>18¹</strong></span> <span class='ocrx_word' id='word_1_489' title='bbox 863 3379 1022 3413; x_wconf 88' lang='lat' dir='ltr'><strong>constet</strong></span> <span class='ocrx_word' id='word_1_490' title='bbox 1061 3379 1148 3413; x_wconf 87' lang='lat' dir='ltr'><strong>toto</strong></span> <span class='ocrx_word' id='word_1_491' title='bbox 1191 3376 1275 3413; x_wconf 83' lang='lat' dir='ltr'><strong>fere</strong></span> <span class='ocrx_word' id='word_1_492' title='bbox 1305 3386 1445 3413; x_wconf 90' lang='lat' dir='ltr'><strong>mense</strong></span> <span class='ocrx_word' id='word_1_493' title='bbox 1479 3377 1578 3426; x_wconf 86' lang='lat' dir='ltr'><strong>etc.,</strong></span> <span class='ocrx_word' id='word_1_494' title='bbox 1620 3384 1728 3426; x_wconf 84' lang='lat' dir='ltr'><strong>quae</strong></span> <span class='ocrx_word' id='word_1_495' title='bbox 1766 3373 1895 3412; x_wconf 88' lang='lat' dir='ltr'><strong>habes</strong></span> <span class='ocrx_word' id='word_1_496' title='bbox 1932 3373 1975 3411; x_wconf 87' lang='lat' dir='ltr'><strong>in</strong></span> <span class='ocrx_word' id='word_1_497' title='bbox 2014 3374 2140 3423; x_wconf 84' lang='lat' dir='ltr'><strong>praef.</strong></span> <span class='ocrx_word' id='word_1_498' title='bbox 2171 3374 2276 3422; x_wconf 87' lang='lat' dir='ltr'><strong>Eph.</strong></span> <span class='ocrx_word' id='word_1_499' title='bbox 2313 3377 2438 3416; x_wconf 73' lang='lat'>1617.</span> 
     </span>
    </p>
   </div>
   <div class='ocr_carea' id='block_1_9' title="bbox 189 3429 2439 3544">
    <p class='ocr_par' dir='ltr' id='par_1_10' title="bbox 189 3429 2439 3544">
     <span class='ocr_line' id='line_1_48' title="bbox 189 3429 2439 3486; baseline -0.001 -12"><span class='ocrx_word' id='word_1_500' title='bbox 189 3435 287 3475; x_wconf 90' lang='lat' dir='ltr'><strong>Nro.</strong></span> <span class='ocrx_word' id='word_1_501' title='bbox 319 3432 407 3486; x_wconf 79' lang='lat'><strong>23).</strong></span> <span class='ocrx_word' id='word_1_502' title='bbox 471 3434 592 3473; x_wconf 88' lang='lat' dir='ltr'><strong>Forte</strong></span> <span class='ocrx_word' id='word_1_503' title='bbox 623 3435 750 3472; x_wconf 86' lang='lat' dir='ltr'><strong>etiam</strong></span> <span class='ocrx_word' id='word_1_504' title='bbox 780 3432 1064 3484; x_wconf 83' lang='lat' dir='ltr'><strong>respondebis,</strong></span> <span class='ocrx_word' id='word_1_505' title='bbox 1102 3433 1263 3472; x_wconf 87' lang='lat' dir='ltr'><strong>radices</strong></span> <span class='ocrx_word' id='word_1_506' title='bbox 1294 3430 1405 3473; x_wconf 92' lang='lat' dir='ltr'><strong>Solis</strong></span> <span class='ocrx_word' id='word_1_507' title='bbox 1435 3444 1500 3471; x_wconf 89' lang='lat' dir='ltr'><strong>me</strong></span> <span class='ocrx_word' id='word_1_508' title='bbox 1531 3432 1650 3472; x_wconf 79' lang='lat' dir='ltr'><strong>facile</strong></span> <span class='ocrx_word' id='word_1_509' title='bbox 1681 3429 1989 3480; x_wconf 82' lang='lat' dir='ltr'><strong>deprehendere</strong></span> <span class='ocrx_word' id='word_1_510' title='bbox 2012 3442 2131 3481; x_wconf 89' lang='lat' dir='ltr'><strong>posse</strong></span> <span class='ocrx_word' id='word_1_511' title='bbox 2161 3443 2182 3470; x_wconf 89' lang='lat' dir='ltr'><strong>e</strong></span> <span class='ocrx_word' id='word_1_512' title='bbox 2213 3429 2439 3472; x_wconf 82' lang='lat' dir='ltr'><strong>Comment.</strong></span> 
     </span>
     <span class='ocr_line' id='line_1_49' title="bbox 189 3488 2438 3544; baseline -0.002 -10"><span class='ocrx_word' id='word_1_513' title='bbox 189 3491 366 3534; x_wconf 82' lang='lat' dir='ltr'><strong>Martis:</strong></span> <span class='ocrx_word' id='word_1_514' title='bbox 415 3493 492 3531; x_wconf 90' lang='lat' dir='ltr'><strong>etsi</strong></span> <span class='ocrx_word' id='word_1_515' title='bbox 532 3491 704 3542; x_wconf 89' lang='lat' dir='ltr'><strong>vellem</strong></span> <span class='ocrx_word' id='word_1_516' title='bbox 745 3495 886 3529; x_wconf 87' lang='lat' dir='ltr'><strong>tamen</strong></span> <span class='ocrx_word' id='word_1_517' title='bbox 927 3491 1076 3529; x_wconf 85' lang='lat' dir='ltr'><strong>haereo</strong></span> <span class='ocrx_word' id='word_1_518' title='bbox 1117 3491 1230 3529; x_wconf 86' lang='lat' dir='ltr'><strong>velut</strong></span> <span class='ocrx_word' id='word_1_519' title='bbox 1266 3503 1358 3530; x_wconf 90' lang='lat' dir='ltr'><strong>mus</strong></span> <span class='ocrx_word' id='word_1_520' title='bbox 1388 3492 1433 3529; x_wconf 89' lang='lat' dir='ltr'><strong>in</strong></span> <span class='ocrx_word' id='word_1_521' title='bbox 1472 3491 1565 3540; x_wconf 85' lang='lat' dir='ltr'><strong>pice</strong></span> <span class='ocrx_word' id='word_1_522' title='bbox 1592 3491 1637 3529; x_wconf 91' lang='lat' dir='ltr'><strong>in</strong></span> <span class='ocrx_word' id='word_1_523' title='bbox 1669 3489 1805 3528; x_wconf 82' lang='lat' dir='ltr'><strong>verbis</strong></span> <span class='ocrx_word' id='word_1_524' title='bbox 1833 3489 1917 3528; x_wconf 90' lang='lat' dir='ltr'><strong>tuis</strong></span> <span class='ocrx_word' id='word_1_525' title='bbox 1947 3501 2041 3540; x_wconf 85' lang='lat' dir='ltr'><strong>pag.</strong></span> <span class='ocrx_word' id='word_1_526' title='bbox 2076 3490 2158 3527; x_wconf 80' lang='lat'><strong>263</strong></span> <span class='ocrx_word' id='word_1_527' title='bbox 2192 3488 2287 3541; x_wconf 89' lang='lat'>(111.</span> <span class='ocrx_word' id='word_1_528' title='bbox 2319 3488 2438 3544; x_wconf 82' lang='lat'><strong>382),</strong></span> 
     </span>
    </p>
   </div>
   <div class='ocr_carea' id='block_1_10' title="bbox 123 3546 2457 3650">
    <p class='ocr_par' dir='ltr' id='par_1_11' title="bbox 123 3546 2457 3650">
     <span class='ocr_line' id='line_1_50' title="bbox 123 3546 2439 3619; baseline -0.001 -29"><span class='ocrx_word' id='word_1_529' title='bbox 123 3560 132 3567; x_wconf 53' lang='lat'><em>⁵</em></span> <span class='ocrx_word' id='word_1_530' title='bbox 191 3553 345 3603; x_wconf 92' lang='lat' dir='ltr'><strong>quibus</strong></span> <span class='ocrx_word' id='word_1_531' title='bbox 377 3562 603 3601; x_wconf 83' lang='lat' dir='ltr'><strong>apogaeum</strong></span> <span class='ocrx_word' id='word_1_532' title='bbox 634 3549 745 3591; x_wconf 89' lang='lat' dir='ltr'><strong>Solis</strong></span> <span class='ocrx_word' id='word_1_533' title='bbox 772 3550 933 3597; x_wconf 84' lang='lat' dir='ltr'><strong>integro</strong></span> <span class='ocrx_word' id='word_1_534' title='bbox 964 3548 1096 3597; x_wconf 75' lang='lat' dir='ltr'><strong>gradu</strong></span> <span class='ocrx_word' id='word_1_535' title='bbox 1124 3550 1276 3587; x_wconf 87' lang='lat' dir='ltr'><strong>mutari</strong></span> <span class='ocrx_word' id='word_1_536' title='bbox 1307 3561 1380 3619; x_wconf 85' lang='lat' dir='ltr'><strong>per</strong></span> <span class='ocrx_word' id='word_1_537' title='bbox 1412 3550 1628 3588; x_wconf 86' lang='lat' dir='ltr'><strong>observata</strong></span> <span class='ocrx_word' id='word_1_538' title='bbox 1656 3547 1876 3586; x_wconf 85' lang='lat' dir='ltr'><strong>Braheana</strong></span> <span class='ocrx_word' id='word_1_539' title='bbox 1906 3548 2051 3597; x_wconf 86' lang='lat' dir='ltr'><strong>licere,</strong></span> <span class='ocrx_word' id='word_1_540' title='bbox 2093 3546 2198 3586; x_wconf 89' lang='lat' dir='ltr'><strong>nihil</strong></span> <span class='ocrx_word' id='word_1_541' title='bbox 2229 3552 2368 3588; x_wconf 77' lang='lat' dir='ltr'><strong>tamen</strong></span> <span class='ocrx_word' id='word_1_542' title='bbox 2397 3554 2439 3588; x_wconf 88' lang='lat' dir='ltr'><strong>te</strong></span> 
     </span>
     <span class='ocr_line' id='line_1_51' title="bbox 190 3609 2457 3650; baseline -0.007 -2"><span class='ocrx_word' id='word_1_543' title='bbox 190 3609 362 3650; x_wconf 79' lang='lat' dir='ltr'><strong>definire</strong></span> <span class='ocrx_word' id='word_1_544' title='bbox 391 3609 509 3649; x_wconf 86' lang='lat' dir='ltr'><strong>dicis.</strong></span> <span class='ocrx_word' id='word_1_545' title='bbox 2453 3613 2457 3618; x_wconf 92' lang='lat'>·</span> 
     </span>
    </p>
   </div>
   <div class='ocr_carea' id='block_1_11' title="bbox 193 3678 2442 3892">
    <p class='ocr_par' dir='ltr' id='par_1_12' title="bbox 193 3678 2442 3892">
     <span class='ocr_line' id='line_1_52' title="bbox 335 3678 2439 3751; baseline 0 -21"><span class='ocrx_word' id='word_1_546' title='bbox 335 3681 682 3744; x_wconf 83' lang='lat' dir='ltr'><strong>Keplerus:</strong></span> <span class='ocrx_word' id='word_1_547' title='bbox 741 3681 1064 3751; x_wconf 36' lang='lat' dir='ltr'><strong>Diagramma·</strong></span> <span class='ocrx_word' id='word_1_548' title='bbox 1093 3681 1423 3744; x_wconf 88' lang='lat' dir='ltr'><strong>hypotheseos</strong></span> <span class='ocrx_word' id='word_1_549' title='bbox 1461 3681 1666 3730; x_wconf 89' lang='lat' dir='ltr'><strong>Lunaris</strong></span> <span class='ocrx_word' id='word_1_550' title='bbox 1703 3681 1850 3728; x_wconf 91' lang='lat' dir='ltr'><strong>miror</strong></span> <span class='ocrx_word' id='word_1_551' title='bbox 1894 3685 1942 3728; x_wconf 89' lang='lat' dir='ltr'><strong>te</strong></span> <span class='ocrx_word' id='word_1_552' title='bbox 1983 3678 2280 3742; x_wconf 90' lang='lat' dir='ltr'><strong>desiderare,</strong></span> <span class='ocrx_word' id='word_1_553' title='bbox 2331 3696 2439 3730; x_wconf 92' lang='lat' dir='ltr'><strong>cum</strong></span> 
     </span>
     <span class='ocr_line' id='line_1_53' title="bbox 193 3753 2442 3819; baseline 0 -17"><span class='ocrx_word' id='word_1_554' title='bbox 193 3756 243 3803; x_wconf 92' lang='lat' dir='ltr'><strong>id</strong></span> <span class='ocrx_word' id='word_1_555' title='bbox 281 3755 463 3804; x_wconf 87' lang='lat' dir='ltr'><strong>habeas</strong></span> <span class='ocrx_word' id='word_1_556' title='bbox 501 3754 583 3802; x_wconf 87' lang='lat' dir='ltr'><strong>fol.</strong></span> <span class='ocrx_word' id='word_1_557' title='bbox 628 3755 758 3815; x_wconf 81' lang='lat'><strong>786,</strong></span> <span class='ocrx_word' id='word_1_558' title='bbox 805 3755 931 3814; x_wconf 77' lang='lat'><strong>792,</strong></span> <span class='ocrx_word' id='word_1_559' title='bbox 975 3755 1076 3802; x_wconf 91' lang='grc'><strong>801</strong></span> <span class='ocrx_word' id='word_1_560' title='bbox 1120 3761 1168 3802; x_wconf 90' lang='lat' dir='ltr'><strong>et</strong></span> <span class='ocrx_word' id='word_1_561' title='bbox 1206 3756 1403 3816; x_wconf 88' lang='lat' dir='ltr'><strong>passim.</strong></span> <span class='ocrx_word' id='word_1_562' title='bbox 1481 3753 1666 3819; x_wconf 83' lang='lat' dir='ltr'><strong>Quodsi</strong></span> <span class='ocrx_word' id='word_1_563' title='bbox 1702 3759 1750 3802; x_wconf 87' lang='lat' dir='ltr'><strong>te</strong></span> <span class='ocrx_word' id='word_1_564' title='bbox 1773 3759 1939 3804; x_wconf 87' lang='lat' dir='ltr'><strong>movet</strong></span> <span class='ocrx_word' id='word_1_565' title='bbox 1975 3754 2230 3815; x_wconf 87' lang='lat' dir='ltr'><strong>intricatio,</strong></span> <span class='ocrx_word' id='word_1_566' title='bbox 2268 3768 2442 3819; x_wconf 84' lang='lat' dir='ltr'><strong>separa</strong></span> 
     </span>
     <span class='ocr_line' id='line_1_54' title="bbox 194 3826 1356 3892; baseline -0.002 -14"><span class='ocrx_word' id='word_1_567' title='bbox 194 3842 308 3892; x_wconf 89' lang='lat' dir='ltr'><strong>ergo</strong></span> <span class='ocrx_word' id='word_1_568' title='bbox 349 3826 747 3890; x_wconf 89' lang='lat' dir='ltr'><strong>inaequalitatem</strong></span> <span class='ocrx_word' id='word_1_569' title='bbox 785 3829 990 3891; x_wconf 87' lang='lat' dir='ltr'><strong>primam</strong></span> <span class='ocrx_word' id='word_1_570' title='bbox 1029 3843 1059 3878; x_wconf 82' lang='lat' dir='ltr'><strong>a</strong></span> <span class='ocrx_word' id='word_1_571' title='bbox 1095 3833 1356 3879; x_wconf 83' lang='lat' dir='ltr'><strong>menstrua.</strong></span> 
     </span>
    </p>
   </div>
  </div>
 </body>
</html>
