2554 4140
167 174 178 182 ν
205 121 306 170 238
1029 114 1264 172 Epitomes
1291 113 1604 159 Astronomiae

204 264 450 311 subtracta
498 260 613 309 facit
648 263 978 312 ascensionem
1019 263 1292 326 obliquam,
1341 261 1511 311 eadem
1549 262 1716 311 addita
1758 263 1874 312 facit
1912 262 2275 312 descensionem
2314 262 2442 310 obli-

206 349 364 398 quam,
404 339 452 381 et
489 335 702 382 vicissim
735 350 866 398 quae
904 336 1118 398 additur.
1158 341 1212 383 ut
1247 335 1335 382 fiat
1368 337 1589 384 ascensio
1631 334 1853 414 obliqua,
1909 336 2127 385 subtrahi
2167 333 2333 396 debet,
2389 341 2443 383 ut

205 410 268 455 sit
305 406 552 454 descensio
592 407 806 470 obliqua.

355 478 496 541 Quae
546 479 663 527 hinc
710 483 875 529 oritur
928 481 1170 542 analoyia
1208 481 1341 526 inter
1377 481 1682 528 ascensiones
1731 487 1776 528 et
1812 480 2145 529 descensiones
2182 478 2444 541 obliquas?

211 554 252 600 1.
307 549 501 612 Quanta
538 560 611 600 est
648 557 867 602 ascensio
905 567 1045 602 arcus
1084 553 1146 600 ab
1186 552 1365 600 Arietis
1403 553 1637 614 principio
1678 554 1870 615 incepti,
1910 559 2047 601 tanta
2085 558 2159 600 est
2197 551 2444 600 descensio

207 638 347 672 arcus
386 623 604 685 aequalis
643 641 673 673 a
708 628 944 689 principio
983 625 1159 673 Librae
1205 624 1383 686 incepti
1423 631 1471 673 et
1509 626 1736 672 vicissim.
1810 625 1946 674 Idem
1984 639 2154 674 verum
2191 630 2264 672 est
2302 625 2448 672 etiam

208 697 266 744 de
307 695 522 745 discretis
561 695 768 747 arcubus
807 697 1094 761 aequalibus
1132 697 1383 759 oppositis.
1456 696 1632 745 Nullae
1669 699 1835 760 itaque
1861 698 1983 746 fiunt
2019 697 2218 746 tabulae
2245 696 2449 745 descen-

208 771 414 828 sionum,
454 768 698 818 sufficiunt
736 772 1090 820 ascensionum.
1168 772 1217 817 2.
1269 769 1438 818 Partes
1478 769 1675 819 eaedem
1714 770 2028 820 ascendentes
2078 775 2207 819 recte
2246 767 2449 818 descen-

211 841 331 890 dunt
370 840 571 904 oblique
607 850 655 891 et
692 845 921 892 vicissim.
1129 839 1140 852 Χ

357 913 490 977 Quot
525 922 645 963 sunt
678 931 884 978 ymera,
898 917 1206 977 positionum
1243 914 1488 976 sphaerae
1534 921 1758 977 respectu
1796 917 2085 978 aequatoris
2120 921 2167 963 et
2203 914 2453 976 eclipticae
2541 938 2545 944 ·

200 988 515 1048 junctorum,
549 1003 646 1049 per
683 1003 810 1050 quas
845 991 1121 1052 variantur
1158 989 1466 1035 ascensiones
1501 987 1766 1050 obliquae?
1822 987 1980 1037 Senae
2029 993 2140 1036 sunt
2178 990 2227 1034 in
2266 987 2450 1034 utrovis

210 1059 564 1122 hemisphaerio
602 1063 882 1123 positioneS,
923 1060 1099 1123 quibus
1138 1059 1326 1108 accedit
1362 1061 1569 1122 septima
1598 1060 1833 1123 sphaerae
1871 1067 2047 1111 rectae.
2122 1059 2249 1109 Nam
2286 1064 2453 1107 vertex

212 1132 307 1181 loci
358 1132 438 1182 vel
487 1133 578 1181 sub
627 1140 940 1196 aequatorem
987 1132 1138 1193 cadit,
1189 1131 1270 1181 vel·
1319 1133 1444 1181 inter
1493 1140 1807 1196 aequatorem
1847 1139 1894 1182 et
1930 1135 2195 1196 tropicum,
2243 1131 2325 1181 vel
2361 1131 2452 1179 sub
2531 1194 2536 1199 Ι

212 1207 371 1268 ipsum
411 1207 674 1268 tropicum,
727 1205 808 1254 vel
846 1207 970 1255 inter
1007 1207 1246 1268 tropicum
1285 1210 1333 1253 ct
1369 1204 1613 1268 polarem‚
1652 1206 1732 1254 vel
1771 1206 1861 1255 sub
1899 1208 2058 1270 ipsum
2095 1205 2337 1269 polarem‚
2375 1201 2454 1252 vel
2539 1245 2546 1250 .

215 1281 338 1326 inter
373 1278 589 1340 polarem
629 1285 676 1327 et
701 1279 884 1341 polum,
923 1278 1004 1328 vel
1043 1279 1134 1326 sub
1172 1279 1332 1341 ipsum
1358 1277 1539 1340 polum.
1614 1277 1671 1324 In
1708 1279 1864 1340 prima
1890 1279 2085 1343 quidem
2123 1279 2292 1327 harum
2318 1276 2455 1340 posi-

215 1353 400 1399 tionum
438 1353 745 1400 ascensiones
784 1357 896 1400 sunt
933 1357 1120 1399 tantum
1156 1356 1332 1410 rectae,
1373 1349 1432 1399 de
1470 1351 1645 1413 quibus
1680 1351 1782 1413 jam
1822 1358 1897 1400 est
1932 1358 2250 1411 transactum,
2292 1353 2340 1398 in
2377 1348 2458 1397 ul-

216 1425 334 1471 tima
372 1429 486 1471 sunt
523 1426 831 1474 ascensiones
867 1423 1013 1487 plane
1052 1423 1230 1472 nullae.
1307 1423 1577 1486 Supersunt
1613 1425 1761 1486 igitur
1797 1439 1883 1486 pro
1922 1425 2290 1475 ascensionibus
2329 1421 2458 1472 obli·
2531 1452 2554 1466 -,

215 1497 323 1559 quis
363 1498 538 1558 quinae
576 1498 627 1543 in
665 1503 871 1559 utroque
908 1497 1263 1559 hemisphaerio
1300 1497 1568 1558 positiones
1605 1497 1938 1547 intermediae.

364 1567 619 1630 Compara
657 1572 961 1618 ascensiones
1007 1575 1052 1618 et
1089 1570 1420 1618 descensiones
1466 1572 1732 1632 utriusque
1779 1570 2132 1634 hemisphaerii
2176 1572 2312 1618 inter
2345 1582 2455 1616 sese.

220 1643 263 1689 1.
322 1639 516 1703 Quanta
555 1648 629 1690 est
666 1643 715 1689 in
754 1641 920 1704 aliqua
959 1647 1090 1692 certa
1126 1641 1228 1706 poli
1267 1641 1655 1705 septentrionalis
1695 1642 1969 1697 elevatione
1996 1644 2138 1706 signi,
2176 1640 2355 1706 gradus
2379 1638 2461 1690 vel

213 1716 378 1778 puncti
403 1714 647 1777 cujusque
667 1714 919 1778 eclipticae
955 1717 1174 1764 ascensio
1213 1714 1427 1778 obliqua,
1468 1720 1604 1763 tanta
1626 1724 1700 1764 est
1738 1718 1783 1763 in
1824 1708 2019 1780 aequali
2046 1716 2321 1766 elevatione
2359 1712 2462 1776 poli

215 1787 443 1835 australis
482 1786 698 1850 ejusdem
736 1790 885 1850 signi,
935 1787 1114 1850 gradus
1151 1787 1232 1837 vel
1268 1789 1434 1850 puncti
1474 1787 1726 1837 descensio
1762 1788 1985 1852 obliqua,
2038 1795 2086 1838 et
2140 1794 2324 1851 quanta
2362 1785 2461 1836 illic
2523 1785 2539 1832 Τ

219 1858 484 1921 descensiO,
523 1866 660 1909 tanta
698 1860 778 1909 hic
816 1862 1054 1911 ascensio,
1132 1863 1182 1911 2.
1235 1859 1870 1924 Quicquid-demonstratur
1909 1862 1967 1911 de
2006 1863 2160 1925 signo,
2199 1859 2353 1924 gradu
2381 1858 2462 1909 vel
2524 1862 2536 1922 ᾗ

131 1970 134 1973 .
214 1938 393 1996 puncto
433 1938 562 1982 certo
602 1933 854 1997 eclipticae
893 1935 942 1981 in
980 1933 1339 1997 hemisphaerio
1378 1934 1762 1996 septentrionali,
1800 1949 1971 1984 verum
2007 1934 2057 1982 id
2097 1937 2185 1984 erit
2216 1935 2361 1983 etiam
2400 1931 2460 1981 de

215 2007 370 2069 signo,
410 2005 563 2068 gradu
603 2006 680 2055 vel
719 2013 899 2069 puncto
939 2009 1165 2071 opposito
1203 2007 1252 2054 in
1290 2006 1490 2055 australi
1529 2006 1883 2096 hemisphaerio
1920 2007 2196 2059 alterutrius
2219 2005 2321 2070 poli
2359 2005 2462 2055 ele·
2524 2014 2530 2025 ²

217 2081 412 2128 vatione
456 2079 680 2141 utrinque
718 2079 906 2130 eadem.

367 2165 628 2229 Quomodo
663 2180 712 2213 se
748 2165 894 2214 habet
940 2164 1224 2230 differentia
1262 2167 1615 2216 ascensionalis
1665 2167 1735 2215 ad
1778 2170 2110 2218 ascensionem
2149 2173 2336 2216 rectam
2369 2179 2464 2228 per

201 2241 387 2287 ‘varios
422 2239 665 2300 sphaerae
696 2238 930 2300 positas?
983 2238 1041 2285 In
1081 2237 1287 2302 sphaera
1325 2245 1457 2287 recta
1507 2241 1631 2288 sicut
1682 2243 1903 2290 ascensio
1952 2242 2151 2303 obliqua
2189 2239 2345 2300 nulla,
2394 2238 2463 2287 sic

222 2325 362 2360 arcus
401 2311 653 2374 eclipticae
691 2312 754 2360 ab
793 2311 1101 2374 aequinoctio
1138 2312 1353 2374 propiori
1391 2318 1517 2360 retro
1551 2312 1641 2378 ‚vel
1673 2327 1816 2375 porro
1855 2317 2041 2363 extensi
2078 2313 2345 2363 differentia
2381 2325 2464 2360 as-

221 2383 510 2433 censionalis
549 2387 870 2447 quantitatem
909 2385 1095 2432 obtinet
1131 2383 1328 2445 nullam,
1368 2386 1416 2432 in
1458 2384 1671 2448 obliquis
1707 2401 1818 2436 cum
1844 2386 2141 2451 digressione
2179 2386 2242 2435 ab
2280 2398 2465 2448 aequa·
2488 2375 2512 2424 -’

221 2463 322 2507 tore
361 2458 566 2520 acquirit
601 2457 816 2519 aliquam
854 2456 1214 2520 quantitatem,
1255 2462 1303 2506 et
1350 2458 1585 2520 quamdiu
1619 2458 1814 2521 quidem
1860 2466 1933 2509 est
1980 2461 2103 2510 inter
2153 2463 2466 2522 aequatorem
2544 2458 2546 2460 ’

226 2536 274 2579 et
309 2529 541 2593 polarem‚
579 2532 734 2578 minor
773 2535 846 2579 est
883 2531 1166 2579 ascensione
1203 2535 1356 2591 recta,
1409 2532 1498 2579 sub
1537 2531 1694 2594 polari
1730 2532 1950 2595 aequalis
1989 2535 2049 2595 ei,
2090 2535 2215 2581 intra
2251 2530 2467 2595 polarem

225 2603 382 2667 major
417 2603 504 2653 illa
539 2618 625 2667 per
664 2617 830 2652 omnes
867 2606 1201 2668 proportiones
1240 2606 1542 2666 successive,
1582 2619 1678 2667 quo
1716 2607 1917 2668 propius
1955 2607 2016 2656 ad
2055 2606 2219 2669 polum
2258 2606 2466 2654 venitur.

1260 2704 1378 2749 Nam
1410 2703 1493 2748 snb
1522 2703 1670 2760 polari
1693 2704 1948 2761 junguntur
1969 2703 2177 2760 ecliptica
2197 2706 2243 2747 et
2266 2701 2478 2758 horizon,
2541 2719 2544 2724 ·

1260 2771 1437 2828 quoties
1461 2770 1594 2828 polus
1612 2770 1846 2826 eclipticae
1861 2771 1907 2815 in
1922 2770 2138 2815 verticem
2152 2769 2296 2814 venit:
2330 2777 2482 2824 quars-

1260 2837 1567 2884 semicirculus
1614 2836 1789 2894 integer
1849 2837 2156 2882 ascensionem
2214 2834 2352 2880 habet
2399 2830 2472 2877 vel
2511 2858 2519 2867 ·

1259 2902 1447 2951 nullam,
1487 2902 1695 2948 absumta
1733 2903 1850 2946 enim
1891 2909 1962 2947 est
1996 2902 2043 2947 in
2073 2899 2370 2947 differentiam
2400 2910 2482 2944 aar

1261 2969 1565 3014 censionalem
1585 2968 1955 3024 ssubtractoriam,
1983 2968 2187 3024 reliquus
2215 2978 2320 3011 vero
2342 2962 2470 3010 semi-

1182 3047 1187 3051 ’
1261 3035 1458 3081 circulus
1504 3034 1741 3091 eclipticae
1784 3033 1940 3090 adjicit
1984 3032 2264 3079 semicirculo
2308 3042 2510 3086 aequa-1-

1261 3101 1373 3146 toris
1415 3099 1631 3145 coorienti
1670 3099 1716 3143 in
1754 3104 1879 3144 recta
1918 3099 2115 3155 sphaera
2144 3096 2484 3143 semicirculum.

1260 3167 1502 3222 reliquum.
1562 3165 1763 3220 Cumque
1804 3165 1886 3209 sub
1930 3164 2076 3222 polari
2114 3163 2306 3220 angulus
2347 3161 2468 3219 EQO

1262 3232 1380 3277 inter
1409 3236 1702 3287 aequatorem
1723 3234 1768 3274 et
1796 3231 2072 3275 horizontem
2093 3230 2152 3275 sit
2172 3229 2374 3286 aequalis
2396 3238 2483 3274 ain-‘¹

1263 3298 1371 3354 gulo.
1398 3297 1518 3343 inter
1548 3296 1798 3354 eclipticam
1827 3300 1873 3340 et
1902 3300 2191 3351 aequatorem
2212 3294 2347 3352 QEO,
2378 3303 2484 3339 ver-³

1264 3377 1341 3409 sus
1384 3369 1556 3410 rectam
1597 3365 1761 3421 major,
1807 3375 1964 3407 versus
2006 3361 2273 3417 parallelum
2316 3362 2487 3416 minam
2547 3419 2549 3422 ἱ

1264 3429 1514 3486 amplitudo
1543 3429 1681 3486 igitur
1709 3429 1852 3474 ortiva
1876 3428 1954 3484 QO
1974 3427 2058 3472 sub
2088 3427 2234 3485 polari
2253 3431 2483 3483 aequatur*
2549 3423 2553 3428 “

1265 3496 1390 3542 arcui
1420 3496 1657 3554 eclipticas
1686 3494 1766 3539 EO
1795 3494 2051 3552 proposito,
2090 3508 2118 3539 a
2146 3494 2292 3538 vicino
2322 3491 2481 3548 aequi-2

1265 3563 1415 3609 noetio
1446 3564 1650 3620 incepto,
1689 3566 1817 3605 extra
1845 3560 1991 3604 minor
2028 3564 2118 3618 est,
2156 3559 2277 3604 intra
2305 3557 2484 3615 majot;,

1266 3629 1401 3675 ducto
1431 3629 1571 3686 igitur
1599 3625 1767 3672 circulo
1799 3625 2110 3671 declinationis
2130 3623 2247 3670 PTO
2268 3623 2317 3668 in
2334 3634 2472 3681 punc-

1263 3702 1361 3741 tum
1393 3693 1627 3752 eclipticae
1658 3692 1805 3736 oriens
1835 3690 1897 3747 0,
1936 3691 2014 3747 qui
2041 3690 2351 3736 ascensionem
2378 3698 2470 3733 rec*
2495 3726 2501 3739 ,

1266 3767 1361 3807 tam
1389 3760 1472 3806 ΕΤ
1502 3772 1529 3805 a
1558 3756 1810 3804 differentia
1842 3755 2140 3803 ascensionali
2171 3755 2248 3812 TQ
2280 3753 2470 3812 separatg

662 2747 745 2789 1⁸¹3.
769 2747 824 2782 41.
