2554 4140
843 143 984 190 Liber
1013 142 1196 188 Sextus.
1255 141 1370 188 Pars
1401 140 1586 198 Quinta.
2239 144 2346 193 499

91 292 222 349 dinis,
251 291 368 337 BCE
397 290 471 337 via
501 288 644 335 centri
673 289 846 347 Lunae,
880 288 1064 346 obliqua
1093 289 1151 335 ad
1171 288 1295 334 FAG
1326 259 1592 344 eclipticam,
1627 299 1682 330 ex
1713 286 1755 330 A
1784 286 1831 330 in
1851 285 1931 330 BE
1953 283 2343 342 perpendicularis

87 357 179 414 AC,
211 356 475 414 (corrigatur
505 355 687 400 schema
717 355 794 408 92,
832 357 884 399 ut
911 354 988 399 AC
1020 355 1080 399 sit
1108 367 1238 411 perp.
1268 351 1371 409 BE)
1409 359 1517 396 tunc
1555 351 1635 395 AT
1668 351 1850 408 quidem
1881 355 2002 396 esset
2030 345 2346 395 latitudo'Lu-

5 409 25 453 ⁴·
59 432 189 477 -nae,
219 424 257 468 si
287 428 491 467 centrum
507 421 605 478 ejus
637 420 823 467 essetin
843 419 949 465 Tin
975 432 1086 464 vera
1108 419 1413 476 oppositione,
1446 422 1495 462 at
1524 417 1614 474 AC,
1645 416 1916 462 vicinissime
1947 416 2036 472 ipsi
2059 415 2152 474 AT,
2186 413 2348 459 dieitur

0 509 7 520 ·
92 500 224 534 arcus
253 487 372 532 inter
402 493 574 532 centra.

0 779 21 837 ἶ,
94 786 454 839 semidiametro
518 789 687 839 Lunae
749 804 989 839 summam
1058 787 1176 836 facit

0 883 2 897 ³
92 861 348 925 aequalem
410 863 768 913 semidiametro
833 863 1062 922 umbrae3
1127 861 1175 906 in

22 989 27 992 ,
60 987 65 990 ,
91 934 230 985 totali
256 934 364 983 cum
396 949 532 984 mora
557 938 791 986 minorem
815 935 1175 985 semidiametro

7 1095 29 1105 '·
92 1080 451 1131 semidiametro
483 1083 698 1142 umbrae,
738 1084 972 1131 minorem
1010 1086 1174 1128 tamen

7 1163 11 1169 '
91 1166 277 1203 summa
334 1155 820 1205 exsemidiametris
873 1155 1073 1204 umbrae
1128 1159 1176 1202 et

7 1367 66 1422 ’ξ’
91 1378 420 1435 diametrorum,
450 1378 531 1423 AV
551 1390 660 1423 vero
689 1378 737 1422 in
768 1377 996 1422 schemate
1026 1377 1176 1434 priore

23 1643 53 1685 γ’
93 1640 319 1686 schemate
359 1641 438 1686 AC
468 1641 616 1685 minor
657 1646 727 1686 est
765 1653 900 1696 quam
928 1639 1035 1692 AD,
1075 1641 1175 1698 ΑΚ,

240 571 476 634 Quantus
501 573 787 633 requiritur
810 571 889 619 hic
927 584 1081 619 arcus
1108 567 1177 617 ad
1699 571 1780 612 Εἰς·
1805 570 1861 604 92·

91 658 255 693 unam
310 644 585 706 quamlibet
631 645 858 708 formam
909 640 1176 704 eclipseos?
1796 647 1797 650 ’

89 717 147 766 In
183 715 324 765 totali
361 718 465 765 sine
503 731 641 766 mora
678 732 818 766 arcus
847 719 940 765 iste
979 713 1175 764 additus

91 1008 314 1070 umbrae3
364 1009 412 1055 in
465 1009 661 1072 partiali
705 1009 940 1071 majorem
979 1007 1174 1070 quidem

0 1251 2 1253 ·
93 1227 261 1277 Lunae
279 1227 535 1279 confecta.

36 1305 50 1315 '
231 1311 413 1357 Ut-AE
455 1317 526 1356 est
564 1323 739 1356 summa
775 1310 879 1366 AO,
923 1311 1004 1356 OE
1045 1310 1176 1356 semi-

92 1449 161 1489 est
186 1443 265 1488 illa
296 1443 476 1500 quidem
497 1444 656 1499 minor,
686 1443 832 1500 major
858 1448 1010 1491 tamen
1041 1455 1176 1499 quam

91 1508 187 1564 AN,
218 1508 550 1555 semidiameter
579 1509 791 1567 umbrae3
821 1523 912 1554 non
941 1509 1078 1564 igitur
1107 1513 1176 1552 to-

90 1574 213 1632 talis,
244 1576 326 1620 sed
355 1575 561 1632 partialis
593 1580 663 1619 est
693 1574 887 1631 eclipsis.
946 1573 1002 1618 In
1033 1574 1176 1619 altero

31 1703 45 1709 ”
95 1704 343 1751 differentia
385 1707 838 1761 semidiametrorum,
893 1706 1050 1762 itaque
1093 1707 1178 1753 AV

96 1771 238 1817 minor
267 1777 337 1817 est
368 1787 502 1829 quam
532 1775 629 1832 AN,
660 1773 816 1818 totalis
847 1772 985 1828 igitur
1014 1771 1211 1828 eclipsis.

237 1835 372 1897 Quid
415 1844 538 1887 sunt
581 1837 827 1898 scrupula
875 1832 919 1901 1)
957 1835 1252 1883 durationis
1301 1833 1567 1890 dimidiae,
1617 1829 1669 1898 2)
1706 1834 2010 1885 incidentiae
2060 1843 2164 1885 seu¹
2190 1850 2350 1896 casus,

97 1904 148 1974 3)
180 1911 489 1973 emersioniS,
542 1908 809 1970 4),morae
846 1907 1123 1956 dimidiae?
1172 1907 1298 1956 Sunt
1345 1921 1485 1955 arcus
1522 1907 1634 1955 viae
1672 1906 1871 1969 Lunae,
1925 1909 1975 1956 in
2006 1905 2204 1973 ssquibus
2244 1910 2352 1959 exi·
2386 1921 2389 1925 ·

97 1986 258 2030 stante
289 1988 453 2032 centro
491 1983 677 2044 Lunae,
717 1982 802 2032 vel
844 1979 892 2042 1)
936 1980 1098 2030 deficit
1135 1979 1303 2044 aliqua
1336 1994 1448 2043 pars
1485 1979 1678 2041 Lunae,
1718 1976 1860 2029 L'una
1900 1982 1952 2045 2)
1992 1983 2073 2033 vel
2110 1976 2352 2032 incidente

11 2088 50 2114 Δ-
101 2054 150 2101 in
184 2055 420 2116 umbram,
461 2056 512 2121 3)
554 2056 633 2106 vel
673 2058 964 2117 emergente,
1007 2051 1058 2119 4)
1096 2054 1176 2103 vel
1216 2055 1363 2104 etiam
1403 2052 1545 2102 Luna
1582 2058 1688 2102 tota
1727 2053 2029 2105 obscuratur.

98 2143 106 2148 '
236 2138 299 2184 Ut
326 2139 420 2197 BG,
463 2141 540 2186 ΟΕ
572 2145 678 2186 sunt
709 2139 923 2195 scrupula
960 2138 1213 2202 durationis
1245 2138 1476 2188 dimidiae,
1514 2137 1599 2182 ΒΚ
1630 2137 1924 2195 incidentiae,
1955 2139 2040 2184 DE
2073 2138 2351 2199 emersionis,

99 2201 275 2265 KCVvel
306 2204 381 2249 CD
423 2218 575 2250 morae
616 2205 839 2252 dimidiae.
899 2205 1004 2251 Etsi
1032 2218 1138 2250 vero
1177 2205 1426 2251 incidentia
1466 2218 1548 2250 seu
1580 2217 1713 2250 casus
1746 2209 1792 2249 et
1822 2206 2013 2250 emersio
2043 2204 2226 2262 proprie
2255 2207 2355 2247 tan-

99 2271 192 2313 tum
220 2268 276 2314 de
304 2271 521 2318 totalibus
551 2277 817 2328 usurpatur,
861 2276 1011 2316 tamen
1054 2271 1188 2316 etiam
1218 2270 1266 2316 in
1306 2270 1488 2328 partiali
1529 2270 1695 2328 prioris
1735 2270 1975 2325 schematis
2006 2271 2089 2316 BG
2112 2268 2356 2315 incidentia

101 2332 188 2380 dici
213 2339 378 2393 potest,
411 2336 487 2381 GE
518 2336 720 2383 emersio:
1582 2354 1586 2358 ·
1681 2355 1684 2358 ·
1874 2332 1877 2334 ’
2072 2372 2075 2374 .

248 2410 508 2473 Quomodo
544 2414 790 2478 differunt
826 2413 1033 2463 duratio
1070 2420 1116 2462 et
1151 2413 1337 2464 mora?
1391 2414 1599 2464 Duratio
1642 2420 1717 2464 est
1756 2414 1831 2464 de'
1871 2413 2125 2463 omnifario
2165 2411 2355 2466 defectu
2408 2475 2413 2478 μ

102 2482 412 2548 intelligenda
449 2484 619 2550 deque*
645 2488 868 2537 omnibus
908 2487 1193 2550 eclipsibus3
1245 2501 1382 2536 mora
1415 2493 1605 2536 tantum
1646 2487 1705 2538 de
1745 2487 2047 2551 quarundam
2087 2486 2354 2547 defectibus

106 2555 346 2621 plenariiS,
385 2559 766 2623 subintelligitur
804 2562 956 2609 enim:
995 2562 1043 2608 in
1083 2559 1296 2609 tenebris
1334 2559 1414 2610 vel
1452 2561 1642 2623 umbra.
1950 2596 1953 2599 -
2130 2591 2133 2594 -
2243 2600 2247 2605 .

244 2632 387 2693 Quod
415 2639 490 2681 est
511 2633 754 2688 medium,
773 2635 964 2696 eclipsis
987 2648 1075 2682 seu
1110 2648 1313 2682 summa
1339 2633 1670 2684 obscuratio?
1708 2632 1915 2694 Quando
1944 2638 2160 2683 centrum
2184 2632 2354 2682 Lunae
2440 2656 2444 2660 ·

106 2707 181 2752 cst
212 2703 291 2752 vel
336 2705 559 2767 junctum
599 2714 761 2756 centro
794 2708 1019 2768 umbrae,
1065 2706 1146 2756 vel
1185 2708 1233 2754 in
1272 2706 1667 2770 perpendiculari
1705 2705 1802 2766 jilla
1854 2722 1911 2756 ex
1951 2713 2114 2757 centro
2155 2706 2353 2755 umbrae

102 2774 153 2823 in
187 2777 316 2825 viam
352 2777 537 2828 Lunae.
601 2782 663 2833 Ut
691 2782 764 2839 fig.
799 2781 869 2839 93,
902 2775 1081 2839 duand'o
1116 2782 1149 2828 O
1182 2786 1388 2827 centrum
1418 2782 1462 2827 in
1494 2783 1580 2829 AN
1603 2781 1785 2828 incidit.
1830 2833 1834 2837 ,

246 2851 413 2910 Quare
450 2866 558 2900 non
592 2854 749 2901 uteris
785 2853 973 2902 circulo
1013 2852 1299 2907 latitudinis
1336 2853 1441 2915 Aa,
1458 2852 1553 2901 -ad
1588 2853 1868 2914 eclipticam
1901 2853 2075 2914 potius
2111 2856 2257 2911 recto,
2295 2855 2355 2898 ut

90 2919 162 2988 ⁸in
196 2927 509 2973 astronomia
546 2924 734 2972 veteri?
786 2927 828 2973 1.
871 2924 1014 2987 Quia,
1054 2926 1246 2989 proprie
1284 2923 1544 2989 loquend0,
1585 2925 1728 2974 Luna
1765 2926 1813 2972 in
1853 2923 2236 2974 huncclrculum
2273 2923 2352 2970 in·-

108 2991 270 3043 cidens
305 3010 403 3045 non
440 2996 815 3060 profundissime
852 2999 987 3046 venit
1020 2999 1071 3045 in
1109 2998 1346 3047 umbram.
1423 3001 1469 3047 2.
1512 2997 1641 3061 Quia
1679 3003 1900 3061 tempora
1939 3003 1986 3046 et
2022 2994 2250 3058 scrupula
2273 2996 2352 3043 in-

111 3064 344 3119 cidentiae
379 3068 467 3118 ΒΤ
506 3074 554 3119 et
597 3070 879 3119 emersionis
917 3070 1001 3119 ΤΕ
1039 3070 1353 3121 redderentur
1389 3072 1692 3134 inaequalia,
1747 3070 1926 3119 collata
1971 3068 2035 3118 ad
2078 3069 2207 3117 hunc
2255 3069 2350 3118 cir-
2398 3123 2403 3127 ἡ

111 3138 267 3189 culum
317 3141 468 3205 ATQ.
558 3138 610 3209 3)
674 3141 801 3207 Quia
851 3144 920 3192 sic
973 3143 1365 3207 compendiosius
1417 3150 1724 3208 computatur
1782 3142 1968 3192 duratio
2019 3145 2067 3190 et
2115 3155 2252 3192 mora
2299 3143 2350 3189 in

32 3235 34 3237 ·
110 3213 330 3264 tenebris.

250 3287 506 3348 Quomodo
532 3286 877 3350 computanda
901 3294 1021 3337 sunt
1044 3289 1288 3351 scrupula
1327 3288 1616 3337 durationis
1652 3286 1903 3348 dimidiae,
1943 3300 2091 3336 mora
2118 3285 2347 3349 dimidia,
2434 3330 2438 3336 .

111 3354 419 3422 incidentiae,
459 3360 783 3410 emersionis?
834 3360 913 3409 Ab
941 3360 1343 3423 antilogarithmis
1370 3375 1586 3411 summae
1626 3368 1672 3408 ct
1710 3359 2005 3408 differentiae
2044 3359 2351 3409 semidiame-

113 3430 288 3479 trorum
324 3432 492 3482 Lunae
531 3439 580 3483 et
614 3434 814 3483 umbrae
850 3433 1065 3483 aufertur
1100 3433 1524 3498 antilogarithmus
1562 3433 1701 3481 arcus
1751 3434 1873 3480 inter
1910 3437 2073 3481 centra
2110 3447 2197 3482 seu
2235 3432 2351 3501 lati-

115 3499 351 3566 tudinarii‚
390 3505 585 3555 residua
623 3508 846 3570 quaesita
881 3508 1005 3556 inter
1041 3506 1461 3568 antilogarithmos
1501 3504 1760 3555 ostendunt
1795 3506 1919 3554 inter
1957 3518 2096 3554 arcus
2123 3505 2364 3569 scrupula,

116 3570 215 3623 illic
249 3575 513 3627 durationis
553 3579 805 3639 dimidiae,
858 3578 939 3628 hic
975 3592 1138 3628 morae
1177 3577 1431 3628 dimidiae:
1482 3577 1557 3627 his
1597 3591 1712 3627 vero
1763 3592 1928 3628 morae
1967 3579 2028 3627 ab
2066 3578 2162 3628 illis
2202 3578 2348 3627 dura-

107 3645 260 3702 ‚tionis
296 3650 489 3707 ablatis,
529 3651 862 3715 relinquuntur
898 3651 1125 3715 scrupula
1164 3651 1450 3701 incidentiae
1489 3657 1537 3699 et
1575 3651 1870 3700 emersionis.

253 3716 317 3763 Ut
344 3719 737 3776 BCcomputatur
766 3734 822 3765 ex
853 3721 931 3765 AB
961 3732 1135 3765 summa
1165 3724 1211 3764 et
1238 3720 1328 3776 AC,
1359 3720 1466 3776 quia
1494 3718 1613 3770 BCA
1642 3725 1815 3776 rectus,
1860 3719 1925 3766 sic
1954 3719 2119 3764 chex
2151 3718 2234 3763 ΑΚ
2265 3718 2346 3763 dif-

118 3775 306 3827 terentia
333 3784 762 3831 semidiametrorum
792 3794 834 3832 et
865 3800 920 3831 ex
951 3787 1048 3843 AC;
1082 3784 1232 3830 ablato
1263 3798 1368 3830 vero
1399 3784 1479 3829 Kc
1510 3797 1538 3829 a
1566 3784 1656 3840 BC,
1688 3790 1840 3831 manet
1867 3785 1964 3832 ΒΚ.

261 3861 374 3919 Qua
421 3875 477 3910 re
527 3862 769 3926 differunt
804 3863 912 3913 loca
963 3877 1111 3912 verae
1149 3863 1515 3924 coniunctionis
1552 3868 1598 3911 et
1648 3862 2008 3912 obscurationis
2059 3860 2352 3910 mammae?

1880 3949 1944 3996 32
1972 3947 2004 3978 ’θ
