<?xml version="1.0" encoding="UTF-8"?>
<!DOCTYPE html PUBLIC "-//W3C//DTD XHTML 1.0 Transitional//EN"
    "http://www.w3.org/TR/xhtml1/DTD/xhtml1-transitional.dtd">
<html xmlns="http://www.w3.org/1999/xhtml" xml:lang="en" lang="en">
 <head>
  <title>
</title>
<meta http-equiv="Content-Type" content="text/html;charset=utf-8" />
  <meta name='ocr-system' content='tesseract 3.04.00' />
  <meta name='ocr-capabilities' content='ocr_page ocr_carea ocr_par ocr_line ocrx_word'/>
</head>
<body>
  <div class='ocr_page' id='page_1' title='image "./operaomniaedidit06kepluoft_0142.png"; bbox 0 0 2554 4140; ppageno 0'>
   <div class='ocr_carea' id='block_1_1' title="bbox 253 128 1651 187">
    <p class='ocr_par' dir='ltr' id='par_1_1' title="bbox 253 128 1651 187">
     <span class='ocr_line' id='line_1_1' title="bbox 253 128 1651 187; baseline -0.006 -6"><span class='ocrx_word' id='word_1_1' title='bbox 253 136 351 183; x_wconf 82' lang='lat'>128</span> <span class='ocrx_word' id='word_1_2' title='bbox 1075 129 1310 187; x_wconf 90' lang='lat' dir='ltr'>Epitomes</span> <span class='ocrx_word' id='word_1_3' title='bbox 1340 128 1651 175; x_wconf 87' lang='lat' dir='ltr'>Astronomiae</span> 
     </span>
    </p>
   </div>
   <div class='ocr_carea' id='block_1_2' title="bbox 246 269 2490 522">
    <p class='ocr_par' dir='ltr' id='par_1_2' title="bbox 246 269 2490 522">
     <span class='ocr_line' id='line_1_2' title="bbox 420 269 2489 333; baseline 0.001 -17"><span class='ocrx_word' id='word_1_4' title='bbox 420 272 482 316; x_wconf 86' lang='lat' dir='ltr'>Ut</span> <span class='ocrx_word' id='word_1_5' title='bbox 512 271 551 315; x_wconf 89' lang='lat' dir='ltr'>si</span> <span class='ocrx_word' id='word_1_6' title='bbox 582 269 840 333; x_wconf 81' lang='lat' dir='ltr'>superficies</span> <span class='ocrx_word' id='word_1_7' title='bbox 872 284 1016 328; x_wconf 89' lang='lat' dir='ltr'>aquae</span> <span class='ocrx_word' id='word_1_8' title='bbox 1047 279 1166 318; x_wconf 91' lang='lat' dir='ltr'>esset</span> <span class='ocrx_word' id='word_1_9' title='bbox 1196 279 1383 318; x_wconf 88' lang='lat' dir='ltr'>extensa</span> <span class='ocrx_word' id='word_1_10' title='bbox 1411 273 1685 329; x_wconf 85' lang='lat' dir='ltr'>perlineam</span> <span class='ocrx_word' id='word_1_11' title='bbox 1714 279 1883 318; x_wconf 88' lang='lat' dir='ltr'>rectam</span> <span class='ocrx_word' id='word_1_12' title='bbox 1913 275 1992 319; x_wconf 88' lang='lat' dir='ltr'>DF</span> <span class='ocrx_word' id='word_1_13' title='bbox 2038 275 2085 319; x_wconf 91' lang='lat' dir='ltr'>in</span> <span class='ocrx_word' id='word_1_14' title='bbox 2115 275 2378 325; x_wconf 84' lang='lat' dir='ltr'>immensum</span> <span class='ocrx_word' id='word_1_15' title='bbox 2417 287 2489 318; x_wconf 88' lang='lat' dir='ltr'>su-</span> 
     </span>
     <span class='ocr_line' id='line_1_3' title="bbox 246 335 2490 395; baseline 0 -14"><span class='ocrx_word' id='word_1_16' title='bbox 246 349 416 394; x_wconf 83' lang='lat' dir='ltr'>perque</span> <span class='ocrx_word' id='word_1_17' title='bbox 447 348 544 379; x_wconf 87' lang='lat' dir='ltr'>eam</span> <span class='ocrx_word' id='word_1_18' title='bbox 574 335 788 379; x_wconf 81' lang='lat' dir='ltr'>emineret</span> <span class='ocrx_word' id='word_1_19' title='bbox 815 348 942 381; x_wconf 91' lang='lat' dir='ltr'>mons</span> <span class='ocrx_word' id='word_1_20' title='bbox 973 338 1037 392; x_wconf 92' lang='lat' dir='ltr'>D,</span> <span class='ocrx_word' id='word_1_21' title='bbox 1081 338 1186 393; x_wconf 89' lang='lat' dir='ltr'>quia</span> <span class='ocrx_word' id='word_1_22' title='bbox 1216 338 1372 382; x_wconf 87' lang='lat' dir='ltr'>eadem</span> <span class='ocrx_word' id='word_1_23' title='bbox 1402 338 1521 382; x_wconf 88' lang='lat' dir='ltr'>linea</span> <span class='ocrx_word' id='word_1_24' title='bbox 1550 339 1630 383; x_wconf 93' lang='lat' dir='ltr'>DF</span> <span class='ocrx_word' id='word_1_25' title='bbox 1661 344 1783 383; x_wconf 91' lang='lat' dir='ltr'>esset</span> <span class='ocrx_word' id='word_1_26' title='bbox 1814 339 1947 383; x_wconf 87' lang='lat' dir='ltr'>etiam</span> <span class='ocrx_word' id='word_1_27' title='bbox 1976 339 2096 384; x_wconf 90' lang='lat' dir='ltr'>linea</span> <span class='ocrx_word' id='word_1_28' title='bbox 2125 341 2268 394; x_wconf 87' lang='lat' dir='ltr'>visus,</span> <span class='ocrx_word' id='word_1_29' title='bbox 2315 352 2490 395; x_wconf 87' lang='lat' dir='ltr'>semper</span> 
     </span>
     <span class='ocr_line' id='line_1_4' title="bbox 246 399 2489 460; baseline 0.001 -16"><span class='ocrx_word' id='word_1_30' title='bbox 246 403 292 445; x_wconf 88' lang='lat' dir='ltr'>in</span> <span class='ocrx_word' id='word_1_31' title='bbox 322 406 516 444; x_wconf 89' lang='lat' dir='ltr'>montem</span> <span class='ocrx_word' id='word_1_32' title='bbox 546 400 586 443; x_wconf 95' lang='lat' dir='ltr'>D</span> <span class='ocrx_word' id='word_1_33' title='bbox 617 399 831 457; x_wconf 78' lang='lat' dir='ltr'>incidenS,</span> <span class='ocrx_word' id='word_1_34' title='bbox 862 401 956 447; x_wconf 88' lang='lat' dir='ltr'>sive</span> <span class='ocrx_word' id='word_1_35' title='bbox 986 403 1031 447; x_wconf 91' lang='lat' dir='ltr'>in</span> <span class='ocrx_word' id='word_1_36' title='bbox 1062 403 1101 446; x_wconf 89' lang='lat' dir='ltr'>E</span> <span class='ocrx_word' id='word_1_37' title='bbox 1133 409 1254 448; x_wconf 89' lang='lat' dir='ltr'>esset</span> <span class='ocrx_word' id='word_1_38' title='bbox 1285 403 1442 448; x_wconf 88' lang='lat' dir='ltr'>oculus</span> <span class='ocrx_word' id='word_1_39' title='bbox 1475 402 1567 447; x_wconf 84' lang='lat' dir='ltr'>sive</span> <span class='ocrx_word' id='word_1_40' title='bbox 1597 402 1642 446; x_wconf 93' lang='lat' dir='ltr'>in</span> <span class='ocrx_word' id='word_1_41' title='bbox 1662 403 1710 446; x_wconf 91' lang='lat' dir='ltr'>.F</span> <span class='ocrx_word' id='word_1_42' title='bbox 1741 403 1832 446; x_wconf 78' lang='lat' dir='ltr'>sive</span> <span class='ocrx_word' id='word_1_43' title='bbox 1862 403 1907 446; x_wconf 89' lang='lat' dir='ltr'>in</span> <span class='ocrx_word' id='word_1_44' title='bbox 1937 416 2205 460; x_wconf 89' lang='lat' dir='ltr'>quocunque</span> <span class='ocrx_word' id='word_1_45' title='bbox 2236 403 2323 447; x_wconf 90' lang='lat' dir='ltr'>alio</span> <span class='ocrx_word' id='word_1_46' title='bbox 2353 403 2489 458; x_wconf 90' lang='lat' dir='ltr'>hujus</span> 
     </span>
     <span class='ocr_line' id='line_1_5' title="bbox 246 465 933 522; baseline 0.001 -13"><span class='ocrx_word' id='word_1_47' title='bbox 246 467 391 511; x_wconf 89' lang='lat' dir='ltr'>lineae</span> <span class='ocrx_word' id='word_1_48' title='bbox 421 470 592 522; x_wconf 87' lang='lat' dir='ltr'>puncto</span> <span class='ocrx_word' id='word_1_49' title='bbox 622 465 933 512; x_wconf 88' lang='lat' dir='ltr'>remotissimo.</span> 
     </span>
    </p>
   </div>
   <div class='ocr_carea' id='block_1_3' title="bbox 221 555 2554 2078">
    <p class='ocr_par' dir='ltr' id='par_1_3' title="bbox 248 555 2491 765">
     <span class='ocr_line' id='line_1_6' title="bbox 390 555 2490 622; baseline 0.001 -19"><span class='ocrx_word' id='word_1_50' title='bbox 390 555 581 604; x_wconf 86' lang='lat' dir='ltr'>Deinde</span> <span class='ocrx_word' id='word_1_51' title='bbox 625 570 778 606; x_wconf 89' lang='lat' dir='ltr'>naves</span> <span class='ocrx_word' id='word_1_52' title='bbox 826 563 911 606; x_wconf 90' lang='lat' dir='ltr'>aut</span> <span class='ocrx_word' id='word_1_53' title='bbox 959 564 1148 608; x_wconf 90' lang='lat' dir='ltr'>montes</span> <span class='ocrx_word' id='word_1_54' title='bbox 1198 560 1404 622; x_wconf 89' lang='lat' dir='ltr'>primum</span> <span class='ocrx_word' id='word_1_55' title='bbox 1446 558 1668 607; x_wconf 89' lang='lat' dir='ltr'>videntur</span> <span class='ocrx_word' id='word_1_56' title='bbox 1715 559 1777 606; x_wconf 90' lang='lat' dir='ltr'>ab</span> <span class='ocrx_word' id='word_1_57' title='bbox 1827 560 1963 621; x_wconf 85' lang='lat' dir='ltr'>apice</span> <span class='ocrx_word' id='word_1_58' title='bbox 2001 559 2139 619; x_wconf 86' lang='lat' dir='ltr'>mali,</span> <span class='ocrx_word' id='word_1_59' title='bbox 2193 558 2388 621; x_wconf 87' lang='lat' dir='ltr'>quando</span> <span class='ocrx_word' id='word_1_60' title='bbox 2428 559 2490 607; x_wconf 88' lang='lat' dir='ltr'>ab</span> 
     </span>
     <span class='ocr_line' id='line_1_7' title="bbox 257 628 2491 694; baseline 0.002 -18"><span class='ocrx_word' id='word_1_61' title='bbox 257 630 362 691; x_wconf 92' lang='lat' dir='ltr'>ejus</span> <span class='ocrx_word' id='word_1_62' title='bbox 399 629 523 692; x_wconf 92' lang='lat' dir='ltr'>pede</span> <span class='ocrx_word' id='word_1_63' title='bbox 563 628 716 678; x_wconf 90' lang='lat' dir='ltr'>videri</span> <span class='ocrx_word' id='word_1_64' title='bbox 764 629 979 679; x_wconf 88' lang='lat' dir='ltr'>nondum</span> <span class='ocrx_word' id='word_1_65' title='bbox 1018 638 1247 694; x_wconf 82' lang='lat' dir='ltr'>possunt,</span> <span class='ocrx_word' id='word_1_66' title='bbox 1306 633 1451 680; x_wconf 87' lang='lat' dir='ltr'>etiam</span> <span class='ocrx_word' id='word_1_67' title='bbox 1503 647 1610 679; x_wconf 93' lang='lat' dir='ltr'>cum</span> <span class='ocrx_word' id='word_1_68' title='bbox 1646 631 1797 682; x_wconf 88' lang='lat' dir='ltr'>nullis</span> <span class='ocrx_word' id='word_1_69' title='bbox 1835 634 2028 680; x_wconf 89' lang='lat' dir='ltr'>omnino</span> <span class='ocrx_word' id='word_1_70' title='bbox 2069 632 2293 680; x_wconf 90' lang='lat' dir='ltr'>fluctibus</span> <span class='ocrx_word' id='word_1_71' title='bbox 2345 646 2491 694; x_wconf 89' lang='lat' dir='ltr'>aspe-</span> 
     </span>
     <span class='ocr_line' id='line_1_8' title="bbox 248 701 1480 765; baseline 0 -15"><span class='ocrx_word' id='word_1_72' title='bbox 248 709 411 750; x_wconf 88' lang='lat' dir='ltr'>rantur</span> <span class='ocrx_word' id='word_1_73' title='bbox 450 701 638 764; x_wconf 88' lang='lat' dir='ltr'>undae,</span> <span class='ocrx_word' id='word_1_74' title='bbox 678 702 784 751; x_wconf 91' lang='lat' dir='ltr'>solo</span> <span class='ocrx_word' id='word_1_75' title='bbox 823 706 1024 750; x_wconf 84' lang='lat' dir='ltr'>tumoris</span> <span class='ocrx_word' id='word_1_76' title='bbox 1064 718 1229 751; x_wconf 91' lang='lat' dir='ltr'>eorum</span> <span class='ocrx_word' id='word_1_77' title='bbox 1268 704 1480 765; x_wconf 89' lang='lat' dir='ltr'>objectu</span> 
     </span>
    </p>

    <p class='ocr_par' dir='ltr' id='par_1_4' title="bbox 245 761 2492 1262">
     <span class='ocr_line' id='line_1_9' title="bbox 396 761 2490 839; baseline 0 -17"><span class='ocrx_word' id='word_1_78' title='bbox 396 775 568 824; x_wconf 72' lang='lat' dir='ltr'>Proba</span> <span class='ocrx_word' id='word_1_79' title='bbox 614 775 673 823; x_wconf 84' lang='lat' dir='ltr'>de</span> <span class='ocrx_word' id='word_1_80' title='bbox 715 782 818 824; x_wconf 81' lang='lat' dir='ltr'>tota</span> <span class='ocrx_word' id='word_1_81' title='bbox 866 790 1030 837; x_wconf 74' lang='lat' dir='ltr'>aquea</span> <span class='ocrx_word' id='word_1_82' title='bbox 1076 776 1348 838; x_wconf 64' lang='lat' dir='ltr'>superficie.</span> <span class='ocrx_word' id='word_1_83' title='bbox 1434 776 1510 824; x_wconf 91' lang='lat' dir='ltr'>De</span> <span class='ocrx_word' id='word_1_84' title='bbox 1559 764 1663 824; x_wconf 85' lang='lat' dir='ltr'>tota</span> <span class='ocrx_word' id='word_1_85' title='bbox 1712 761 2006 839; x_wconf 83' lang='lat' dir='ltr'>experientia</span> <span class='ocrx_word' id='word_1_86' title='bbox 2067 775 2303 824; x_wconf 86' lang='lat' dir='ltr'>hodierna</span> <span class='ocrx_word' id='word_1_87' title='bbox 2363 774 2490 824; x_wconf 90' lang='lat' dir='ltr'>idem</span> 
     </span>
     <span class='ocr_line' id='line_1_10' title="bbox 255 841 2488 915; baseline 0 -20"><span class='ocrx_word' id='word_1_88' title='bbox 255 843 434 908; x_wconf 84' lang='lat' dir='ltr'>docuit,</span> <span class='ocrx_word' id='word_1_89' title='bbox 476 862 581 896; x_wconf 90' lang='lat' dir='ltr'>esse</span> <span class='ocrx_word' id='word_1_90' title='bbox 618 851 842 895; x_wconf 87' lang='lat' dir='ltr'>nimirum</span> <span class='ocrx_word' id='word_1_91' title='bbox 883 855 1282 908; x_wconf 87' lang='lat' dir='ltr'>consummatum,</span> <span class='ocrx_word' id='word_1_92' title='bbox 1322 848 1369 895; x_wconf 86' lang='lat' dir='ltr'>id</span> <span class='ocrx_word' id='word_1_93' title='bbox 1411 854 1482 896; x_wconf 84' lang='lat' dir='ltr'>est</span> <span class='ocrx_word' id='word_1_94' title='bbox 1520 849 1733 915; x_wconf 88' lang='lat' dir='ltr'>undique</span> <span class='ocrx_word' id='word_1_95' title='bbox 1772 852 1818 895; x_wconf 88' lang='lat' dir='ltr'>in</span> <span class='ocrx_word' id='word_1_96' title='bbox 1858 865 1909 898; x_wconf 90' lang='lat' dir='ltr'>se</span> <span class='ocrx_word' id='word_1_97' title='bbox 1949 864 2235 899; x_wconf 83' lang='lat' dir='ltr'>conversum</span> <span class='ocrx_word' id='word_1_98' title='bbox 2273 841 2488 911; x_wconf 90' lang='lat' dir='ltr'>globum.</span> 
     </span>
     <span class='ocr_line' id='line_1_11' title="bbox 247 920 2492 985; baseline -0 -16"><span class='ocrx_word' id='word_1_99' title='bbox 247 920 581 969; x_wconf 84' lang='lat' dir='ltr'>Ferdinandus</span> <span class='ocrx_word' id='word_1_100' title='bbox 619 921 926 983; x_wconf 87' lang='lat' dir='ltr'>Magellanus</span> <span class='ocrx_word' id='word_1_101' title='bbox 976 936 1034 969; x_wconf 90' lang='lat' dir='ltr'>ex</span> <span class='ocrx_word' id='word_1_102' title='bbox 1080 921 1322 985; x_wconf 83' lang='lat' dir='ltr'>Hispania</span> <span class='ocrx_word' id='word_1_103' title='bbox 1370 921 1565 969; x_wconf 87' lang='lat' dir='ltr'>solvens</span> <span class='ocrx_word' id='word_1_104' title='bbox 1615 937 1784 971; x_wconf 89' lang='lat' dir='ltr'>versus</span> <span class='ocrx_word' id='word_1_105' title='bbox 1825 936 2050 970; x_wconf 90' lang='lat' dir='ltr'>occasum</span> <span class='ocrx_word' id='word_1_106' title='bbox 2087 923 2365 984; x_wconf 84' lang='lat' dir='ltr'>navigavit,</span> <span class='ocrx_word' id='word_1_107' title='bbox 2415 924 2492 968; x_wconf 88' lang='lat' dir='ltr'>in-</span> 
     </span>
     <span class='ocr_line' id='line_1_12' title="bbox 249 993 2492 1057; baseline 0 -16"><span class='ocrx_word' id='word_1_108' title='bbox 249 1000 497 1056; x_wconf 90' lang='lat' dir='ltr'>ventoque</span> <span class='ocrx_word' id='word_1_109' title='bbox 537 993 658 1041; x_wconf 87' lang='lat' dir='ltr'>freto</span> <span class='ocrx_word' id='word_1_110' title='bbox 705 995 977 1055; x_wconf 88' lang='lat' dir='ltr'>penetravit</span> <span class='ocrx_word' id='word_1_111' title='bbox 1024 1008 1083 1041; x_wconf 86' lang='lat' dir='ltr'>ex</span> <span class='ocrx_word' id='word_1_112' title='bbox 1121 994 1370 1042; x_wconf 91' lang='lat' dir='ltr'>Atlantico</span> <span class='ocrx_word' id='word_1_113' title='bbox 1411 1007 1593 1042; x_wconf 90' lang='lat' dir='ltr'>oceano</span> <span class='ocrx_word' id='word_1_114' title='bbox 1631 996 1680 1041; x_wconf 91' lang='lat' dir='ltr'>in</span> <span class='ocrx_word' id='word_1_115' title='bbox 1719 995 1874 1043; x_wconf 89' lang='lat' dir='ltr'>Eoum</span> <span class='ocrx_word' id='word_1_116' title='bbox 1919 995 2076 1057; x_wconf 87' lang='lat' dir='ltr'>adque</span> <span class='ocrx_word' id='word_1_117' title='bbox 2114 994 2364 1042; x_wconf 88' lang='lat' dir='ltr'>Moluccas</span> <span class='ocrx_word' id='word_1_118' title='bbox 2402 1008 2492 1056; x_wconf 85' lang='lat' dir='ltr'>ap-</span> 
     </span>
     <span class='ocr_line' id='line_1_13' title="bbox 245 1059 2492 1134; baseline 0 -20"><span class='ocrx_word' id='word_1_119' title='bbox 245 1059 402 1129; x_wconf 66' lang='lat' dir='ltr'>pulit,</span> <span class='ocrx_word' id='word_1_120' title='bbox 439 1065 566 1114; x_wconf 87' lang='lat' dir='ltr'>unde</span> <span class='ocrx_word' id='word_1_121' title='bbox 605 1066 813 1114; x_wconf 60' lang='lat' dir='ltr'>solvens»</span> <span class='ocrx_word' id='word_1_122' title='bbox 840 1080 937 1113; x_wconf 89' lang='lat' dir='ltr'>una</span> <span class='ocrx_word' id='word_1_123' title='bbox 976 1067 1116 1126; x_wconf 84' lang='lat' dir='ltr'>navis</span> <span class='ocrx_word' id='word_1_124' title='bbox 1156 1065 1385 1115; x_wconf 87' lang='lat' dir='ltr'>continuo</span> <span class='ocrx_word' id='word_1_125' title='bbox 1424 1073 1472 1114; x_wconf 90' lang='lat' dir='ltr'>et</span> <span class='ocrx_word' id='word_1_126' title='bbox 1510 1060 2059 1134; x_wconf 76' lang='lat' dir='ltr'>directo&#39;(nequaquam</span> <span class='ocrx_word' id='word_1_127' title='bbox 2085 1081 2200 1116; x_wconf 82' lang='lat' dir='ltr'>vero</span> <span class='ocrx_word' id='word_1_128' title='bbox 2240 1064 2492 1130; x_wconf 87' lang='lat' dir='ltr'>converso)</span> 
     </span>
     <span class='ocr_line' id='line_1_14' title="bbox 251 1139 2490 1203; baseline -0.001 -15"><span class='ocrx_word' id='word_1_129' title='bbox 251 1154 407 1200; x_wconf 89' lang='lat' dir='ltr'>cursu,</span> <span class='ocrx_word' id='word_1_130' title='bbox 448 1153 638 1202; x_wconf 87' lang='lat' dir='ltr'>semper</span> <span class='ocrx_word' id='word_1_131' title='bbox 674 1153 843 1187; x_wconf 86' lang='lat' dir='ltr'>versus</span> <span class='ocrx_word' id='word_1_132' title='bbox 866 1151 1106 1199; x_wconf 89' lang='lat' dir='ltr'>occasum,</span> <span class='ocrx_word' id='word_1_133' title='bbox 1146 1154 1232 1203; x_wconf 90' lang='lat' dir='ltr'>per</span> <span class='ocrx_word' id='word_1_134' title='bbox 1273 1150 1520 1188; x_wconf 83' lang='lat' dir='ltr'>oceanum·</span> <span class='ocrx_word' id='word_1_135' title='bbox 1544 1141 1766 1189; x_wconf 79' lang='lat' dir='ltr'>Indicum</span> <span class='ocrx_word' id='word_1_136' title='bbox 1805 1146 1853 1190; x_wconf 92' lang='lat' dir='ltr'>et</span> <span class='ocrx_word' id='word_1_137' title='bbox 1890 1140 2215 1201; x_wconf 87' lang='lat' dir='ltr'>Atlanticum,</span> <span class='ocrx_word' id='word_1_138' title='bbox 2259 1139 2395 1188; x_wconf 84' lang='lat' dir='ltr'>velut</span> <span class='ocrx_word' id='word_1_139' title='bbox 2433 1153 2490 1187; x_wconf 86' lang='lat' dir='ltr'>ex</span> 
     </span>
     <span class='ocr_line' id='line_1_15' title="bbox 251 1211 1444 1272; baseline -0.001 -12"><span class='ocrx_word' id='word_1_140' title='bbox 251 1214 434 1260; x_wconf 82' lang='lat' dir='ltr'>oriente</span> <span class='ocrx_word' id='word_1_141' title='bbox 473 1226 668 1259; x_wconf 85' lang='lat' dir='ltr'>reversa</span> <span class='ocrx_word' id='word_1_142' title='bbox 707 1217 778 1259; x_wconf 91' lang='lat' dir='ltr'>est</span> <span class='ocrx_word' id='word_1_143' title='bbox 818 1211 1037 1272; x_wconf 91' lang='lat' dir='ltr'>domum,</span> <span class='ocrx_word' id='word_1_144' title='bbox 1079 1212 1206 1261; x_wconf 91' lang='lat' dir='ltr'>unde</span> <span class='ocrx_word' id='word_1_145' title='bbox 1246 1214 1444 1262; x_wconf 36' lang='lat' dir='ltr'>cxieimat</span> 
     </span>
    </p>

    <p class='ocr_par' dir='ltr' id='par_1_5' title="bbox 221 1283 2554 2078">
     <span class='ocr_line' id='line_1_16' title="bbox 392 1283 2489 1349; baseline -0 -18"><span class='ocrx_word' id='word_1_146' title='bbox 392 1286 609 1348; x_wconf 87' lang='lat' dir='ltr'>Apparet</span> <span class='ocrx_word' id='word_1_147' title='bbox 647 1298 788 1346; x_wconf 66' lang='lat' dir='ltr'>erg0,</span> <span class='ocrx_word' id='word_1_148' title='bbox 843 1285 1146 1347; x_wconf 90' lang='lat' dir='ltr'>superficiem</span> <span class='ocrx_word' id='word_1_149' title='bbox 1196 1300 1354 1346; x_wconf 86' lang='lat' dir='ltr'>aquae</span> <span class='ocrx_word' id='word_1_150' title='bbox 1405 1293 1453 1332; x_wconf 85' lang='lat' dir='ltr'>et</span> <span class='ocrx_word' id='word_1_151' title='bbox 1491 1287 1661 1334; x_wconf 85' lang='lat' dir='ltr'>terrae</span> <span class='ocrx_word' id='word_1_152' title='bbox 1696 1288 1744 1333; x_wconf 91' lang='lat' dir='ltr'>in</span> <span class='ocrx_word' id='word_1_153' title='bbox 1800 1301 1852 1335; x_wconf 91' lang='lat' dir='ltr'>se</span> <span class='ocrx_word' id='word_1_154' title='bbox 1902 1287 2061 1349; x_wconf 87' lang='lat' dir='ltr'>ipsam</span> <span class='ocrx_word' id='word_1_155' title='bbox 2108 1285 2261 1334; x_wconf 89' lang='lat' dir='ltr'>redire</span> <span class='ocrx_word' id='word_1_156' title='bbox 2312 1283 2489 1332; x_wconf 88' lang='lat' dir='ltr'>circulo</span> 
     </span>
     <span class='ocr_line' id='line_1_17' title="bbox 247 1353 2526 1419; baseline 0 -13"><span class='ocrx_word' id='word_1_157' title='bbox 247 1357 646 1417; x_wconf 83' lang='lat' dir='ltr'>circumductam,</span> <span class='ocrx_word' id='word_1_158' title='bbox 684 1371 842 1419; x_wconf 90' lang='lat' dir='ltr'>neque</span> <span class='ocrx_word' id='word_1_159' title='bbox 880 1357 1017 1406; x_wconf 92' lang='lat' dir='ltr'>coelo</span> <span class='ocrx_word' id='word_1_160' title='bbox 1055 1364 1311 1406; x_wconf 85' lang='lat' dir='ltr'>connatam</span> <span class='ocrx_word' id='word_1_161' title='bbox 1351 1357 1630 1407; x_wconf 87' lang='lat' dir='ltr'>adhaerere</span> <span class='ocrx_word' id='word_1_162' title='bbox 2224 1389 2227 1393; x_wconf 93' lang='lat'><em>-</em></span> <span class='ocrx_word' id='word_1_163' title='bbox 2507 1353 2526 1370; x_wconf 63' lang='lat'><em>⁵</em></span> 
     </span>
     <span class='ocr_line' id='line_1_18' title="bbox 221 1427 2495 1492; baseline -0 -15"><span class='ocrx_word' id='word_1_164' title='bbox 221 1446 226 1450; x_wconf 93' lang='lat'>·</span> <span class='ocrx_word' id='word_1_165' title='bbox 390 1429 470 1477; x_wconf 80' lang='lat' dir='ltr'>De</span> <span class='ocrx_word' id='word_1_166' title='bbox 518 1443 657 1492; x_wconf 81' lang='lat' dir='ltr'>aqua</span> <span class='ocrx_word' id='word_1_167' title='bbox 706 1429 907 1492; x_wconf 80' lang='lat' dir='ltr'>quidem</span> <span class='ocrx_word' id='word_1_168' title='bbox 956 1432 1078 1491; x_wconf 78' lang='lat' dir='ltr'>ista,</span> <span class='ocrx_word' id='word_1_169' title='bbox 1137 1430 1222 1478; x_wconf 77' lang='lat' dir='ltr'>sed</span> <span class='ocrx_word' id='word_1_170' title='bbox 1268 1445 1370 1478; x_wconf 87' lang='lat' dir='ltr'>an</span> <span class='ocrx_word' id='word_1_171' title='bbox 1390 1435 1434 1478; x_wconf 79' lang='lat' dir='ltr'>ct</span> <span class='ocrx_word' id='word_1_172' title='bbox 1489 1433 1545 1478; x_wconf 79' lang='lat' dir='ltr'>in</span> <span class='ocrx_word' id='word_1_173' title='bbox 1598 1433 1931 1480; x_wconf 78' lang='lat' dir='ltr'>continentes</span> <span class='ocrx_word' id='word_1_174' title='bbox 1952 1431 2124 1479; x_wconf 80' lang='lat' dir='ltr'>eadem</span> <span class='ocrx_word' id='word_1_175' title='bbox 2178 1427 2495 1492; x_wconf 76' lang='lat' dir='ltr'>sequuntur?</span> 
     </span>
     <span class='ocr_line' id='line_1_19' title="bbox 251 1503 2491 1568; baseline -0.001 -18"><span class='ocrx_word' id='word_1_176' title='bbox 251 1503 371 1552; x_wconf 79' lang='lat' dir='ltr'>Cum</span> <span class='ocrx_word' id='word_1_177' title='bbox 411 1516 620 1550; x_wconf 89' lang='lat' dir='ltr'>oceanus</span> <span class='ocrx_word' id='word_1_178' title='bbox 658 1504 722 1549; x_wconf 89' lang='lat' dir='ltr'>sit</span> <span class='ocrx_word' id='word_1_179' title='bbox 759 1504 896 1551; x_wconf 84' lang='lat' dir='ltr'>terris</span> <span class='ocrx_word' id='word_1_180' title='bbox 935 1503 1194 1551; x_wconf 85' lang='lat' dir='ltr'>interfusus</span> <span class='ocrx_word' id='word_1_181' title='bbox 1233 1505 1295 1552; x_wconf 88' lang='lat' dir='ltr'>ab</span> <span class='ocrx_word' id='word_1_182' title='bbox 1325 1505 1507 1552; x_wconf 87' lang='lat' dir='ltr'>oriente</span> <span class='ocrx_word' id='word_1_183' title='bbox 1546 1505 1601 1568; x_wconf 84' lang='lat' dir='ltr'>in</span> <span class='ocrx_word' id='word_1_184' title='bbox 1624 1503 1924 1553; x_wconf 89' lang='lat' dir='ltr'>occidentem</span> <span class='ocrx_word' id='word_1_185' title='bbox 1961 1518 2221 1566; x_wconf 86' lang='lat' dir='ltr'>rursusque</span> <span class='ocrx_word' id='word_1_186' title='bbox 2261 1505 2308 1549; x_wconf 90' lang='lat' dir='ltr'>in</span> <span class='ocrx_word' id='word_1_187' title='bbox 2331 1503 2491 1550; x_wconf 89' lang='lat' dir='ltr'>orien-</span> 
     </span>
     <span class='ocr_line' id='line_1_20' title="bbox 234 1572 2489 1638; baseline -0.002 -15"><span class='ocrx_word' id='word_1_188' title='bbox 234 1583 369 1635; x_wconf 70' lang='lat' dir='ltr'>tem,</span> <span class='ocrx_word' id='word_1_189' title='bbox 424 1574 762 1637; x_wconf 86' lang='lat' dir='ltr'>ejusque·duo</span> <span class='ocrx_word' id='word_1_190' title='bbox 799 1577 1268 1638; x_wconf 83' lang='lat' dir='ltr'>ingentiaaequora</span> <span class='ocrx_word' id='word_1_191' title='bbox 1316 1575 1507 1624; x_wconf 90' lang='lat' dir='ltr'>duobus</span> <span class='ocrx_word' id='word_1_192' title='bbox 1554 1577 1688 1625; x_wconf 83' lang='lat' dir='ltr'>fretis</span> <span class='ocrx_word' id='word_1_193' title='bbox 1737 1577 2007 1636; x_wconf 89' lang='lat' dir='ltr'>confluant,</span> <span class='ocrx_word' id='word_1_194' title='bbox 2057 1576 2209 1625; x_wconf 87' lang='lat' dir='ltr'>altero</span> <span class='ocrx_word' id='word_1_195' title='bbox 2249 1575 2390 1623; x_wconf 92' lang='lat' dir='ltr'>nobis</span> <span class='ocrx_word' id='word_1_196' title='bbox 2428 1572 2489 1621; x_wconf 88' lang='lat' dir='ltr'>ad</span> 
     </span>
     <span class='ocr_line' id='line_1_21' title="bbox 249 1647 2492 1712; baseline -0.002 -15"><span class='ocrx_word' id='word_1_197' title='bbox 249 1647 573 1707; x_wconf 86' lang='lat' dir='ltr'>occidentem,</span> <span class='ocrx_word' id='word_1_198' title='bbox 624 1647 754 1709; x_wconf 91' lang='lat' dir='ltr'>quod</span> <span class='ocrx_word' id='word_1_199' title='bbox 793 1648 966 1695; x_wconf 78' lang='lat' dir='ltr'>fretum</span> <span class='ocrx_word' id='word_1_200' title='bbox 1006 1649 1385 1711; x_wconf 86' lang='lat' dir='ltr'>Magellanicum</span> <span class='ocrx_word' id='word_1_201' title='bbox 1425 1647 1724 1712; x_wconf 86' lang='lat' dir='ltr'>appellatur,</span> <span class='ocrx_word' id='word_1_202' title='bbox 1773 1649 1924 1698; x_wconf 88' lang='lat' dir='ltr'>altero</span> <span class='ocrx_word' id='word_1_203' title='bbox 1963 1649 2027 1699; x_wconf 85' lang='lat' dir='ltr'>ad</span> <span class='ocrx_word' id='word_1_204' title='bbox 2067 1652 2321 1704; x_wconf 84' lang='lat' dir='ltr'>orientem,</span> <span class='ocrx_word' id='word_1_205' title='bbox 2370 1648 2492 1693; x_wconf 76' lang='lat' dir='ltr'>inter</span> 
     </span>
     <span class='ocr_line' id='line_1_22' title="bbox 247 1719 2491 1791; baseline -0.001 -23"><span class='ocrx_word' id='word_1_206' title='bbox 247 1734 425 1770; x_wconf 86' lang='lat' dir='ltr'>novam</span> <span class='ocrx_word' id='word_1_207' title='bbox 466 1719 706 1768; x_wconf 85' lang='lat' dir='ltr'>Guineam</span> <span class='ocrx_word' id='word_1_208' title='bbox 753 1727 800 1768; x_wconf 89' lang='lat' dir='ltr'>et</span> <span class='ocrx_word' id='word_1_209' title='bbox 845 1719 1124 1770; x_wconf 88' lang='lat' dir='ltr'>Moluccas:</span> <span class='ocrx_word' id='word_1_210' title='bbox 1183 1722 1333 1770; x_wconf 87' lang='lat' dir='ltr'>Terra</span> <span class='ocrx_word' id='word_1_211' title='bbox 1382 1723 1527 1784; x_wconf 85' lang='lat' dir='ltr'>igitur</span> <span class='ocrx_word' id='word_1_212' title='bbox 1581 1721 1812 1771; x_wconf 87' lang='lat' dir='ltr'>dividitur</span> <span class='ocrx_word' id='word_1_213' title='bbox 1859 1724 1921 1789; x_wconf 82' lang='lat' dir='ltr'>ab</span> <span class='ocrx_word' id='word_1_214' title='bbox 1973 1737 2156 1771; x_wconf 86' lang='lat' dir='ltr'>oceano</span> <span class='ocrx_word' id='word_1_215' title='bbox 2205 1723 2256 1791; x_wconf 65' lang='lat' dir='ltr'>in</span> <span class='ocrx_word' id='word_1_216' title='bbox 2307 1725 2491 1784; x_wconf 87' lang='lat' dir='ltr'>partem</span> 
     </span>
     <span class='ocr_line' id='line_1_23' title="bbox 248 1792 2554 1878; baseline -0.001 -36"><span class='ocrx_word' id='word_1_217' title='bbox 248 1792 675 1858; x_wconf 84' lang='lat' dir='ltr'>septentrionalem</span> <span class='ocrx_word' id='word_1_218' title='bbox 713 1795 971 1856; x_wconf 80' lang='lat' dir='ltr'>cognitam,</span> <span class='ocrx_word' id='word_1_219' title='bbox 1012 1800 1061 1843; x_wconf 91' lang='lat' dir='ltr'>et</span> <span class='ocrx_word' id='word_1_220' title='bbox 1098 1794 1362 1865; x_wconf 85' lang='lat' dir='ltr'>australem</span> <span class='ocrx_word' id='word_1_221' title='bbox 1399 1797 1631 1878; x_wconf 84' lang='lat' dir='ltr'>ignotam,</span> <span class='ocrx_word' id='word_1_222' title='bbox 1677 1808 1823 1859; x_wconf 87' lang='lat' dir='ltr'>quam</span> <span class='ocrx_word' id='word_1_223' title='bbox 1860 1794 2081 1859; x_wconf 84' lang='lat' dir='ltr'>similiter</span> <span class='ocrx_word' id='word_1_224' title='bbox 2116 1792 2492 1859; x_wconf 75' lang='lat' dir='ltr'>Magellanicam</span> <span class='ocrx_word' id='word_1_225' title='bbox 2552 1825 2554 1830; x_wconf 84' lang='lat'><em>-</em></span> 
     </span>
     <span class='ocr_line' id='line_1_24' title="bbox 248 1867 2554 1924; baseline -0 -9"><span class='ocrx_word' id='word_1_226' title='bbox 248 1867 464 1916; x_wconf 85' lang='lat' dir='ltr'>dicimus.</span> <span class='ocrx_word' id='word_1_227' title='bbox 2552 1919 2554 1924; x_wconf 18' lang='lat'><strong>¹</strong></span> 
     </span>
     <span class='ocr_line' id='line_1_25' title="bbox 272 1937 2494 2004; baseline -0.002 -16"><span class='ocrx_word' id='word_1_228' title='bbox 272 1940 279 1948; x_wconf 65' lang='lat'><strong>⁴</strong></span> <span class='ocrx_word' id='word_1_229' title='bbox 336 1951 341 1955; x_wconf 86' lang='lat'>·</span> <span class='ocrx_word' id='word_1_230' title='bbox 391 1939 602 1988; x_wconf 84' lang='lat' dir='ltr'>Rursum</span> <span class='ocrx_word' id='word_1_231' title='bbox 653 1952 863 1987; x_wconf 90' lang='lat' dir='ltr'>oceanus</span> <span class='ocrx_word' id='word_1_232' title='bbox 903 1944 1078 1988; x_wconf 84' lang='lat' dir='ltr'>terram</span> <span class='ocrx_word' id='word_1_233' title='bbox 1118 1938 1544 2004; x_wconf 86' lang='lat' dir='ltr'>septentrionalem</span> <span class='ocrx_word' id='word_1_234' title='bbox 1590 1945 1700 2003; x_wconf 88' lang='lat' dir='ltr'>post</span> <span class='ocrx_word' id='word_1_235' title='bbox 1737 1939 2007 1988; x_wconf 89' lang='lat' dir='ltr'>Tartariam</span> <span class='ocrx_word' id='word_1_236' title='bbox 2054 1938 2309 2000; x_wconf 89' lang='lat' dir='ltr'>interfluit,</span> <span class='ocrx_word' id='word_1_237' title='bbox 2365 1937 2494 1986; x_wconf 89' lang='lat' dir='ltr'>divi-</span> 
     </span>
     <span class='ocr_line' id='line_1_26' title="bbox 249 2011 2492 2078; baseline -0.002 -17"><span class='ocrx_word' id='word_1_238' title='bbox 249 2013 369 2078; x_wconf 85' lang='lat' dir='ltr'>dens</span> <span class='ocrx_word' id='word_1_239' title='bbox 401 2027 517 2064; x_wconf 78' lang='lat' dir='ltr'>,eam</span> <span class='ocrx_word' id='word_1_240' title='bbox 555 2013 604 2059; x_wconf 91' lang='lat' dir='ltr'>in</span> <span class='ocrx_word' id='word_1_241' title='bbox 644 2011 763 2060; x_wconf 89' lang='lat' dir='ltr'>duas</span> <span class='ocrx_word' id='word_1_242' title='bbox 805 2013 1121 2072; x_wconf 84' lang='lat' dir='ltr'>continentes,</span> <span class='ocrx_word' id='word_1_243' title='bbox 1162 2014 1413 2075; x_wconf 89' lang='lat' dir='ltr'>antiquam</span> <span class='ocrx_word' id='word_1_244' title='bbox 1452 2019 1500 2061; x_wconf 91' lang='lat' dir='ltr'>et</span> <span class='ocrx_word' id='word_1_245' title='bbox 1536 2027 1728 2073; x_wconf 84' lang='lat' dir='ltr'>novam,</span> <span class='ocrx_word' id='word_1_246' title='bbox 1771 2027 1917 2075; x_wconf 88' lang='lat' dir='ltr'>quam</span> <span class='ocrx_word' id='word_1_247' title='bbox 1953 2011 2224 2062; x_wconf 86' lang='lat' dir='ltr'>Americam</span> <span class='ocrx_word' id='word_1_248' title='bbox 2265 2012 2492 2071; x_wconf 87' lang='lat' dir='ltr'>dicimus;</span> 
     </span>
    </p>
   </div>
   <div class='ocr_carea' id='block_1_4' title="bbox 130 2083 2491 2166">
    <p class='ocr_par' dir='ltr' id='par_1_6' title="bbox 130 2083 2491 2166">
     <span class='ocr_line' id='line_1_27' title="bbox 130 2083 2491 2166; baseline -0.001 -32"><span class='ocrx_word' id='word_1_249' title='bbox 130 2084 142 2155; x_wconf 49' lang='grc' dir='ltr'><em>Ἰ</em></span> <span class='ocrx_word' id='word_1_250' title='bbox 210 2118 217 2124; x_wconf 90' lang='grc'><strong>-</strong></span> <span class='ocrx_word' id='word_1_251' title='bbox 249 2099 459 2166; x_wconf 88' lang='lat' dir='ltr'>oceanus</span> <span class='ocrx_word' id='word_1_252' title='bbox 496 2086 642 2147; x_wconf 88' lang='lat' dir='ltr'>igitur</span> <span class='ocrx_word' id='word_1_253' title='bbox 680 2090 776 2133; x_wconf 90' lang='lat' dir='ltr'>tres</span> <span class='ocrx_word' id='word_1_254' title='bbox 802 2083 978 2133; x_wconf 88' lang='lat' dir='ltr'>Terrae</span> <span class='ocrx_word' id='word_1_255' title='bbox 1018 2086 1346 2147; x_wconf 81' lang='lat' dir='ltr'>continenteS,</span> <span class='ocrx_word' id='word_1_256' title='bbox 1386 2085 1539 2134; x_wconf 82' lang='lat' dir='ltr'>veluti</span> <span class='ocrx_word' id='word_1_257' title='bbox 1578 2092 1673 2134; x_wconf 88' lang='lat' dir='ltr'>tres</span> <span class='ocrx_word' id='word_1_258' title='bbox 1710 2087 1932 2148; x_wconf 88' lang='lat' dir='ltr'>ingentes</span> <span class='ocrx_word' id='word_1_259' title='bbox 1968 2083 2491 2135; x_wconf 85' lang='lat' dir='ltr'>insulas-circumfluit.</span> 
     </span>
    </p>
   </div>
   <div class='ocr_carea' id='block_1_5' title="bbox 174 2155 2554 3895">
    <p class='ocr_par' dir='ltr' id='par_1_7' title="bbox 248 2155 2554 2735">
     <span class='ocr_line' id='line_1_28' title="bbox 340 2155 2493 2227; baseline -0.001 -20.929"><span class='ocrx_word' id='word_1_260' title='bbox 340 2155 554 2206; x_wconf 87' lang='lat' dir='ltr'>Tertio</span> <span class='ocrx_word' id='word_1_261' title='bbox 594 2158 893 2207; x_wconf 87' lang='lat' dir='ltr'>continentes</span> <span class='ocrx_word' id='word_1_262' title='bbox 931 2159 1053 2206; x_wconf 89' lang='lat' dir='ltr'>istae</span> <span class='ocrx_word' id='word_1_263' title='bbox 1093 2160 1183 2206; x_wconf 83' lang='lat' dir='ltr'>etsi</span> <span class='ocrx_word' id='word_1_264' title='bbox 1222 2164 1336 2207; x_wconf 89' lang='lat' dir='ltr'>sunt</span> <span class='ocrx_word' id='word_1_265' title='bbox 1373 2158 1725 2222; x_wconf 86' lang='lat' dir='ltr'>amplissimae,</span> <span class='ocrx_word' id='word_1_266' title='bbox 1773 2165 1935 2208; x_wconf 87' lang='lat' dir='ltr'>tamen</span> <span class='ocrx_word' id='word_1_267' title='bbox 1973 2172 2182 2227; x_wconf 85' lang='lat' dir='ltr'>oceanus</span> <span class='ocrx_word' id='word_1_268' title='bbox 2220 2173 2272 2206; x_wconf 91' lang='lat' dir='ltr'>se</span> <span class='ocrx_word' id='word_1_269' title='bbox 2308 2159 2370 2205; x_wconf 87' lang='lat' dir='ltr'>iis</span> <span class='ocrx_word' id='word_1_270' title='bbox 2408 2169 2493 2221; x_wconf 87' lang='lat' dir='ltr'>per</span> 
     </span>
     <span class='ocr_line' id='line_1_29' title="bbox 248 2195 2554 2307; baseline -0.002 -28"><span class='ocrx_word' id='word_1_271' title='bbox 248 2195 410 2307; x_wconf 81' lang='lat' dir='ltr'>partes</span> <span class='ocrx_word' id='word_1_272' title='bbox 448 2232 686 2290; x_wconf 84' lang='lat' dir='ltr'>insinuat,</span> <span class='ocrx_word' id='word_1_273' title='bbox 742 2236 794 2277; x_wconf 92' lang='lat' dir='ltr'>ut</span> <span class='ocrx_word' id='word_1_274' title='bbox 833 2232 998 2292; x_wconf 89' lang='lat' dir='ltr'>quasi</span> <span class='ocrx_word' id='word_1_275' title='bbox 1022 2232 1070 2278; x_wconf 92' lang='lat' dir='ltr'>in</span> <span class='ocrx_word' id='word_1_276' title='bbox 1110 2231 1390 2295; x_wconf 86' lang='lat' dir='ltr'>peninsulas</span> <span class='ocrx_word' id='word_1_277' title='bbox 1430 2230 1732 2293; x_wconf 85' lang='lat' dir='ltr'>dividantur,</span> <span class='ocrx_word' id='word_1_278' title='bbox 1782 2233 1866 2280; x_wconf 83' lang='lat' dir='ltr'>vix</span> <span class='ocrx_word' id='word_1_279' title='bbox 1911 2222 2265 2294; x_wconf 88' lang='lat' dir='ltr'>angustissimis</span> <span class='ocrx_word' id='word_1_280' title='bbox 2303 2228 2491 2279; x_wconf 85' lang='lat' dir='ltr'>isthmis</span> <span class='ocrx_word' id='word_1_281' title='bbox 2551 2263 2554 2269; x_wconf 86' lang='lat'>.</span> 
     </span>
     <span class='ocr_line' id='line_1_30' title="bbox 251 2289 2554 2368; baseline -0.001 -15"><span class='ocrx_word' id='word_1_282' title='bbox 251 2289 579 2354; x_wconf 69' lang='lat' dir='ltr'>cohaerOnteS.</span> <span class='ocrx_word' id='word_1_283' title='bbox 668 2302 778 2351; x_wconf 89' lang='lat' dir='ltr'>Hoc</span> <span class='ocrx_word' id='word_1_284' title='bbox 830 2302 974 2351; x_wconf 90' lang='lat' dir='ltr'>modo</span> <span class='ocrx_word' id='word_1_285' title='bbox 1024 2302 1250 2352; x_wconf 88' lang='lat' dir='ltr'>America</span> <span class='ocrx_word' id='word_1_286' title='bbox 1298 2306 1346 2351; x_wconf 88' lang='lat' dir='ltr'>in</span> <span class='ocrx_word' id='word_1_287' title='bbox 1400 2311 1588 2367; x_wconf 88' lang='lat' dir='ltr'>partem</span> <span class='ocrx_word' id='word_1_288' title='bbox 1644 2303 1907 2354; x_wconf 87' lang='lat' dir='ltr'>australem</span> <span class='ocrx_word' id='word_1_289' title='bbox 1965 2311 2013 2355; x_wconf 89' lang='lat' dir='ltr'>et</span> <span class='ocrx_word' id='word_1_290' title='bbox 2066 2302 2491 2368; x_wconf 89' lang='lat' dir='ltr'>septentrionalem</span> <span class='ocrx_word' id='word_1_291' title='bbox 2551 2330 2554 2339; x_wconf 82' lang='lat'><em>-</em></span> 
     </span>
     <span class='ocr_line' id='line_1_31' title="bbox 252 2375 2554 2445; baseline -0.001 -19"><span class='ocrx_word' id='word_1_292' title='bbox 252 2377 483 2445; x_wconf 7' lang='lat' dir='ltr'>(quarum,</span> <span class='ocrx_word' id='word_1_293' title='bbox 513 2375 598 2425; x_wconf 91' lang='lat' dir='ltr'>illa</span> <span class='ocrx_word' id='word_1_294' title='bbox 635 2375 858 2424; x_wconf 88' lang='lat' dir='ltr'>Peruana</span> <span class='ocrx_word' id='word_1_295' title='bbox 900 2375 1029 2425; x_wconf 89' lang='lat' dir='ltr'>dicta</span> <span class='ocrx_word' id='word_1_296' title='bbox 1068 2383 1155 2438; x_wconf 89' lang='lat' dir='ltr'>est,</span> <span class='ocrx_word' id='word_1_297' title='bbox 1195 2376 1316 2425; x_wconf 88' lang='lat' dir='ltr'>haec</span> <span class='ocrx_word' id='word_1_298' title='bbox 1354 2391 1484 2426; x_wconf 84' lang='lat' dir='ltr'>nova</span> <span class='ocrx_word' id='word_1_299' title='bbox 1519 2375 1778 2444; x_wconf 88' lang='lat' dir='ltr'>Hispania)</span> <span class='ocrx_word' id='word_1_300' title='bbox 1816 2378 1955 2440; x_wconf 89' lang='lat' dir='ltr'>quasi</span> <span class='ocrx_word' id='word_1_301' title='bbox 1994 2376 2196 2426; x_wconf 89' lang='lat' dir='ltr'>diremta</span> <span class='ocrx_word' id='word_1_302' title='bbox 2224 2383 2322 2439; x_wconf 83' lang='lat' dir='ltr'>est3</span> <span class='ocrx_word' id='word_1_303' title='bbox 2361 2376 2491 2425; x_wconf 89' lang='lat' dir='ltr'>anti·</span> <span class='ocrx_word' id='word_1_304' title='bbox 2551 2386 2554 2390; x_wconf 61' lang='lat'><strong><em>⁴</em></strong></span> 
     </span>
     <span class='ocr_line' id='line_1_32' title="bbox 250 2444 2554 2515; baseline -0.001 -18"><span class='ocrx_word' id='word_1_305' title='bbox 250 2451 413 2514; x_wconf 88' lang='lat' dir='ltr'>quitus</span> <span class='ocrx_word' id='word_1_306' title='bbox 451 2464 568 2499; x_wconf 87' lang='lat' dir='ltr'>vero</span> <span class='ocrx_word' id='word_1_307' title='bbox 615 2454 732 2497; x_wconf 88' lang='lat' dir='ltr'>nota</span> <span class='ocrx_word' id='word_1_308' title='bbox 770 2450 1018 2498; x_wconf 89' lang='lat' dir='ltr'>continens</span> <span class='ocrx_word' id='word_1_309' title='bbox 1069 2451 1115 2495; x_wconf 90' lang='lat' dir='ltr'>in</span> <span class='ocrx_word' id='word_1_310' title='bbox 1157 2450 1427 2515; x_wconf 82' lang='lat' dir='ltr'>Europam,</span> <span class='ocrx_word' id='word_1_311' title='bbox 1485 2450 1697 2499; x_wconf 83' lang='lat' dir='ltr'>Africam</span> <span class='ocrx_word' id='word_1_312' title='bbox 1742 2456 1790 2499; x_wconf 88' lang='lat' dir='ltr'>et</span> <span class='ocrx_word' id='word_1_313' title='bbox 1828 2451 2025 2510; x_wconf 85' lang='lat' dir='ltr'>Asiam,</span> <span class='ocrx_word' id='word_1_314' title='bbox 2079 2448 2292 2499; x_wconf 88' lang='lat' dir='ltr'>maribus</span> <span class='ocrx_word' id='word_1_315' title='bbox 2330 2444 2491 2498; x_wconf 76' lang='lat' dir='ltr'>Medi·</span> <span class='ocrx_word' id='word_1_316' title='bbox 2550 2471 2554 2489; x_wconf 69' lang='grc' dir='ltr'><strong><em>ε</em></strong></span> 
     </span>
     <span class='ocr_line' id='line_1_33' title="bbox 249 2519 2492 2586; baseline -0.001 -15"><span class='ocrx_word' id='word_1_317' title='bbox 249 2519 492 2584; x_wconf 89' lang='lat' dir='ltr'>terraneo,</span> <span class='ocrx_word' id='word_1_318' title='bbox 547 2521 720 2582; x_wconf 87' lang='lat' dir='ltr'>Joni0,</span> <span class='ocrx_word' id='word_1_319' title='bbox 772 2527 922 2585; x_wconf 90' lang='lat' dir='ltr'>ponto</span> <span class='ocrx_word' id='word_1_320' title='bbox 976 2522 1167 2570; x_wconf 86' lang='lat' dir='ltr'>Euxino</span> <span class='ocrx_word' id='word_1_321' title='bbox 1217 2530 1264 2571; x_wconf 91' lang='lat' dir='ltr'>et</span> <span class='ocrx_word' id='word_1_322' title='bbox 1300 2522 1495 2584; x_wconf 86' lang='lat' dir='ltr'>Rubr0,</span> <span class='ocrx_word' id='word_1_323' title='bbox 1549 2538 1675 2586; x_wconf 89' lang='lat' dir='ltr'>quae</span> <span class='ocrx_word' id='word_1_324' title='bbox 1725 2530 1838 2571; x_wconf 91' lang='lat' dir='ltr'>sunt</span> <span class='ocrx_word' id='word_1_325' title='bbox 1883 2525 2021 2585; x_wconf 85' lang='lat' dir='ltr'>quasi</span> <span class='ocrx_word' id='word_1_326' title='bbox 2067 2525 2202 2571; x_wconf 89' lang='lat' dir='ltr'>sinus</span> <span class='ocrx_word' id='word_1_327' title='bbox 2250 2522 2398 2575; x_wconf 61' lang='lat' dir='ltr'>unius,</span> <span class='ocrx_word' id='word_1_328' title='bbox 2444 2526 2492 2570; x_wconf 84' lang='lat' dir='ltr'>et</span> 
     </span>
     <span class='ocr_line' id='line_1_34' title="bbox 251 2594 2542 2659; baseline -0.002 -15"><span class='ocrx_word' id='word_1_329' title='bbox 251 2595 469 2658; x_wconf 86' lang='lat' dir='ltr'>ejusdem</span> <span class='ocrx_word' id='word_1_330' title='bbox 508 2597 693 2644; x_wconf 84' lang='lat' dir='ltr'>oceani.</span> <span class='ocrx_word' id='word_1_331' title='bbox 768 2595 897 2658; x_wconf 88' lang='lat' dir='ltr'>Ergo</span> <span class='ocrx_word' id='word_1_332' title='bbox 935 2597 1160 2658; x_wconf 87' lang='lat' dir='ltr'>nuspiam</span> <span class='ocrx_word' id='word_1_333' title='bbox 1201 2595 1455 2646; x_wconf 84' lang='lat' dir='ltr'>Terrarum</span> <span class='ocrx_word' id='word_1_334' title='bbox 1494 2595 1638 2645; x_wconf 84' lang='lat' dir='ltr'>valde</span> <span class='ocrx_word' id='word_1_335' title='bbox 1684 2594 1853 2659; x_wconf 92' lang='lat' dir='ltr'>procul</span> <span class='ocrx_word' id='word_1_336' title='bbox 1891 2597 2076 2654; x_wconf 79' lang='lat' dir='ltr'>absunt¹</span> <span class='ocrx_word' id='word_1_337' title='bbox 2106 2597 2248 2644; x_wconf 90' lang='lat' dir='ltr'>unius</span> <span class='ocrx_word' id='word_1_338' title='bbox 2286 2601 2334 2645; x_wconf 90' lang='lat' dir='ltr'>et</span> <span class='ocrx_word' id='word_1_339' title='bbox 2371 2607 2491 2643; x_wconf 90' lang='lat' dir='ltr'>con·</span> <span class='ocrx_word' id='word_1_340' title='bbox 2540 2630 2542 2634; x_wconf 92' lang='lat'>.</span> 
     </span>
     <span class='ocr_line' id='line_1_35' title="bbox 250 2663 2550 2735; baseline -0.001 -19"><span class='ocrx_word' id='word_1_341' title='bbox 250 2669 370 2717; x_wconf 88' lang='lat' dir='ltr'>tinui</span> <span class='ocrx_word' id='word_1_342' title='bbox 410 2669 578 2717; x_wconf 90' lang='lat' dir='ltr'>oceani</span> <span class='ocrx_word' id='word_1_343' title='bbox 615 2669 763 2716; x_wconf 87' lang='lat' dir='ltr'>sinus.</span> <span class='ocrx_word' id='word_1_344' title='bbox 1154 2679 1156 2681; x_wconf 71' lang='grc'><strong><em>’</em></strong></span> <span class='ocrx_word' id='word_1_345' title='bbox 2321 2726 2327 2735; x_wconf 39' lang='grc'><strong>.</strong></span> <span class='ocrx_word' id='word_1_346' title='bbox 2545 2663 2550 2721; x_wconf 62' lang='grc'>,’</span> 
     </span>
    </p>

    <p class='ocr_par' dir='ltr' id='par_1_8' title="bbox 174 2737 2554 3458">
     <span class='ocr_line' id='line_1_36' title="bbox 302 2737 2493 2804; baseline -0.001 -15"><span class='ocrx_word' id='word_1_347' title='bbox 302 2741 321 2796; x_wconf 70' lang='lat' dir='ltr'>J</span> <span class='ocrx_word' id='word_1_348' title='bbox 393 2740 542 2790; x_wconf 88' lang='lat' dir='ltr'>Hisce</span> <span class='ocrx_word' id='word_1_349' title='bbox 580 2741 649 2789; x_wconf 90' lang='lat' dir='ltr'>sic</span> <span class='ocrx_word' id='word_1_350' title='bbox 686 2740 978 2789; x_wconf 83' lang='lat' dir='ltr'>habentibus</span> <span class='ocrx_word' id='word_1_351' title='bbox 1003 2739 1263 2803; x_wconf 88' lang='lat' dir='ltr'>perpende,</span> <span class='ocrx_word' id='word_1_352' title='bbox 1303 2742 1471 2802; x_wconf 88' lang='lat' dir='ltr'>maria,</span> <span class='ocrx_word' id='word_1_353' title='bbox 1512 2757 1609 2804; x_wconf 89' lang='lat' dir='ltr'>qua</span> <span class='ocrx_word' id='word_1_354' title='bbox 1646 2741 1770 2789; x_wconf 86' lang='lat' dir='ltr'>inter</span> <span class='ocrx_word' id='word_1_355' title='bbox 1806 2755 1858 2789; x_wconf 91' lang='lat' dir='ltr'>se</span> <span class='ocrx_word' id='word_1_356' title='bbox 1895 2742 2112 2803; x_wconf 84' lang='lat' dir='ltr'>proxime</span> <span class='ocrx_word' id='word_1_357' title='bbox 2137 2743 2328 2800; x_wconf 67' lang='lat' dir='ltr'>coeunt,</span> <span class='ocrx_word' id='word_1_358' title='bbox 2356 2737 2493 2787; x_wconf 53' lang='lat' dir='ltr'>&#39;isth-</span> 
     </span>
     <span class='ocr_line' id='line_1_37' title="bbox 174 2810 2492 2878; baseline -0.001 -17"><span class='ocrx_word' id='word_1_359' title='bbox 174 2871 178 2876; x_wconf 29' lang='grc'><em>,</em></span> <span class='ocrx_word' id='word_1_360' title='bbox 253 2813 813 2874; x_wconf 84' lang='lat' dir='ltr'>mis-intercedentibus,</span> <span class='ocrx_word' id='word_1_361' title='bbox 867 2814 1163 2877; x_wconf 84' lang='lat' dir='ltr'>experientia</span> <span class='ocrx_word' id='word_1_362' title='bbox 1201 2820 1323 2862; x_wconf 87' lang='lat' dir='ltr'>teste</span> <span class='ocrx_word' id='word_1_363' title='bbox 1374 2814 1577 2863; x_wconf 86' lang='lat' dir='ltr'>eandem</span> <span class='ocrx_word' id='word_1_364' title='bbox 1617 2813 1830 2863; x_wconf 88' lang='lat' dir='ltr'>obtinere</span> <span class='ocrx_word' id='word_1_365' title='bbox 1877 2812 2225 2878; x_wconf 85' lang='lat' dir='ltr'>propemodum</span> <span class='ocrx_word' id='word_1_366' title='bbox 2271 2810 2492 2860; x_wconf 88' lang='lat' dir='ltr'>altitudi-</span> 
     </span>
     <span class='ocr_line' id='line_1_38' title="bbox 255 2885 2554 2960; baseline -0.001 -26"><span class='ocrx_word' id='word_1_367' title='bbox 255 2903 362 2940; x_wconf 83' lang='lat' dir='ltr'>nem</span> <span class='ocrx_word' id='word_1_368' title='bbox 417 2888 473 2935; x_wconf 81' lang='lat' dir='ltr'>et·</span> <span class='ocrx_word' id='word_1_369' title='bbox 508 2889 599 2946; x_wconf 39' lang='lat' dir='ltr'>sic,</span> <span class='ocrx_word' id='word_1_370' title='bbox 627 2887 788 2936; x_wconf 88' lang='lat' dir='ltr'>omnia</span> <span class='ocrx_word' id='word_1_371' title='bbox 838 2885 986 2934; x_wconf 14' lang='lat' dir='ltr'>,litora</span> <span class='ocrx_word' id='word_1_372' title='bbox 1026 2888 1351 2950; x_wconf 88' lang='lat' dir='ltr'>circumcirca.</span> <span class='ocrx_word' id='word_1_373' title='bbox 1428 2886 1618 2936; x_wconf 87' lang='lat' dir='ltr'>Deinde</span> <span class='ocrx_word' id='word_1_374' title='bbox 1655 2885 1913 2950; x_wconf 89' lang='lat' dir='ltr'>perpende,</span> <span class='ocrx_word' id='word_1_375' title='bbox 1964 2888 2174 2950; x_wconf 85' lang='lat' dir='ltr'>origines</span> <span class='ocrx_word' id='word_1_376' title='bbox 2225 2885 2490 2944; x_wconf 89' lang='lat' dir='ltr'>fluminum,</span> <span class='ocrx_word' id='word_1_377' title='bbox 2541 2925 2554 2960; x_wconf 17' lang='lat'>,-</span> 
     </span>
     <span class='ocr_line' id='line_1_39' title="bbox 252 2958 2554 3022; baseline -0.001 -16"><span class='ocrx_word' id='word_1_378' title='bbox 252 2975 377 3021; x_wconf 88' lang='lat' dir='ltr'>quae</span> <span class='ocrx_word' id='word_1_379' title='bbox 417 2958 465 3007; x_wconf 83' lang='lat' dir='ltr'>in</span> <span class='ocrx_word' id='word_1_380' title='bbox 510 2960 630 3009; x_wconf 90' lang='lat' dir='ltr'>haec</span> <span class='ocrx_word' id='word_1_381' title='bbox 681 2962 834 3007; x_wconf 90' lang='lat' dir='ltr'>maria</span> <span class='ocrx_word' id='word_1_382' title='bbox 884 2974 936 3008; x_wconf 91' lang='lat' dir='ltr'>se</span> <span class='ocrx_word' id='word_1_383' title='bbox 987 2961 1299 3021; x_wconf 87' lang='lat' dir='ltr'>exonerant‚&#39;</span> <span class='ocrx_word' id='word_1_384' title='bbox 1327 2958 1611 3022; x_wconf 85' lang='lat' dir='ltr'>plerumque</span> <span class='ocrx_word' id='word_1_385' title='bbox 1655 2958 1712 3005; x_wconf 90' lang='lat' dir='ltr'>&#39;in</span> <span class='ocrx_word' id='word_1_386' title='bbox 1761 2958 2010 3007; x_wconf 87' lang='lat' dir='ltr'>altissimis</span> <span class='ocrx_word' id='word_1_387' title='bbox 2061 2973 2166 3007; x_wconf 87' lang='lat' dir='ltr'>esse</span> <span class='ocrx_word' id='word_1_388' title='bbox 2216 2959 2493 3019; x_wconf 84' lang='lat' dir='ltr'>intimarum</span> <span class='ocrx_word' id='word_1_389' title='bbox 2539 2963 2554 3020; x_wconf 53' lang='lat' dir='ltr'><em>g</em></span> 
     </span>
     <span class='ocr_line' id='line_1_40' title="bbox 252 3030 2554 3096; baseline -0.001 -16"><span class='ocrx_word' id='word_1_390' title='bbox 252 3034 597 3080; x_wconf 90' lang='lat' dir='ltr'>continentium</span> <span class='ocrx_word' id='word_1_391' title='bbox 635 3033 897 3081; x_wconf 75' lang='lat' dir='ltr'>montibus,</span> <span class='ocrx_word' id='word_1_392' title='bbox 973 3032 1266 3096; x_wconf 88' lang='lat' dir='ltr'>Plerumque</span> <span class='ocrx_word' id='word_1_393' title='bbox 1307 3033 1454 3081; x_wconf 89' lang='lat' dir='ltr'>etiam</span> <span class='ocrx_word' id='word_1_394' title='bbox 1492 3032 1705 3096; x_wconf 74' lang='lat' dir='ltr'>pluriumv</span> <span class='ocrx_word' id='word_1_395' title='bbox 1740 3032 2011 3093; x_wconf 76' lang='lat' dir='ltr'>fluviorum,</span> <span class='ocrx_word' id='word_1_396' title='bbox 2053 3033 2101 3078; x_wconf 92' lang='lat' dir='ltr'>in</span> <span class='ocrx_word' id='word_1_397' title='bbox 2141 3030 2492 3080; x_wconf 83' lang='lat' dir='ltr'>diversissimas</span> <span class='ocrx_word' id='word_1_398' title='bbox 2543 3054 2554 3085; x_wconf 57' lang='grc' dir='ltr'>ς</span> 
     </span>
     <span class='ocr_line' id='line_1_41' title="bbox 258 3103 2521 3169; baseline -0 -18"><span class='ocrx_word' id='word_1_399' title='bbox 258 3105 428 3169; x_wconf 83' lang='lat' dir='ltr'>plagas</span> <span class='ocrx_word' id='word_1_400' title='bbox 469 3104 804 3165; x_wconf 88' lang='lat' dir='ltr'>defluentium,</span> <span class='ocrx_word' id='word_1_401' title='bbox 854 3106 1012 3154; x_wconf 84' lang='lat' dir='ltr'>fontes</span> <span class='ocrx_word' id='word_1_402' title='bbox 1051 3109 1174 3155; x_wconf 88' lang='lat' dir='ltr'>inter</span> <span class='ocrx_word' id='word_1_403' title='bbox 1213 3121 1264 3155; x_wconf 90' lang='lat' dir='ltr'>se</span> <span class='ocrx_word' id='word_1_404' title='bbox 1301 3107 1508 3168; x_wconf 84' lang='lat' dir='ltr'>proximi</span> <span class='ocrx_word' id='word_1_405' title='bbox 1545 3112 1680 3165; x_wconf 80' lang='lat' dir='ltr'>sunt,</span> <span class='ocrx_word' id='word_1_406' title='bbox 1730 3103 1921 3153; x_wconf 89' lang='lat' dir='ltr'>modico</span> <span class='ocrx_word' id='word_1_407' title='bbox 1959 3106 2138 3162; x_wconf 85' lang='lat' dir='ltr'>montis</span> <span class='ocrx_word' id='word_1_408' title='bbox 2183 3103 2305 3166; x_wconf 88' lang='lat' dir='ltr'>jugo</span> <span class='ocrx_word' id='word_1_409' title='bbox 2341 3103 2521 3151; x_wconf 84' lang='lat' dir='ltr'>inter-·</span> 
     </span>
     <span class='ocr_line' id='line_1_42' title="bbox 220 3176 2498 3242; baseline -0.001 -17"><span class='ocrx_word' id='word_1_410' title='bbox 220 3177 467 3237; x_wconf 65' lang='lat' dir='ltr'>cedente.</span> <span class='ocrx_word' id='word_1_411' title='bbox 542 3178 715 3240; x_wconf 89' lang='lat' dir='ltr'>Itaque</span> <span class='ocrx_word' id='word_1_412' title='bbox 753 3177 889 3226; x_wconf 92' lang='lat' dir='ltr'>nulla</span> <span class='ocrx_word' id='word_1_413' title='bbox 928 3177 1104 3228; x_wconf 88' lang='lat' dir='ltr'>Terrae</span> <span class='ocrx_word' id='word_1_414' title='bbox 1142 3195 1254 3242; x_wconf 89' lang='lat' dir='ltr'>pars</span> <span class='ocrx_word' id='word_1_415' title='bbox 1296 3179 1445 3227; x_wconf 87' lang='lat' dir='ltr'>multo</span> <span class='ocrx_word' id='word_1_416' title='bbox 1486 3184 1558 3227; x_wconf 92' lang='lat' dir='ltr'>est</span> <span class='ocrx_word' id='word_1_417' title='bbox 1584 3178 1727 3227; x_wconf 90' lang='lat' dir='ltr'>altior</span> <span class='ocrx_word' id='word_1_418' title='bbox 1762 3177 1961 3224; x_wconf 90' lang='lat' dir='ltr'>summis</span> <span class='ocrx_word' id='word_1_419' title='bbox 1986 3177 2236 3225; x_wconf 89' lang='lat' dir='ltr'>fluminum</span> <span class='ocrx_word' id='word_1_420' title='bbox 2261 3176 2498 3236; x_wconf 57' lang='lat' dir='ltr'>fontibus„</span> 
     </span>
     <span class='ocr_line' id='line_1_43' title="bbox 252 3247 2535 3312; baseline -0.001 -15"><span class='ocrx_word' id='word_1_421' title='bbox 252 3250 302 3312; x_wconf 83' lang='lat' dir='ltr'>Si</span> <span class='ocrx_word' id='word_1_422' title='bbox 334 3253 468 3312; x_wconf 79' lang='lat' dir='ltr'>&#39;ergo</span> <span class='ocrx_word' id='word_1_423' title='bbox 524 3250 681 3299; x_wconf 85' lang='lat' dir='ltr'>fontes</span> <span class='ocrx_word' id='word_1_424' title='bbox 712 3266 826 3299; x_wconf 82' lang='lat' dir='ltr'>non</span> <span class='ocrx_word' id='word_1_425' title='bbox 864 3250 1016 3299; x_wconf 92' lang='lat' dir='ltr'>multo</span> <span class='ocrx_word' id='word_1_426' title='bbox 1057 3260 1169 3300; x_wconf 91' lang='lat' dir='ltr'>sunt</span> <span class='ocrx_word' id='word_1_427' title='bbox 1224 3252 1423 3301; x_wconf 90' lang='lat' dir='ltr'>altiores</span> <span class='ocrx_word' id='word_1_428' title='bbox 1472 3251 1726 3308; x_wconf 91' lang='lat' dir='ltr'>litoribus,</span> <span class='ocrx_word' id='word_1_429' title='bbox 1775 3251 1981 3298; x_wconf 85' lang='lat' dir='ltr'>vertices</span> <span class='ocrx_word' id='word_1_430' title='bbox 2025 3263 2218 3311; x_wconf 89' lang='lat' dir='ltr'>quoque</span> <span class='ocrx_word' id='word_1_431' title='bbox 2256 3250 2501 3309; x_wconf 50' lang='lat' dir='ltr'>montium¹</span> <span class='ocrx_word' id='word_1_432' title='bbox 2534 3247 2535 3250; x_wconf 75' lang='grc'>’</span> 
     </span>
     <span class='ocr_line' id='line_1_44' title="bbox 252 3320 2492 3389; baseline -0.001 -19"><span class='ocrx_word' id='word_1_433' title='bbox 252 3323 594 3371; x_wconf 82' lang='lat' dir='ltr'>altissimorum</span> <span class='ocrx_word' id='word_1_434' title='bbox 631 3337 727 3371; x_wconf 91' lang='lat' dir='ltr'>non</span> <span class='ocrx_word' id='word_1_435' title='bbox 766 3324 918 3372; x_wconf 89' lang='lat' dir='ltr'>multo</span> <span class='ocrx_word' id='word_1_436' title='bbox 959 3327 1257 3389; x_wconf 88' lang='lat' dir='ltr'>superabunt</span> <span class='ocrx_word' id='word_1_437' title='bbox 1286 3324 1490 3374; x_wconf 89' lang='lat' dir='ltr'>eandem</span> <span class='ocrx_word' id='word_1_438' title='bbox 1513 3325 1708 3373; x_wconf 88' lang='lat' dir='ltr'>litorum</span> <span class='ocrx_word' id='word_1_439' title='bbox 1746 3323 1996 3385; x_wconf 87' lang='lat' dir='ltr'>ipsiusque</span> <span class='ocrx_word' id='word_1_440' title='bbox 2025 3322 2150 3372; x_wconf 89' lang='lat' dir='ltr'>adeo</span> <span class='ocrx_word' id='word_1_441' title='bbox 2174 3324 2320 3371; x_wconf 89' lang='lat' dir='ltr'>maris</span> <span class='ocrx_word' id='word_1_442' title='bbox 2344 3320 2492 3374; x_wconf 67' lang='lat' dir='ltr'>undi-,</span> 
     </span>
     <span class='ocr_line' id='line_1_45' title="bbox 253 3395 2553 3458; baseline 0 -14"><span class='ocrx_word' id='word_1_443' title='bbox 253 3410 359 3458; x_wconf 85' lang='lat' dir='ltr'>que.</span> <span class='ocrx_word' id='word_1_444' title='bbox 385 3395 653 3444; x_wconf 88' lang='lat' dir='ltr'>circumfusi</span> <span class='ocrx_word' id='word_1_445' title='bbox 694 3395 1013 3444; x_wconf 88' lang='lat' dir='ltr'>altitudinem.</span> <span class='ocrx_word' id='word_1_446' title='bbox 2552 3398 2553 3401; x_wconf 76' lang='grc'>’</span> 
     </span>
    </p>

    <p class='ocr_par' dir='ltr' id='par_1_9' title="bbox 253 3463 2549 3895">
     <span class='ocr_line' id='line_1_46' title="bbox 388 3463 2490 3533; baseline -0.002 -17"><span class='ocrx_word' id='word_1_447' title='bbox 388 3468 659 3532; x_wconf 42' lang='lat' dir='ltr'>‚Quomodo</span> <span class='ocrx_word' id='word_1_448' title='bbox 708 3469 915 3531; x_wconf 79' lang='lat' dir='ltr'>probas,</span> <span class='ocrx_word' id='word_1_449' title='bbox 965 3471 1126 3533; x_wconf 77' lang='lat' dir='ltr'>fontes</span> <span class='ocrx_word' id='word_1_450' title='bbox 1177 3471 1454 3533; x_wconf 73' lang='lat' dir='ltr'>fluminum</span> <span class='ocrx_word' id='word_1_451' title='bbox 1502 3484 1610 3518; x_wconf 77' lang='lat' dir='ltr'>non</span> <span class='ocrx_word' id='word_1_452' title='bbox 1657 3483 1752 3516; x_wconf 78' lang='lat' dir='ltr'>esse</span> <span class='ocrx_word' id='word_1_453' title='bbox 1801 3468 1962 3516; x_wconf 86' lang='lat' dir='ltr'>multo</span> <span class='ocrx_word' id='word_1_454' title='bbox 1999 3463 2213 3524; x_wconf 50' lang='lat' dir='ltr'>,altiores</span> <span class='ocrx_word' id='word_1_455' title='bbox 2262 3467 2490 3516; x_wconf 79' lang='lat' dir='ltr'>litoribus</span> 
     </span>
     <span class='ocr_line' id='line_1_47' title="bbox 254 3539 2502 3606; baseline -0.002 -17"><span class='ocrx_word' id='word_1_456' title='bbox 254 3541 452 3589; x_wconf 80' lang='lat' dir='ltr'>maris?</span> <span class='ocrx_word' id='word_1_457' title='bbox 524 3541 736 3588; x_wconf 89' lang='lat' dir='ltr'>Primum</span> <span class='ocrx_word' id='word_1_458' title='bbox 773 3545 945 3588; x_wconf 88' lang='lat' dir='ltr'>notant</span> <span class='ocrx_word' id='word_1_459' title='bbox 983 3542 1272 3606; x_wconf 85' lang='lat' dir='ltr'>hydragogi‚</span> <span class='ocrx_word' id='word_1_460' title='bbox 1313 3557 1409 3591; x_wconf 91' lang='lat' dir='ltr'>non</span> <span class='ocrx_word' id='word_1_461' title='bbox 1448 3543 1552 3590; x_wconf 90' lang='lat' dir='ltr'>sine</span> <span class='ocrx_word' id='word_1_462' title='bbox 1588 3541 1802 3604; x_wconf 86' lang='lat' dir='ltr'>periculo</span> <span class='ocrx_word' id='word_1_463' title='bbox 1838 3541 2058 3602; x_wconf 86' lang='lat' dir='ltr'>navigari</span> <span class='ocrx_word' id='word_1_464' title='bbox 2095 3541 2314 3600; x_wconf 88' lang='lat' dir='ltr'>fluvium,</span> <span class='ocrx_word' id='word_1_465' title='bbox 2355 3539 2502 3600; x_wconf 73' lang='lat' dir='ltr'>cnjus.</span> 
     </span>
     <span class='ocr_line' id='line_1_48' title="bbox 253 3610 2500 3677; baseline -0.001 -17"><span class='ocrx_word' id='word_1_466' title='bbox 253 3610 592 3662; x_wconf 84' lang='lat' dir='ltr'>libramentum</span> <span class='ocrx_word' id='word_1_467' title='bbox 631 3614 678 3659; x_wconf 90' lang='lat' dir='ltr'>in</span> <span class='ocrx_word' id='word_1_468' title='bbox 719 3612 936 3663; x_wconf 90' lang='lat' dir='ltr'>ducentis</span> <span class='ocrx_word' id='word_1_469' title='bbox 975 3615 1202 3675; x_wconf 87' lang='lat' dir='ltr'>passibus</span> <span class='ocrx_word' id='word_1_470' title='bbox 1242 3629 1338 3663; x_wconf 91' lang='lat' dir='ltr'>uno</span> <span class='ocrx_word' id='word_1_471' title='bbox 1376 3629 1526 3677; x_wconf 88' lang='lat' dir='ltr'>passu</span> <span class='ocrx_word' id='word_1_472' title='bbox 1564 3614 1871 3676; x_wconf 89' lang='lat' dir='ltr'>deprimatur.</span> <span class='ocrx_word' id='word_1_473' title='bbox 1916 3611 2059 3661; x_wconf 88' lang='lat' dir='ltr'>-Jam</span> <span class='ocrx_word' id='word_1_474' title='bbox 2096 3627 2213 3661; x_wconf 79' lang='lat' dir='ltr'>vero</span> <span class='ocrx_word' id='word_1_475' title='bbox 2259 3612 2500 3674; x_wconf 71' lang='lat' dir='ltr'>pleraqucx</span> 
     </span>
     <span class='ocr_line' id='line_1_49' title="bbox 257 3680 2529 3749; baseline -0.002 -14"><span class='ocrx_word' id='word_1_476' title='bbox 257 3688 473 3735; x_wconf 85' lang='lat' dir='ltr'>maxima</span> <span class='ocrx_word' id='word_1_477' title='bbox 509 3687 657 3733; x_wconf 89' lang='lat' dir='ltr'>totius</span> <span class='ocrx_word' id='word_1_478' title='bbox 697 3686 825 3734; x_wconf 91' lang='lat' dir='ltr'>orbis</span> <span class='ocrx_word' id='word_1_479' title='bbox 864 3686 1062 3735; x_wconf 89' lang='lat' dir='ltr'>flumina</span> <span class='ocrx_word' id='word_1_480' title='bbox 1103 3687 1407 3748; x_wconf 83' lang='lat' dir='ltr'>navigabilia</span> <span class='ocrx_word' id='word_1_481' title='bbox 1444 3692 1584 3749; x_wconf 82' lang='lat' dir='ltr'>sunt3</span> <span class='ocrx_word' id='word_1_482' title='bbox 1621 3687 1809 3734; x_wconf 90' lang='lat' dir='ltr'>nullum</span> <span class='ocrx_word' id='word_1_483' title='bbox 1846 3687 1992 3749; x_wconf 89' lang='lat' dir='ltr'>igitur</span> <span class='ocrx_word' id='word_1_484' title='bbox 2030 3699 2196 3736; x_wconf 87' lang='lat' dir='ltr'>eorum</span> <span class='ocrx_word' id='word_1_485' title='bbox 2233 3692 2319 3743; x_wconf 91' lang='lat' dir='ltr'>est,</span> <span class='ocrx_word' id='word_1_486' title='bbox 2358 3680 2529 3746; x_wconf 73' lang='lat' dir='ltr'>quod»-</span> 
     </span>
     <span class='ocr_line' id='line_1_50' title="bbox 253 3756 2549 3822; baseline -0.002 -14"><span class='ocrx_word' id='word_1_487' title='bbox 253 3774 338 3822; x_wconf 89' lang='lat' dir='ltr'>per</span> <span class='ocrx_word' id='word_1_488' title='bbox 379 3758 585 3808; x_wconf 89' lang='lat' dir='ltr'>ducenta</span> <span class='ocrx_word' id='word_1_489' title='bbox 623 3757 849 3806; x_wconf 90' lang='lat' dir='ltr'>milliaria</span> <span class='ocrx_word' id='word_1_490' title='bbox 885 3761 962 3807; x_wconf 91' lang='lat' dir='ltr'>sui</span> <span class='ocrx_word' id='word_1_491' title='bbox 1013 3774 1182 3808; x_wconf 88' lang='lat' dir='ltr'>cursus</span> <span class='ocrx_word' id='word_1_492' title='bbox 1230 3774 1327 3809; x_wconf 90' lang='lat' dir='ltr'>uno</span> <span class='ocrx_word' id='word_1_493' title='bbox 1364 3758 1558 3808; x_wconf 87' lang='lat' dir='ltr'>milliari</span> <span class='ocrx_word' id='word_1_494' title='bbox 1603 3759 1840 3808; x_wconf 84' lang='lat' dir='ltr'>subsidat.</span> <span class='ocrx_word' id='word_1_495' title='bbox 1914 3757 2103 3807; x_wconf 89' lang='lat' dir='ltr'>Deinde</span> <span class='ocrx_word' id='word_1_496' title='bbox 2149 3756 2498 3820; x_wconf 72' lang='lat' dir='ltr'>perpendatur,2</span> <span class='ocrx_word' id='word_1_497' title='bbox 2543 3811 2549 3822; x_wconf 80' lang='lat'>.</span> 
     </span>
     <span class='ocr_line' id='line_1_51' title="bbox 254 3825 2499 3895; baseline -0.003 -16"><span class='ocrx_word' id='word_1_498' title='bbox 254 3825 444 3881; x_wconf 54' lang='lat' dir='ltr'>fluvios*</span> <span class='ocrx_word' id='word_1_499' title='bbox 476 3832 624 3880; x_wconf 86' lang='lat' dir='ltr'>totius</span> <span class='ocrx_word' id='word_1_500' title='bbox 676 3831 804 3878; x_wconf 87' lang='lat' dir='ltr'>orbis</span> <span class='ocrx_word' id='word_1_501' title='bbox 854 3833 1089 3880; x_wconf 86' lang='lat' dir='ltr'>maximos</span> <span class='ocrx_word' id='word_1_502' title='bbox 1139 3835 1305 3894; x_wconf 85' lang='lat' dir='ltr'>etqui</span> <span class='ocrx_word' id='word_1_503' title='bbox 1346 3832 1601 3895; x_wconf 87' lang='lat' dir='ltr'>plurimum</span> <span class='ocrx_word' id='word_1_504' title='bbox 1641 3828 1891 3892; x_wconf 82' lang='lat' dir='ltr'>Terrarum</span> <span class='ocrx_word' id='word_1_505' title='bbox 1945 3833 2256 3891; x_wconf 80' lang='lat' dir='ltr'>emetiuntur,</span> <span class='ocrx_word' id='word_1_506' title='bbox 2313 3828 2499 3892; x_wconf 84' lang='lat' dir='ltr'>potiori</span> 
     </span>
    </p>
   </div>
  </div>
 </body>
</html>
