2554 4140
192 117 296 168 568
939 107 995 153 In
1023 107 1269 165 Epitomen
1296 94 1448 154 Notae
1474 107 1691 156 Editoris.

191 271 293 312 quas
323 258 516 298 adversus
548 258 778 307 astrologos
819 255 1007 306 scripsit,
1050 267 1103 295 ex
1131 256 1285 308 quibus
1318 256 1550 310 colligitur,
1588 257 1788 299 mundum
1819 270 1888 313 eo,
1933 270 2058 312 quem
2087 259 2210 298 modo
2244 258 2440 312 diximus,

189 319 323 358 multo
353 317 548 364 majorem
579 327 679 355 esse.
738 315 863 355 Ponit
895 315 1018 367 enim,
1048 315 1275 354 inerrantes
1305 314 1475 365 quidem
1506 300 1650 354 stellas
1671 315 1890 368 Solemque
1918 318 2058 368 ipsum
2087 317 2321 357 immobiles
2351 329 2440 356 ma-

190 387 309 428 nere;
341 374 508 413 Terram
537 385 632 412 vero
664 362 915 413 circumferri
943 383 1018 422 per
1047 373 1251 412 ambitum
1283 370 1428 411 circuli
1459 373 1565 410 circa
1596 372 1758 428 Solem,
1797 377 1871 427 qui
1902 380 1963 414 est
1991 376 2037 414 in
2067 375 2204 414 medio
2237 375 2440 414 curriculo

191 435 318 484 situs3
352 431 530 483 denique
561 433 779 482 sphaeram
808 431 1081 470 inerrantium
1111 429 1335 482 stellarum,
1371 433 1489 480 qu'us
1519 430 1633 469 idem
1663 435 1724 469 est
1753 436 1877 484 atque
1908 433 2017 473 Solis
2049 437 2248 487 centrum,
2280 434 2441 482 magni-

190 491 334 530 tudine
365 489 569 538 ejusmodi
601 501 703 543 esse,
734 493 782 528 ut
812 486 1004 541 circulus,
1034 501 1108 540 per
1138 501 1262 541 quem
1290 489 1412 538 ponit
1441 488 1610 528 Terram
1641 489 1905 540 circumferri,
1953 503 2044 530 eam
2062 492 2214 531 habeat
2242 492 2460 530 ιειιίοιιοιιι

190 549 243 588 ad
272 548 518 588 distantiam
546 522 821 587 inerrantium
851 548 1079 599 stellarum,
1110 558 1238 600 quam
1268 547 1462 597 sphaerae
1496 550 1682 586 centrum
1711 547 1839 587 habet
1865 520 1918 588 ad
1949 551 2037 599 ejus
2069 550 2341 600 superficiem.

365 643 434 697 70)
464 654 506 693 p.
537 642 636 681 433.
698 641 986 703 Appendicem
1005 642 1115 681 hanc
1134 639 1360 691 Keplerum
1380 642 1592 682 addidisse
1614 626 1793 683 editioni
1811 643 2222 694 Progymnasmatum
2243 645 2375 696 partis
2398 645 2450 698 1.

187 701 334 741 itidem
363 703 532 741 curante
561 700 740 751 Keplero
770 701 883 751 typis
926 711 1103 739 excusae
1142 711 1250 739 anno
1285 701 1419 753 1602,
1461 700 1643 741 diximus
1673 702 1756 741 vol.
1788 701 1823 743 Ι.
1856 714 1898 750 p.
1931 703 2027 744 191.
2065 704 2287 756 ipsumque
2318 704 2441 753 hujus

189 761 250 800 rei
279 762 428 798 testem
469 758 744 810 produximus
781 760 864 800 vol.
897 759 972 799 III.
1001 770 1044 808 p
1077 760 1176 798 495.
1239 731 1460 809 Append’ix
1499 759 1602 798 haec
1639 760 1768 808 igitur
1809 771 1903 799 cum
1948 761 2004 800 sit
2041 761 2211 812 Kepleri
2253 762 2447 811 operibus

188 817 510 867 adnumeranda,
540 817 759 857 inserenda
775 817 983 856 duximus
994 828 1051 866 ea,
1081 828 1187 866 quae
1208 815 1425 870 Keplerus,
1458 817 1680 873 haereQm
1701 818 1792 858 loco
1822 815 1999 868 locutus,
2030 819 2074 857 in
2103 819 2183 859 hac
2212 820 2442 871 appendice

191 877 320 918 dicit:
363 871 604 917 Postulare
649 872 828 917 videtur
860 871 1029 917 candor
1062 877 1239 925 noster,
1281 847 1427 917 lectoi’·
1454 871 1696 928 benevole,
1737 878 1788 917 ιιι
1817 872 2014 930 paucula
2043 873 2099 919 de
2127 874 2214 920 hoc
2243 875 2377 931 Prog.
2410 875 2446 919 Ι.

191 939 332 983 Tomo
365 937 700 986 admoneamus,
731 950 847 994 quae
878 942 924 982 et
954 937 1012 982 ad
1042 942 1167 982 tuam
1196 937 1418 994 notitiam,
1451 942 1498 982 et
1528 937 1586 983 ad
1617 907 1814 982 offi’cium
1843 943 2046 982 nostrum
2076 939 2300 996 pertinere
2332 939 2447 985 arbi-

186 996 371 1050 tramur.
431 1003 616 1049 Etenim
654 1004 890 1048 certiorem
919 1008 966 1048 te
1014 1002 1225 1055 facimus,
1274 1003 1361 1047 etsi
1403 1003 1572 1060 passim
1606 1016 1663 1048 ex
1692 1004 1794 1060 ipsa
1823 1003 2015 1048 lectione
2046 1011 2276 1061 appareat,
2308 1005 2447 1062 scrip-

191 1078 288 1119 tum
319 1083 420 1125 esse
449 1071 574 1116 hunc
601 1070 766 1115 librum
796 1070 916 1114 inter
946 1080 1114 1113 annum
1143 1068 1260 1114 1582
1292 1074 1338 1113 et
1367 1069 1495 1125 1592,
1527 1067 1717 1113 subinde
1746 1074 1897 1113 tamen
1928 1069 2101 1126 aliquid
2138 1070 2280 1114 fuisse
2323 1069 2447 1114 addi-

188 1144 299 1201 tum,
342 1136 531 1195 paginas
567 1135 742 1192 aliquas
780 1147 989 1192 recusas,
1036 1134 1150 1180 adeo
1182 1139 1234 1180 ιιι
1263 1135 1415 1181 videri
1434 1135 1580 1192 possit
1609 1147 1775 1191 parens
1813 1140 1969 1179 noster
2007 1134 2287 1191 potissimam
2323 1134 2448 1179 illius

193 1203 412 1261 temporis
443 1205 635 1259 partem,
668 1213 726 1245 ex
758 1214 848 1257 quo
879 1213 998 1245 nova
1030 1199 1176 1257 stella,
1208 1201 1455 1258 praecipua
1484 1201 1620 1258 hujus
1650 1201 1754 1246 libri
1782 1201 1992 1259 materia,
2036 1201 2188 1245 illuxit
2217 1211 2362 1257 usque
2392 1199 2451 1244 ad

198 1274 450 1316 extremum
481 1266 601 1311 vitae
634 1266 765 1320 diem,
795 1272 1114 1324 praeterquam
1144 1267 1267 1324 quod
1297 1267 1387 1313 alia
1416 1269 1501 1314 sub
1530 1268 1736 1312 manibus
1766 1265 1940 1325 habuit,
1969 1267 2109 1324 hujus
2140 1278 2320 1325 quoque
2349 1264 2452 1309 libri

193 1336 438 1394 scriptione
469 1332 761 1388 transegisse.
825 1333 958 1389 Quod
988 1334 1065 1379 alii
1096 1334 1229 1379 aliter
1259 1334 1477 1390 fortasse,
1519 1347 1603 1379 nos
1641 1338 1708 1378 ita
1743 1333 2113 1391 interpretamur,
2151 1338 2203 1377 ut
2234 1345 2291 1376 ex
2321 1345 2374 1376 eo
2406 1337 2453 1377 et

192 1415 413 1453 summum
443 1400 491 1459 in
520 1403 624 1456 ipso
658 1398 862 1445 veritatis
893 1413 1091 1445 amorem
1123 1404 1168 1444 et
1197 1399 1285 1444 vim
1318 1399 1543 1456 quandam
1572 1399 1656 1444 fati
1688 1411 2008 1455 agnoscamus,
2041 1411 2231 1454 quorum
2261 1397 2338 1441 ille
2367 1411 2451 1454 pa·

192 1472 297 1527 lam,
327 1468 441 1512 haec
471 1469 648 1511 secreto
677 1469 905 1511 tantarum
936 1479 1164 1511 morarum
1197 1478 1338 1510 causa
1366 1467 1518 1510 fuerit.
1579 1464 1643 1508 Et
1681 1463 1737 1508 de
1777 1464 1918 1521 priori
1956 1465 2136 1521 quidem
2173 1463 2302 1508 initio
2333 1462 2452 1508 dice·

190 1548 306 1592 mus,
338 1533 395 1577 de
426 1531 570 1577 altero
601 1530 648 1574 ιιι
677 1530 781 1576 fine.
842 1531 955 1576 Cum
985 1531 1104 1577 enim
1133 1532 1180 1575 ιιι
1200 1531 1286 1575 hac
1307 1530 1494 1577 coelesti
1514 1529 1723 1577 machina
1751 1529 2052 1575 inexhaustus
2073 1529 2257 1586 quidam
2277 1527 2453 1584 sapien·

194 1602 285 1648 tiae
316 1598 494 1643 divinae
523 1596 768 1641 thesaurus
797 1595 940 1642 lateat
970 1597 1262 1643 absconditus
1301 1609 1355 1642 ac
1394 1597 1441 1642 ιιι
1481 1609 1535 1642 eo
1575 1595 1775 1641 eruendo
1817 1608 2049 1651 nunquam
2079 1593 2301 1638 cessarint
2329 1592 2452 1638 illius

194 1678 352 1715 curae:
404 1662 573 1708 factum
605 1667 688 1719 est,
719 1667 772 1707 ut
801 1663 920 1708 inter
950 1663 1324 1709 conscribendum
1354 1669 1401 1709 et
1431 1662 1743 1709 excudendum
1779 1661 1902 1706 hunc
1946 1660 2111 1706 librum
2142 1658 2332 1705 subinde
2363 1658 2453 1704 alia

192 1738 330 1789 atque
361 1728 468 1781 alia,
514 1727 678 1784 partim
716 1727 850 1785 plane
891 1742 1028 1805 nova,
1074 1730 1240 1787 partim
1270 1742 1298 1773 a
1327 1729 1552 1786 prioribus
1581 1727 1718 1785 paulo
1760 1726 1937 1771 diversa
1976 1724 2286 1770 invenirentur
2313 1724 2450 1782 inque

192 1799 342 1843 lucem
372 1780 697 1853 proferrentur,
741 1807 858 1850 quae
894 1796 997 1853 ipsa
1027 1808 1207 1871 quoque
1247 1793 1671 1853 comprehendenda
1702 1791 1860 1837 eodem
1903 1789 2131 1836 volumine
2161 1788 2356 1843 censuit,
2395 1801 2453 1835 ne

195 1863 267 1909 vel
297 1861 519 1911 delusisse
548 1860 767 1906 lectorem
797 1862 869 1906 vel
888 1856 1045 1908 eidem
1076 1861 1307 1920 quippiam
1338 1861 1553 1906 invidisse
1583 1857 1957 1903 videretur.1ta
1986 1855 2169 1908 factum,
2201 1859 2253 1899 ιιι
2282 1868 2383 1900 cum
2413 1868 2455 1900 a.

198 1928 323 1974 1572.
356 1926 695 1972 observationes
736 1926 895 1972 stellae
927 1928 1154 1984 coepisset
1194 1928 1459 2004 consignare
1490 1932 1536 1972 et
1566 1940 1607 1971 a
1643 1922 2004 1971 1573.11ibellum
2035 1922 2091 1967 de
2138 1921 2224 1965 hac
2255 1920 2303 1965 ιιι
2342 1920 2455 1978 pub-

199 1995 334 2040 licum
364 1993 601 2048 emisisset,
634 2006 726 2038 non
756 1998 906 2039 tamen
938 1993 1024 2038 sibi
1054 1993 1327 2038 satisfecerit
1355 1995 1467 2050 ipse,
1508 1993 1617 2051 quin
1646 1991 1768 2036 hunc
1795 1989 1997 2035 laborem
2038 1992 2145 2045 post
2175 1986 2349 2043 aliquot
2378 1999 2454 2031 an·
2509 2007 2513 2010 ⁴
2552 1999 2554 2002 ⁴

199 2074 284 2106 nos
314 2063 586 2116 resumeret,
624 2063 868 2115 postquam
892 2058 987 2114 jam
1020 2062 1065 2102 et
1094 2058 1246 2103 sedem
1280 2058 1581 2103 astronomiae
1611 2056 1921 2104 constituisset
1965 2059 2011 2099 et
2047 2055 2347 2098 instrumenta
2377 2063 2454 2095 ex-

194 2125 490 2185 quisitissima
517 2124 798 2169 restituendo
819 2125 938 2170 Solis
967 2124 1112 2168 motui
1140 2123 1423 2180 fixarumque
1452 2123 1566 2168 locis
1587 2126 1909 2179 comparasset
1968 2119 2161 2164 Omnino
2183 2117 2301 2162 enim
2331 2115 2455 2160 hisce

197 2189 502 2238 fundamentis
531 2190 599 2235 uti
631 2195 854 2235 statuerat
884 2191 940 2235 ad
971 2189 1087 2234 tanti
1118 2188 1309 2233 aedificii
1339 2195 1633 2242 structuram,
1671 2187 1790 2233 tanti
1832 2200 1894 2231 sc
1924 2184 2127 2231 miraculi
2157 2183 2347 2230 solidam
2378 2194 2454 2226 ex·

200 2258 533 2323 plicationem
564 2256 653 2302 Ubi
678 2256 774 2312 Jam
804 2255 918 2300 liber
946 2268 1062 2313 pene
1094 2260 1216 2300 esset
1237 2267 1444 2304 excusus,
1476 2254 1583 2312 quia
1612 2254 1785 2299 interea
1815 2252 1872 2297 ad
1892 2253 1981 2299 800
2000 2250 2116 2295 fixas
2145 2247 2454 2305 instrumentis

206 2325 301 2370 suis
333 2326 517 2380 ceperat
548 2326 594 2367 et
634 2321 806 2367 calculo
846 2320 1175 2376 triangulorum
1207 2333 1290 2364 sua
1327 2320 1419 2365 illis
1459 2319 1562 2365 loca
1602 2321 1877 2376 assignarat,
1922 2318 1977 2362 iis
2015 2328 2195 2374 quoque
2233 2313 2457 2360 universis

197 2397 317 2443 (cum
347 2399 522 2446 paucae
553 2385 610 2431 ad
638 2386 895 2431 institutum
927 2385 1136 2431 sufficere
1165 2387 1438 2444 potuissent)
1467 2387 1555 2432 hoc
1586 2399 1701 2444 opus
1732 2397 1950 2430 exornare
1971 2383 2149 2439 statuit3
2181 2382 2336 2437 itaque
2357 2393 2459 2425 cum

201 2454 400 2513 spatium
430 2451 522 2498 illic
549 2451 807 2508 reliquisset
839 2451 953 2495 duos
985 2452 1320 2509 quaterniones,
1352 2451 1539 2509 duplum
1569 2458 1731 2509 postea
1758 2451 1879 2509 fecit,
1913 2450 1978 2495 sic
1998 2455 2049 2495 ut
2070 2448 2272 2506 singulae
2299 2449 2457 2493 literae

198 2518 320 2576 KK,
351 2518 440 2565 ΒΕ
483 2516 684 2573 Singulos
722 2517 942 2563 haberent
979 2517 1262 2562 oeterniones
1306 2518 1423 2574 (folia
1453 2522 1683 2563 257—272
1730 2519 1896 2570 singula
1938 2531 2022 2559 uno
2070 2523 2242 2558 tantun*
2281 2527 2453 2557 numero

198 2591 366 2640 signata
397 2584 524 2641 sunt).
582 2583 626 2628 N
629 2596 679 2628 ec
720 2583 995 2638 dubitamuS,
1039 2583 1144 2638 quia
1172 2583 1471 2630 millenarium
1509 2584 1683 2629 interea
1727 2581 1989 2640 complevit,
2034 2580 2232 2638 reliquas
2273 2591 2453 2655 quoque
2519 2599 2522 2601 >

187 2654 288 2700 -200
317 2650 527 2709 (maxima
558 2662 614 2694 ex
644 2654 794 2706 parte
803 2649 1033 2700 informes)
1075 2648 1358 2705 adJecturum
1396 2649 1550 2707 fuisse,
1591 2650 1631 2695 si
1659 2648 1870 2706 vixisset3
1912 2647 2034 2706 quod
2064 2645 2194 2691 nobis
2226 2645 2311 2689 hac
2342 2645 2454 2714 vice,

203 2732 261 2765 ne
291 2717 569 2774 exemplaria
598 2717 716 2761 inter
747 2729 796 2761 se
827 2716 1160 2772 discreparent,
1194 2715 1489 2761 omittendum
1519 2729 1621 2761 esse
1650 2715 1922 2773 putavimus.
1984 2714 2046 2758 Et
2075 2713 2122 2757 in
2154 2723 2319 2770 genere
2361 2727 2452 2758 mo-

199 2787 266 2832 les
298 2785 398 2843 ipsa
430 2787 476 2828 et
505 2783 753 2840 amplitudo
784 2782 999 2828 materiae
1030 2782 1178 2841 coegit
1207 2783 1357 2840 ipsum
1400 2782 1456 2838 (si
1485 2782 1618 2828 modo
1657 2780 1795 2826 vellet
1825 2786 1876 2825 ut
1907 2792 2072 2837 operae
2102 2779 2456 2836 typographicae
2501 2819 2506 2823 .

200 2863 292 2896 una
330 2849 668 2907 procederent),
715 2853 911 2904 quatuor
950 2847 1090 2892 initiis
1134 2847 1347 2906 progredi
1391 2848 1596 2906 interque
1629 2861 1683 2892 ea
1721 2847 1965 2904 alphabeta
2009 2845 2220 2891 dividere.
2282 2845 2455 2891 Eorum
2527 2889 2529 2891 ,

201 2916 395 2973 primum
425 2921 496 2959 est
527 2927 625 2971 cap.
657 2914 692 2971 I,
725 2913 974 2960 secundum
1007 2926 1103 2970 cap.
1134 2914 1192 2970 ΙΙ,
1223 2914 1406 2958 tertium
1437 2914 1483 2957 in
1514 2918 1642 2971 parte
1674 2913 1816 2958 altera
1845 2912 1968 2968 libri,
2011 2918 2220 2970 quartum
2251 2914 2298 2959 in
2327 2918 2457 2970 parte

198 2982 349 3026 tertia.
408 2979 527 3024 Hinc
546 2979 728 3032 factum,
759 2983 811 3023 ut
837 2979 1039 3034 quamvis
1059 2978 1187 3023 initio
1207 2992 1297 3023 non
1311 2983 1529 3023 statueret
1543 2979 1631 3023 hoc
1655 2977 1772 3024 libro
1785 2978 1839 3023 de
1854 2978 1987 3022 Luna
2000 2990 2057 3022 ex
2078 2978 2286 3034 professo
2303 2990 2452 3036 agere,
2494 2980 2506 3006 ⁷

199 3051 364 3101 tamen,
397 3059 499 3090 cum
523 3043 732 3090 absoluta
750 3044 1175 3089 restitutione-Solis
1207 3051 1498 3101 superessent
1528 3045 1574 3089 in
1591 3044 1834 3102 alphabeto
1851 3044 2043 3101 paginae
2063 3043 2239 3099 aliquot
2260 3045 2456 3090 interea·
2503 3084 2508 3088 .

205 3124 292 3168 que
312 3110 359 3154 in
372 3111 504 3155 Luna
534 3110 829 3155 succederent
847 3122 1027 3172 operae,
1058 3109 1154 3153 visa
1182 3108 1251 3153 illi
1281 3115 1350 3153 est
1370 3109 1605 3165 praeclara
1634 3123 1722 3166 res,
1755 3109 1847 3155 Soli
1878 3122 2076 3155 sororem
2092 3110 2269 3155 Lunam
2299 3111 2458 3168 adJun·

206 3189 310 3233 gere
341 3183 477 3233 atque
507 3181 558 3220 ut
588 3177 784 3233 spatium
815 3181 937 3221 esset
967 3182 1038 3220 sat
1067 3175 1277 3233 amplum,
1310 3188 1367 3219 ex
1398 3175 1768 3231 quaternionibus
1788 3177 1834 3221 P
1834 3176 1954 3234 ‚Q,R
1983 3175 2146 3232 singuli
2175 3178 2458 3224 octerniones

204 3248 311 3288 sunt
339 3242 466 3300 facti,
511 3243 745 3299 quaternio
786 3256 903 3288 unus
941 3242 1128 3318 insuper
1156 3242 1337 3288 additus
1367 3248 1505 3338 atque
1547 3242 1658 3287 ordo
1690 3243 1960 3300 cyphrarum
1990 3255 2074 3299 per
2101 3243 2146 3288 P
2176 3248 2222 3287 et
2253 3243 2292 3301 Q
2321 3243 2457 3288 inter-

205 3312 384 3364 ruptus

380 3364 526 3421 Quare
554 3365 697 3412 lector
726 3378 890 3423 aeque,
932 3367 970 3412 si
1000 3366 1078 3411 fol.
1114 3366 1221 3422 245,
1253 3366 1359 3422 460,
1392 3366 1503 3423 474,
1533 3366 1618 3410 475
1651 3370 1730 3411 aut
1760 3365 1866 3410 alibi
1902 3378 1994 3410 non
2022 3364 2312 3422 undiquaque
2341 3352 2466 3410 sum·¹
2496 3399 2498 3401 >

209 3445 330 3478 mum
361 3443 630 3476 consensum
659 3433 855 3479 fortasse
885 3433 1108 3490 repereris
1139 3445 1242 3476 cum
1273 3445 1370 3489 cap.
1399 3433 1459 3476 II.
1490 3437 1620 3489 parte
1651 3432 1806 3486 altera,
1838 3430 1915 3476 ubi
1944 3431 2001 3476 de
2031 3431 2220 3476 Lunaris
2252 3427 2462 3476 curriculi

130 3520 132 3523 ·
211 3497 497 3544 restitutione
528 3510 586 3541 ex
614 3498 819 3554 professo
850 3500 998 3556 agitur
1031 3497 1248 3555 (quamvis
1279 3498 1407 3543 nobis
1439 3497 1494 3541 de
1526 3495 1930 3551 discordia-aliqua
1960 3509 2051 3541 non
2072 3496 2277 3551 constet),
2308 3493 2460 3539 memi-

213 3560 348 3620 neris,
379 3562 495 3606 haec
524 3563 748 3618 posterius
782 3564 1013 3610 elaborata
1043 3569 1089 3608 et
1117 3564 1403 3621 perfectiora,
1434 3564 1514 3608 illa
1544 3564 1632 3608 alio
1664 3562 1768 3608 libri
1796 3562 2046 3618 proposito,
2075 3556 2215 3618 priori
2244 3567 2459 3617 tempore,

210 3629 355 3674 obiter
385 3631 431 3671 et
459 3626 763 3685 perfunctorie
794 3628 914 3673 dicta
946 3641 1057 3676 esse,
1089 3642 1176 3674 nec
1206 3629 1459 3686 oportuisse
1490 3637 1676 3687 propter
1706 3635 1844 3687 unum
1875 3632 1921 3671 et
1942 3626 2133 3672 alterum
2154 3625 2339 3671 verbum
2367 3637 2460 3670 non

210 3689 275 3740 ita
304 3692 454 3749 magni
474 3691 688 3736 momenti
717 3695 860 3736 totam
888 3691 1111 3751 paginam,
1146 3695 1194 3740 in
1223 3694 1417 3751 plurima
1446 3694 1722 3752 exemplaria
1748 3692 2112 3750 multiplicatam,
2150 3692 2322 3748 tollere,
2356 3693 2477 3736 cum'

213 3759 358 3806 tribus
387 3754 535 3814 verbis
566 3756 620 3801 ad
650 3756 818 3802 calcem
862 3771 914 3803 ea
951 3758 1007 3803 de
1042 3773 1091 3804 re
1128 3760 1300 3806 moneri
1335 3760 1481 3805 lector
1515 3760 1681 3817 possit;
1730 3757 1851 3816 quod
1890 3757 2044 3817 utique
2082 3757 2265 3804 fecisset
2292 3767 2458 3815 parens
2482 3753 2492 3764 ⁸

211 3830 378 3881 noster,
409 3823 448 3871 si
479 3821 815 3884 supervixisset,
850 3836 932 3869 nos
957 3824 1053 3881 jam
1081 3825 1227 3884 ipsius
1256 3824 1358 3872 loco
1388 3824 1593 3872 facimus,
1638 3836 1645 3839 “
