2554 4140
270 132 368 180 124
1097 128 1331 186 Epitomes
1361 128 1675 175 Astronomiae

264 280 311 322 et
348 275 766 324 constellationum
804 291 890 326 seu
927 279 1286 328 asterismorum
1322 277 1589 340 amplitudo
1624 278 1848 326 immanis
1897 277 2087 326 videtur
2119 278 2262 341 juxta
2298 283 2502 335 montes),

266 347 386 395 adeo
438 354 491 394 ut
540 350 619 395 vix
659 357 1007 412 agnoscantur,
1060 358 1319 414 postquam
1370 354 1419 397 in
1468 350 1619 398 altum
1673 352 1970 412 emerserint,
2020 365 2136 414 prae
2190 351 2504 399 contemtibili

266 422 513 481 angustia„

409 493 484 541 De
526 490 704 542 Orione
742 494 974 557 Virgilius
1049 531 1061 543 .
1137 531 1149 543 .
1225 531 1236 542 .
1313 530 1325 542 .
1402 509 1561 556 quam
1598 509 1816 556 maynus
1858 496 2032 557 Orion,

614 565 740 614 Oum
771 567 919 628 pedes
955 568 1139 616 incedit
1174 567 1327 616 medii
1360 583 1452 630 per
1487 569 1716 616 maxima
1757 567 1909 635 Nerei
2153 629 2157 632 ι

612 638 809 701 Sta-qna
845 643 983 689 viam
1018 640 1258 700 scindens,
1297 641 1504 689 humero
1541 642 1876 701 supereminet
1909 640 2089 689 undas.

409 709 670 759 Stellarum
707 726 820 760 vero
858 714 1155 775 singularum
1194 712 1481 774 corpuscula
1517 718 1803 775 punctorum
1827 709 1976 761 instar
2013 713 2268 762 habentur.
2345 712 2503 760 Diffe-

266 789 374 829 runt
410 788 570 831 tamen
608 784 826 834 claritate
865 794 911 833 et
948 784 1265 847 amplitudine
1305 786 1464 833 diffusi
1501 785 1695 833 luminis
1733 787 1856 833 inter
1892 800 1943 834 se
1983 792 2030 834 et
2066 787 2114 832 in
2154 785 2503 833 mutationibus

265 869 410 903 aurae
448 871 478 904 a
514 871 566 904 se
605 858 723 920 ipsis
752 859 998 920 singulae3
1036 858 1276 920 quaedam
1314 864 1361 907 et
1399 858 1647 907 celerrime
1684 859 1904 920 trajicere
1941 859 2087 920 inque
2125 865 2297 906 terram
2336 856 2513 922 cadere

265 927 502 976 videntur.

415 1001 515 1064 Qui
549 1017 666 1051 vero
703 999 989 1065 diliyentius
1026 1018 1183 1064 quam
1229 1005 1410 1066 vulqus
1448 1004 1712 1063 hominum
1748 1005 1844 1050 ista
1881 1003 2160 1062 observant,
2200 1001 2324 1064 quid
2348 1016 2506 1063 prae-

263 1079 396 1121 terea
434 1076 587 1122 oeulis
624 1075 998 1136 deprehendunt
1031 1078 1086 1123 in
1121 1075 1366 1125 sideribus
1400 1076 1654 1126 notabile?
1707 1076 1920 1123 Primum
1959 1075 2098 1124 facile
2128 1082 2200 1124 est
2237 1075 2504 1123 discernere

264 1147 385 1194 inter
421 1147 588 1195 stellas
627 1147 921 1196 adulterinas
958 1154 1006 1196 et
1045 1163 1198 1197 veras.
1274 1149 1395 1197 Illae
1431 1151 1558 1198 enim
1596 1155 1708 1196 sunt
1746 1155 2112 1197 momentaneae
2159 1162 2247 1196 nec
2286 1146 2508 1215 videntur

265 1219 348 1267 illo
388 1220 434 1265 in
471 1219 579 1268 loco
616 1219 742 1269 unde
779 1227 952 1282 ruunt,
1013 1228 1274 1283 antequam
1314 1224 1548 1285 incipiant
1585 1221 1828 1282 trajicere,
1867 1235 1957 1270 nec
1993 1226 2253 1284 postquam
2291 1219 2510 1281 trajectio

266 1291 421 1351 desiit,
469 1292 552 1341 illo
601 1292 710 1341 loco
752 1293 972 1342 videntur
1009 1294 1240 1356 ampliuS,
1281 1294 1344 1342 ad
1382 1310 1525 1357 quem
1563 1301 1906 1356 pervenerunt,
1952 1309 2059 1342 cum
2096 1309 2122 1341 e
2163 1299 2329 1341 contra
2370 1301 2510 1340 verae

265 1364 435 1413 stellae
473 1366 569 1413 sint
603 1381 853 1428 perennes.
929 1367 1016 1414 Est
1055 1369 1199 1415 etiam
1237 1375 1396 1416 motus
1433 1367 1514 1416 ille
1553 1367 1851 1429 trajectionis
1896 1366 2170 1415 celerrimus
2211 1380 2367 1428 eoque¹
2406 1364 2507 1413 dis-

265 1437 435 1485 similis
486 1442 703 1486 motuum
758 1446 1051 1500 ceterorum,
1101 1443 1183 1502 qui
1221 1454 1317 1488 non
1356 1442 1425 1488 ita
1464 1442 1512 1487 in
1552 1438 1720 1488 oculos
1756 1441 2018 1487 incurrunt:
2092 1439 2166 1486 Ex
2213 1453 2310 1500 qua
2347 1443 2506 1486 motus

265 1510 506 1559 celeritate
545 1517 674 1560 recte
714 1511 1010 1574 colligimus,
1051 1513 1162 1560 illas
1199 1527 1295 1561 non
1332 1515 1455 1562 inter
1493 1527 1633 1562 veras
1669 1511 1836 1561 stellas
1875 1514 1921 1559 in
1960 1512 2186 1571 aethere,
2223 1510 2308 1560 sed
2349 1511 2395 1557 in
2436 1513 2510 1556 in·

264 1584 375 1631 fima
412 1583 577 1631 mundi
613 1586 811 1646 regione
848 1585 1036 1634 incendi
1077 1579 1442 1648 exstinguique;
1493 1588 1657 1648 itaque
1705 1599 1877 1633 nomen
1926 1585 2023 1632 illis
2065 1584 2233 1632 damus
2271 1582 2508 1632 stellae

266 1655 690 1718 trajicientes
728 1664 813 1706 aut
848 1658 1090 1707 stellae
1130 1659 1463 1718 cadenteS‚
1503 1659 1822 1721 exclusasque
1859 1658 1923 1707 ab
1943 1659 2253 1724 astronomia,
2296 1662 2348 1704 ut
2385 1670 2510 1718 quae

263 1728 420 1792 legem
458 1737 618 1778 motus
656 1729 839 1779 nullam
876 1731 1071 1791 habent,
1109 1730 1172 1780 ad
1210 1731 1463 1796 physicam
1500 1733 1883 1780 transmittimus.

403 1802 593 1851 Deinde
616 1805 738 1852 inter
776 1803 884 1852 illas
922 1806 1083 1864 etiam,
1123 1819 1250 1867 quae
1288 1804 1350 1853 ad
1375 1818 1570 1855 sensum
1608 1803 1851 1853 durabiles
1884 1803 2011 1863 sunt,
2050 1801 2402 1866 deprehensum
2440 1806 2511 1850 est

265 1874 356 1923 hoc
395 1874 679 1936 discrimen,
725 1876 855 1940 quod
895 1892 1059 1934 earum
1095 1879 1348 1941 potissima
1385 1893 1496 1941 pars
1536 1877 1740 1927 eundem
1777 1882 2011 1940 perpetuo
2050 1875 2263 1924 ordinem
2303 1876 2426 1923 inter
2461 1887 2513 1922 se
2551 1920 2554 1947 1

264 1953 429 1996 mutuo
469 1955 662 1999 tuentur
699 1963 854 2012 eoque
897 1952 967 2000 sic
1003 1955 1197 2000 servato
1238 1953 1454 1999 oriuntur
1491 1957 1539 1999 et
1577 1949 1802 1999 occidunt
1838 1948 2057 2012 quotidie
2095 1947 2265 1997 iisdem
2305 1949 2353 1995 in
2390 1946 2511 1995 locis
2552 1991 2554 1997 .

265 2023 388 2069 intra
420 2024 560 2070 unius
599 2022 748 2072 seculi
788 2025 1024 2087 spatium,
1065 2038 1250 2087 paucae
1289 2038 1404 2072 vero
1442 2023 1584 2083 aliae,
1624 2023 1716 2072 hoc
1754 2029 1828 2071 est
1866 2023 2079 2085 quinque
2119 2027 2167 2069 et
2204 2025 2340 2069 sexta
2374 2019 2514 2067 Luna

264 2095 465 2156 ipseque
506 2094 590 2143 Sol
627 2098 885 2159 septimuS,
937 2097 1029 2144 etsi
1068 2103 1116 2145 et
1154 2098 1288 2160 ipsae
1329 2110 1435 2145 cum
1484 2096 1722 2160 prioribus
1761 2094 1976 2158 quotidie
2032 2095 2249 2142 oriuntur
2296 2099 2345 2141 et
2383 2093 2513 2142 occi·
2547 2135 2554 2156 1.

266 2166 409 2228 dunt,
473 2170 831 2231 comparatione
879 2176 1040 2218 tamen
1090 2168 1296 2233 plurium
1346 2169 1527 2218 dierum
1580 2167 2000 2233 deprehenduntur
2044 2181 2141 2215 non
2192 2166 2316 2223 tueri
2368 2167 2554 2218 situm}

265 2239 471 2288 eundem
518 2255 676 2303 neque
726 2242 851 2290 inter
898 2256 977 2302 se,
1029 2256 1187 2304 neque
1225 2242 1288 2290 ad
1325 2245 1506 2306 priores
1545 2241 1684 2306 illae,
1736 2256 1826 2290 nec
1872 2239 2042 2290 iisdem
2081 2253 2268 2303 semper
2307 2240 2354 2286 in
2393 2238 2554 2286 locis:

264 2312 528 2362 horizontis
568 2315 782 2362 oriuntur
820 2320 868 2363 et
905 2314 1391 2378 occidunt.1taque
1428 2314 1541 2364 illae
1579 2315 1751 2364 fixae
1791 2313 2027 2373 dicuntur,
2067 2312 2159 2361 hae
2198 2312 2516 2362 erraticae
2541 2308 2554 2364 ,1

265 2387 370 2435 sive
408 2385 735 2449 planetae.
2551 2428 2554 2434 Α

408 2459 466 2506 111
504 2465 708 2522 utroque
747 2474 922 2522 genere
961 2475 1012 2508 se
1051 2475 1239 2508 rursum
1277 2457 1544 2509 admiscent
1581 2459 1883 2509 adulterinae
1919 2456 2206 2517 nonnullae,
2247 2458 2369 2505 inter
2406 2446 2554 2520 pla·
2546 2493 2554 2546 1

264 2539 402 2580 netas
440 2532 612 2582 stellae
653 2534 864 2595 crinitae,
905 2533 1052 2596 vulgo
1092 2539 1392 2594 cometae,
1430 2536 1553 2582 inter
1589 2534 1710 2581 fixas
1747 2531 1917 2582 stellae
1958 2531 2080 2580 adeo
2119 2529 2301 2579 similes
2329 2530 2515 2587 ceteris,
2544 2564 2554 2598 1

267 2611 318 2653 ut
357 2606 441 2652 vix
479 2620 508 2653 a
547 2607 847 2669 peritissimis
885 2608 1174 2654 astronomis
1212 2609 1611 2655 internoscantur.
1686 2606 2037 2654 Discernuntur
2073 2609 2236 2652 tamen
2275 2617 2349 2662 eo,
2388 2599 2554 2664 quod-2

266 2677 459 2726 tandem
499 2685 545 2726 et
583 2680 717 2742 ipsae
757 2680 1004 2743 disparent
1043 2686 1104 2737 et,
1140 2694 1204 2727 ne
1244 2679 1497 2730 videantur
1534 2678 1675 2728 condi
1694 2678 1968 2740 revertique
2007 2682 2062 2725 ut
2090 2681 2294 2736 ceterae,
2333 2654 2554 2731 1111111111ιέ

265 2751 444 2799 habent
486 2753 801 2815 apparitionis
839 2767 957 2800 suae
994 2752 1227 2814 regulam,
1267 2752 1453 2800 nullum
1478 2751 1709 2812 ordinem,
1749 2757 1798 2799 et
1833 2751 2076 2799 rarissime
2110 2756 2222 2812 post
2260 2747 2518 2796 multorum

268 2837 500 2871 annorum
544 2824 766 2888 adeoque
804 2824 1075 2874 seculorum
1123 2824 1379 2874 intervalla
1416 2826 1791 2888 conspiciuntur.
1866 2823 1975 2872 Hae
2014 2824 2129 2896 quia
2161 2821 2519 2884 regularitatem
2539 2832 2551 2882 η

267 2897 481 2958 aliquam
520 2904 677 2945 motus
726 2913 840 2961 prae
879 2913 932 2947 se
968 2898 1126 2946 ferunt
1163 2905 1211 2948 et
1246 2899 1526 2961 regionibus
1573 2911 1669 2945 non
1710 2896 2070 2959 distinguuntur
2108 2910 2138 2943 a
2173 2896 2303 2943 veris
2349 2892 2543 2958 stellis„'

269 2975 316 3017 et
353 2976 512 3017 tamen
549 2972 790 3023 intereunt
829 2973 1159 3034 oriunturque,
1199 2977 1252 3020 ut
1291 2972 1614 3034 trajectiones,
1654 2983 1812 3031 aequo
1845 2969 1954 3031 jure
1991 2967 2054 3017 ad
2080 2968 2334 3032 physicam
2373 2972 2423 3016 et
2457 2963 2542 3048 ad,v

268 3043 613 3090 astronomiam
652 3046 905 3107 pertinent.
2536 3055 2544 3107 ζ

413 3114 576 3163 Tertio
615 3117 677 3164 ad
723 3117 815 3165 hoc
866 3117 1119 3166 discrimen
1170 3117 1416 3166 stellarum
1456 3117 1503 3162 in
1553 3121 1687 3163 motu
1725 3115 2037 3176 consequitur
2078 3113 2226 3162 etiam
2265 3111 2541 3161 discrimen

268 3189 315 3233 in
352 3186 547 3235 luminis
587 3188 820 3238 claritate
897 3189 982 3239 Sol
1021 3192 1147 3239 enirn
1175 3190 1316 3250 diem,
1356 3190 1497 3238 Luna
1529 3194 1721 3236 noctem
1757 3186 1940 3235 lumine
1977 3200 2066 3234 suo
2103 3191 2372 3249 temperant
2412 3191 2520 3232 um·

266 3261 474 3322 brasque
500 3268 773 3309 causantur.
852 3263 1007 3311 Ceteri
1050 3269 1260 3311 errantes
1287 3264 1433 3311 etiam
1472 3260 1653 3310 clarum
1679 3268 1727 3309 et
1763 3258 2003 3322 fulgidum
2027 3265 2077 3307 et
2115 3258 2309 3322 plenum
2335 3257 2518 3306 habent

269 3333 429 3380 lumen
474 3339 525 3380 ut
566 3333 839 3396 plurimum,
879 3342 927 3383 et
965 3335 1188 3396 evidens,
1229 3335 1457 3398 quodque
1496 3336 1642 3383 etiam
1679 3335 1728 3380 in
1767 3332 1899 3381 clara
1935 3345 2110 3380 aurora
2146 3337 2375 3395 apparet,
2414 3329 2522 3382 fixis

271 3412 383 3453 tunc
421 3405 700 3454 latentibus.
779 3407 1008 3456 Comatae
1053 3424 1162 3457 vero
1203 3423 1291 3456 sua
1330 3409 1495 3466 barba,
1537 3409 1666 3455 crine
1702 3417 1790 3455 seu
1829 3404 2000 3464 cauda,
2040 3403 2165 3452 fixae
2200 3417 2358 3452 novae
2397 3415 2520 3451 non-,-

276 3477 437 3526 nullae
477 3480 599 3526 inter
637 3480 774 3526 initia
811 3479 1004 3527 luminis
1043 3473 1269 3530 insolenti
1308 3480 1526 3529 claritate
1564 3496 1594 3527 a
1632 3478 1924 3542 perennibus
1960 3478 2364 3526 internoscuntur.

369 3549 605 3612 Quarto
638 3558 685 3599 et
721 3553 1052 3612 magnitudine
1092 3560 1320 3617 superant
1357 3553 1582 3617 planetae
1618 3553 1740 3599 fixas
1775 3550 2074 3614 plerumque.
2491 3581 2496 3588 -

412 3626 591 3686 Quinto
630 3639 720 3673 nec
746 3626 814 3672 ita
850 3625 1116 3674 scintillant
1139 3627 1381 3689 planetae
1401 3636 1456 3674 ut
1483 3626 1620 3686 fixae,
1659 3624 1744 3672 sed
1772 3623 1850 3672 vel
1886 3622 2028 3686 plane
2055 3621 2190 3682 nihil,
2231 3620 2310 3670 vel
2335 3633 2519 3684 parum

272 3698 349 3746 vel
389 3698 486 3746 alio
526 3703 574 3745 et
612 3697 848 3746 differenti
888 3698 1048 3759 modo,
1090 3701 1172 3761 qui
1211 3700 1351 3747 facile
1390 3699 1596 3748 discerni
1633 3698 1802 3761 possit
2523 3729 2528 3733 -

416 3771 563 3820 Sexto
602 3784 691 3819 nec
729 3770 1008 3819 custodiunt
1043 3771 1266 3834 planetae
1305 3772 1506 3821 eandem
1543 3785 1731 3833 semper
1770 3768 2012 3821 visibilem
2049 3765 2434 3830 magnitudinem
2471 3767 2520 3812 nt

272 3844 410 3899 fixae,
487 3843 616 3894 Solis
655 3842 850 3907 quidem
890 3849 937 3893 et
962 3844 1132 3894 Lunae
1171 3844 1391 3895 diametri
1417 3843 1838 3910 deprehenduntur
1867 3855 1950 3906 per
1986 3840 2186 3890 subtilia
2210 3841 2521 3889 instrumenta
