2560 4100
177 141 183 151 .
211 76 308 171 15st
398 131 404 138 ·
562 120 566 125 ·
684 86 687 146 ᾗ
821 178 826 182 .
858 107 1092 172 Epistolae
1122 107 1308 166 Kepleri
1338 108 1614 165 aliorumque
1642 111 1825 153 mutuae

327 258 545 308 Epitomen
587 258 864 297 astronomiae
910 255 1215 308 Gopernicanae
1251 262 1292 298 te
1332 259 1536 297 adornare
1571 257 1677 295 mihi
1714 257 1871 307 placet3
1922 267 2062 295 verum
2102 259 2223 296 caute
2252 255 2456 305 agendum

208 320 330 370 puto,
374 311 615 366 praesertim
657 319 826 366 propter
867 328 960 369 005,
1007 317 1079 366 qui
1109 327 1185 367 pro
1214 317 1514 371 hypothesibus
1546 315 1713 354 usitatis
1745 314 2016 354 defendendis
2047 316 2220 354 nimium
2250 315 2456 354 laborant.

207 376 290 415 Sed
312 375 374 413 eis
405 372 514 412 haud
546 373 716 423 difficile
747 376 907 414 occurri
940 377 1092 425 potest.
1126 397 1176 403 —
1208 375 1272 414 De
1302 375 1420 413 Luna
1449 385 1556 426 quae
1589 374 1758 422 scribis,
1790 378 1832 411 te
1864 385 2003 412 omnes
2035 376 2122 423 ejus
2153 374 2372 411 varietates
2403 373 2459 410 ad

198 441 384 496 ,030535
391 432 586 481 physicas
616 432 877 480 traduxisse,
908 434 987 472 hoc
1016 444 1099 471 non
1129 433 1254 482 plane
1284 430 1486 480 intelligo.
1546 432 1751 470 Existimo
1783 435 1923 469 autem
1952 432 2020 470 hic
2049 443 2077 470 a
2107 433 2243 470 causis
2273 430 2458 481 physicis

182 484 504 534 abstinendum
534 501 622 529 esse
652 494 694 529 et
706 492 1002 532 astronomica
1032 492 1308 530 astronomice
1338 502 1410 540 per
1449 491 1596 529 causas
1643 493 1683 527 et
1723 490 1971 539 hypotheses
2003 491 2320 542 astronomicas,
2369 499 2455 526 non

91 542 94 546 Δ
167 586 173 591 .
213 546 424 601 physicas,
457 558 545 586 0550
575 549 802 589 tractanda.
865 548 1057 588 Calculus
1088 549 1199 588 enim
1237 549 1510 588 fundamenta
1546 548 1827 587 astronomica
1857 559 1904 585 ex
1937 549 2159 596 geometria
2190 551 2230 586 et
2261 521 2458 586 arithme-

176 603 180 607 ’
204 605 301 666 tica,
333 607 420 645 suis
448 605 646 652 yideli'eet
674 597 767 651 aiis,
797 607 998 660 postulat,
1027 618 1112 646 non
1144 610 1402 674 conjecturas
1432 606 1640 656 physicas,
1671 617 1780 658 quae
1808 603 2005 644 lectorem
2036 606 2170 655 magis
2199 606 2457 656 perturbant

182 664 186 668 “
210 676 337 721 quam
358 655 608 716 informant.
640 665 751 726 Sed
780 678 865 706 non
896 666 1056 718 dubito,
1088 666 1193 718 quin
1223 678 1297 717 pro
1327 669 1403 711 tua
1431 663 1654 714 prudentia
1684 665 1809 739 etiam
1837 663 1935 703 huic
1965 663 2218 703 dubitationi
2249 675 2460 703 occurrere

174 746 182 753 ·
203 717 386 766 valeas.
485 731 490 735 ·

321 765 569 826 Studitisum
593 764 813 835 quendam,
846 782 921 834 (1111
951 772 1031 821 tibi
1061 751 1206 820 adesse
1236 781 1370 830 possit
1399 781 1442 819 in
1475 791 1596 831 opere
1630 777 1796 832 calculi,
1828 780 2020 832 quaeris3
2054 782 2216 819 utinam
2236 780 2315 818 tibi
2332 779 2457 818 satis-

207 840 301 878 fieri.
325 851 399 890 per
427 838 596 894 nostros
621 844 782 894 posset,
797 873 801 877 .
830 852 995 879 verum
992 842 1294 879 extraneorum
1327 837 1385 891 (11.
1417 851 1451 879 0
1485 842 1600 878 extra
1630 839 1792 878 illustre
1823 837 2098 891 stipendium)
2131 838 2256 890 pauci
2288 841 2385 876 sunt
2417 840 2456 876 et

208 909 308 946 num
335 889 490 951 aliquis
520 910 662 939 eorum
690 900 735 938 in
767 897 926 938 calculo
958 902 1144 949 promtus
1175 898 1253 950 sit‘,
1300 898 1455 939 nescio.
1517 896 1602 946 Qui
1631 898 1675 934 in
1706 897 1861 936 illustri
1892 896 2100 951 stipendio
2118 897 2284 946 degunt,
2319 893 2459 946 plures

203 957 301 1000 huic
331 957 490 1010 studio
499 958 666 996 nonnisi
698 958 831 996 coacti
863 968 1023 1007 operam
1058 956 1198 1008 dant‚·
1192 955 1268 994 ·ad
1297 955 1472 1005 gradum
1501 956 1732 1004 magisterii
1761 959 1926 993 tantum
1957 950 2196 1008 adspirant,
2228 958 2275 993 ut
2307 953 2456 993 condi·

125 1017 130 1022 '
205 1016 340 1054 tiones
366 1006 684 1072 assequantur.
719 1013 964 1069 (Straussius
994 1017 1037 1054 in
1069 1014 1335 1064 epistolarum
1366 1016 1514 1065 priore,
1546 1025 1650 1062 quas
1682 1025 1808 1065 supra
1839 1013 2033 1062 diximus,
2072 1014 2172 1052 haec
2216 1013 2266 1052 de
2301 1012 2455 1052 studiis

195 1067 510 1118 ‘mathematicis
541 1074 731 1123 Tubinga
759 1071 939 1124 Keplero
970 1075 1118 1113 refert:
1163 1071 1302 1111 studia
1341 1073 1634 1112 mathematica
1662 1072 1730 1111 hic
1759 1070 1882 1122 plane
1911 1073 2093 1111 tenebris
2126 1074 2276 1111 obruta
2303 1073 2458 1123 Jacent‚

195 1131 339 1184 ’1111011
353 1134 435 1171 non
458 1124 688 1182 0111355Ἇοῑο
751 1131 941 1172 Studiosi
970 1133 1055 1171 fere
1085 1142 1226 1170 omnes
1257 1131 1312 1170 ad
1341 1130 1509 1182 pulpita
1541 1128 1822 1170 ecclesiastica
1844 1135 2081 1180 properant.
2144 1131 2197 1172 D
2220 1129 2278 1172 Μ,
2301 1129 2459 1168 Maest—

198 1190 316 1246 linus
345 1181 448 1239 legit
473 1191 776 1237 arithmeticam
806 1191 1036 1241 practicam
1069 1194 1110 1229 et
1138 1190 1318 1240 primum
1348 1189 1537 1229 Euclidis
1567 1189 1737 1229 librum.-
1796 1188 1955 1236 Quodsi
1985 1192 2062 1227 tua
2071 1188 2336 1228 Astronomia
2366 1189 2459 1226 sue-

201 1250 262 1287 rit
291 1250 452 1316 010010
466 1249 696 1301 descripta,
743 1260 894 1299 quaeso
935 1249 1023 1288 Tua
1052 1248 1312 1287 Excellentia
1341 1249 1445 1287 mihi
1476 1259 1604 1287 unum
1635 1245 1844 1297 exemplar
1873 1247 2017 1285 mittat
2048 1247 2264 1297 adsignato
2295 1244 2460 1298 pretio.)

208 1307 271 1350 De
301 1308 393 1357 ipso
419 1304 504 1346 hoc
534 1307 738 1347 Straussio
770 1307 1015 1358 Maestlinus
1047 1308 1147 1358 11300
1175 1307 1415 1357 praemissis
1448 1306 1586 1345 addit·
1632 1306 1835 1344 Dominus
1866 1306 2100 1346 Straussius
2130 1306 2241 1357 apud
2272 1317 2348 1344 nos
2378 1315 2459 1343 nu-

205 1376 287 1416 per·
309 1365 484 1414 gradum
505 1366 740 1414 ,magisterii
773 1376 865 1405 cum
893 1364 1016 1404 lande
1049 1369 1293 1405 consecutus
1324 1368 1397 1404 est.
1457 1365 1620 1404 Tertius
1651 1368 1740 1402 erat
1768 1364 1877 1404 inter
1912 1365 1960 1403 12
1985 1363 2259 1414 candidatos3
2291 1364 2462 1403 meritus

183 1423 375 1475 quidem
406 1420 532 1462 fuerit
562 1425 803 1464 alterutrum
834 1435 884 1462 ex
914 1425 1122 1474 prioribus
1153 1417 1275 1471 Iocis,
1307 1424 1379 1463 sed
1410 1422 1663 1474 parcendum
1693 1422 1777 1472 ipsi
1807 1423 1906 1474 fuit,
1938 1423 2088 1472 partim
2117 1428 2287 1474 propter
2317 1423 2453 1471 majo-

207 1494 271 1521 res
302 1485 468 1523 sumtus
494 1480 614 1535 (quos
647 1483 728 1523 duo
759 1483 897 1533 primi,
927 1488 975 1522 ut
1004 1483 1127 1535 nosti,
1162 1482 1366 1532 deponere
1399 1480 1580 1536 debent),
1611 1481 1762 1532 partim
1792 1453 1960 1549 prop'ter
1991 1481 2130 1531 plures
2151 1482 2255 1521 alios
2276 1480 2460 1533 labores,

181 1541 282 1592 ·qui
311 1536 470 1596 iisdem{
493 1540 655 1580 duobus
686 1542 846 1594 primis,
877 1544 1076 1594 tanquam
1106 1541 1357 1593 reliquorum
1390 1541 1513 1593 quasi
1543 1540 1766 1592 ministris,
1798 1540 1842 1579 in
1873 1539 2104 1578 invitandis
2134 1539 2385 1591 hospitibus,
2417 1539 2460 1577 in

129 1634 135 1657 ·.
207 1584 467 1655 colligendis·
485 1602 525 1637 et
556 1594 810 1649 exponendis
843 1601 1049 1639 sumtibus
1082 1600 1273 1638 omnibus
1305 1603 1346 1638 et
1376 1599 1645 1638 observandis
1676 1596 1772 1637 31115
1806 1599 2049 1638 ceremoniis
2080 1602 2154 1641 etc.
2202 1598 2465 1640 incumbunt

207 1668 316 1709 quae
349 1658 490 1699 omnia
519 1657 622 1708 ipsi,
663 1661 862 1710 tanquam
893 1659 1109 1709 peregrino
1136 1661 1182 1697 'et
1212 1658 1286 1710 qui
1315 1658 1550 1708 nuperrime
1581 1657 1775 1710 advenit,
1819 1658 1965 1706 ignota
1993 1657 2182 1699 fuissent.
2243 1656 2325 1698 Sed
2357 1654 2464 1694 illud

146 1721 150 1725 ’
209 1719 517 1766 compensatum
550 1716 631 1756 fuit
659 1717 703 1755 in
733 1715 825 1756 loco
856 1718 993 1767 tertio,
1024 1717 1098 1768 qui
1127 1717 1304 1755 habetur
1336 1717 1494 1768 alioqui
1529 1715 1671 1764 „locus
1704 1712 1988 1758 eruditionisf‘

270 1811 273 1818 ,
325 1772 510 1825 Εο110510
543 1775 778 1825 proximam
809 1775 954 1814 Lunae
986 1786 1104 1826 spero
1135 1779 1177 1814 te
1208 1786 1374 1828 quoque
1405 1776 1644 1815 observasse
1686 1771 1774 1827 (cfr.
1807 1772 1901 1815 Vol.
1935 1774 2009 1814 111.
2043 1785 2082 1825 p.
2118 1775 2230 1822 724).
2293 1771 2463 1813 Goelum

206 1829 317 1884 apud
349 1836 426 1872 nos
458 1834 539 1872 fuit
567 1834 852 1884 purissimum.
913 1833 1131 1882 Quomodo
1164 1834 1486 1883 observaverim,
1533 1832 1682 1872 scheda
1711 1832 1815 1872 11300
1843 1833 2050 1872 indicabit
2078 1833 2170 1879 (cfr
2205 1832 2391 1873 Hansch.
2423 1844 2466 1883 p.

210 1891 300 1946 48)
349 1890 575 1944 Postremo
606 1892 692 1932 hoc.
716 1893 839 1931 etiam
871 1892 1146 1932 indicandum
1175 1895 1298 1944 puto:
1344 1892 1397 1933 D.
1429 1892 1484 1933 D.
1515 1891 1711 1930 Roslinus
1748 1903 1881 1942 nuper
1921 1891 2028 1930 obiit
2058 1895 2134 1931 etc.
2178 1888 2267 1943 (cfr
2305 1891 2400 1931 Vol.
2434 1891 2466 1932 1

180 1957 249 2007 sp.
282 1947 401 2003 2198).
463 1950 570 1990 Vale
610 1951 765 2001 optime
806 1954 845 1990 et
875 1950 1068 1994 feliciter.
1129 1951 1346 2001 Tubingae
1375 1949 1526 1990 festino
1559 1950 1718 1989 calamo
1752 1949 1820 1989 die
1851 1949 1894 1993 S.
1923 1949 2126 1989 Matthaei
2157 1951 2229 1992 21.
2261 1950 2376 2001 Sept.
2412 1952 2462 1989 st.

215 2010 420 2050 v.1616.

332 2065 566 2118 Kepleri
594 2069 905 2119 responsionem
936 2081 987 2108 ex
1018 2070 1132 2120 parte
1162 2063 1426 2108 exhibuimus
1458 2067 1553 2107 Vol.
1582 2066 1637 2110 ΙΙ.
1668 2078 1711 2118 p.
1743 2068 1797 2107 31
1832 2050 1899 2122 55.,
1932 2077 2040 2116 quae
2072 2078 2122 2106 ex
2147 2067 2229 2115 ,1113
2258 2067 2341 2107 1100
2370 2077 2463 2117 per-

214 2123 365 2181 tinent,
398 2126 651 2166 haeesunt:
681 2145 686 2150 ·

286 2219 291 2224 ·
350 2190 515 2249 'Venio
555 2199 617 2248 ad
659 2200 929 2263 Epitomen
955 2198 1306 2253 Astronomiae
1346 2200 1755 2263 Copernicanae:
1794 2201 1843 2247 in
1884 2214 1943 2249 ea
1982 2199 2109 2248 ultra
2147 2201 2339 2248 tertiam
2376 2213 2468 2262 pa-

207 2275 374 2336 ginam
414 2276 519 2337 typi
556 2287 654 2322 non
692 2281 1042 2337 processerunt,
1082 2275 1220 2324 deest
1256 2274 1398 2323 nobis
1436 2273 1650 2336 sculptor
1687 2272 1934 2337 lignarius.
2009 2272 2183 2336 Itaque
2222 2286 2340 2336 rogo
2379 2286 2470 2320 ve-

213 2347 475 2409 hementer,
515 2346 596 2395 vel
634 2347 912 2397 commodes
950 2349 1031 2398 vel
1069 2348 1255 2397 vendas
1293 2347 1410 2395 mihi
1449 2352 1593 2411 typos
1619 2345 1810 2409 ligneos
1836 2346 2087 2409 Epitomes
2111 2353 2241 2408 tuae,
2281 2352 2471 2393 utrum-

215 2434 309 2482 que
352 2419 479 2468 dicto
516 2421 700 2483 pretio,
756 2421 906 2470 habet
957 2424 1084 2470 enim
1122 2424 1171 2469 in
1209 2419 1453 2469 mandatis
1491 2418 1796 2481 tabellarius,
1847 2433 1930 2468 eos
1981 2417 2174 2468 Ulmam
2225 2418 2466 2483 portandi,

187 2491 369 2544 ’,110110
399 2492 539 2542 facile
586 2494 799 2544 secundo
851 2495 1080 2544 Danubio
1133 2494 1196 2544 ad
1232 2508 1310 2543 me
1350 2492 1633 2542 deferentur.
1708 2492 1908 2542 Interim
1948 2487 2284 2556 circumspicio
2324 2493 2470 2541 etiam

142 2574 145 2579 ’
209 2561 526 2638 sculptorer'n.·
621 2573 730 2613 Nota
758 2575 803 2613 in
834 2575 1043 2624 margine:
1126 2567 1254 2631 Quia
1290 2581 1386 2621 non
1424 2568 1563 2615 mitto
1601 2565 1932 2627 tabellarium,
1971 2580 2108 2629 roge,
2148 2567 2190 2614 si
2228 2566 2472 2614 consentis

212 2642 262 2687 in
300 2645 475 2697 mutuo
509 2630 696 2688 dandos
732 2640 922 2703 ligneos
962 2647 1121 2706 typos,
1163 2648 1218 2689 ut
1255 2640 1367 2689 illos
1407 2654 1556 2704 opera
1593 2639 1800 2702 alicujus
1837 2637 1975 2706 (puto
2013 2639 2215 2688 idoneos
2239 2639 2475 2724 pharma-

211 2727 422 2782 0003005
474 2718 559 2762 aut
606 2713 939 2779 typographos
986 2711 1112 2782 esse)
1167 2713 1364 2764 Ulmam
1407 2713 1471 2762 ad
1517 2713 1890 2778 Neupronneros
1927 2714 2120 2774 mittas,
2173 2713 2258 2775 qui
2294 2711 2358 2761 ad
2395 2725 2471 2762 me

152 2810 159 2827 x
211 2778 458 2846 curabunt
467 2781 670 2838 deferri.

356 2859 435 2908 De
471 2861 629 2908 causis
667 2859 884 2924 physicis
924 2859 1067 2910 salva
1102 2876 1179 2911 res
1218 2866 1318 2921 est,
1347 2854 1582 2923 quicquid
1620 2857 1678 2907 de
1716 2857 1793 2907 his
1833 2854 2044 2922 disputo,
2085 2857 2135 2906 id
2173 2859 2298 2908 inter
2335 2855 2471 2922 prin-

215 2932 342 2995 cipia
368 2932 593 2993 refertur,
633 2939 687 2981 ut
726 2947 835 2982 cum
874 2939 926 2982 tu
966 2933 1025 2983 de
1063 2933 1173 2984 loco
1212 2932 1422 2983 Telluris
1462 2939 1509 2982 et
1547 2927 1803 2980 similibus,
1877 2931 2076 2981 Interim
2115 2947 2240 2994 quae
2281 2946 2372 2995 ego
2412 2947 2471 2980 ex

215 3000 422 3069 physica
459 3020 655 3068 usurpo,
695 3012 902 3068 possunt
939 3008 1001 3055 ab
1040 3006 1137 3056 alio
1177 3007 1346 3055 haberi
1383 3020 1470 3069 pro
1508 3004 1770 3069 hypothesi
1807 3006 1932 3066 ficta,
1973 3006 2167 3067 utrique
2195 3007 2284 3054 erit
2311 3010 2470 3054 astro-

176 3108 179 3115 *
211 3080 405 3127 uomica
442 3078 743 3142 hypothesiS,
784 3081 901 3142 quia
937 3081 1142 3142 praebet
1178 3095 1231 3129 se
1270 3079 1459 3129 calculo
1499 3085 1547 3127 et
1586 3077 1726 3127 docet
1766 3082 2044 3147 computare
2083 3079 2194 3127 loca
2238 3077 2466 3141 planeta-

212 3166 317 3199 rum
352 3165 451 3198 non
487 3153 672 3212 0110115,
728 3166 875 3213 quam
913 3153 1094 3205 circuli.
1169 3153 1320 3202 Verbi
1367 3166 1538 3213 causa,
1589 3166 1758 3201 verum
1795 3154 1885 3201 iter
1922 3150 2096 3199 Martis
2136 3153 2263 3200 circa
2301 3150 2468 3201 Solem

214 3219 495 3283 certissimis
534 3221 1028 3274 demonstrationibus
1068 3222 1318 3287 evicimus,
1358 3232 1459 3275 tam
1497 3239 1605 3288 ego,
1645 3239 1791 3289 quam
1815 3219 2068 3273 Fabricius
2137 3228 2233 3283 (cfr.
2264 3228 2360 3271 Vol.
2394 3231 2466 3272 111.

209 3315 253 3354 p.
285 3301 389 3360 957),
441 3311 549 3346 esse
586 3293 720 3345 viam
759 3297 953 3346 evalem
991 3304 1040 3347 et
1075 3295 1266 3362 ingredi
1303 3299 1511 3349 Martem
1549 3301 1596 3346 in
1644 3296 2031 3360 longitudinibus
2084 3296 2256 3345 mediis
2295 3312 2469 3346 versus

211 3368 374 3418 Solem
416 3371 688 3454 quantitate
728 3372 860 3418 sinus
897 3367 1027 3419 versi
1066 3374 1372 3435 aequationis
1411 3372 1616 3422 eccentri
1643 3373 1847 3434 opticae,
1886 3365 2036 3429 510115,
2077 3371 2291 3432 inquam,
2330 3371 2460 3420 versi
2509 3406 2512 3410 .
2550 3356 2551 3360 ¹

213 3441 336 3504 ejus
366 3457 534 3503 310115,
591 3443 728 3505 cujus
781 3448 854 3492 est
904 3442 1234 3493 eccentricitas
1273 3448 1407 3494 sinus
1445 3445 1618 3495 rectus.
1692 3438 1789 3492 Hic
1825 3438 2079 3492 Fabricius
2119 3442 2182 3491 ad
2223 3442 2467 3492 defluxum
2547 3439 2550 3445 ’

210 3513 458 3578 planetae
476 3531 535 3565 ex
572 3515 765 3578 aphelio
803 3515 941 3564 luxat
979 3523 1194 3566 centrum
1233 3515 1512 3579 eccentrici‚
1567 3518 1750 3566 faciens
1783 3515 1907 3563 illud
1945 3511 2113 3564 librari
2149 3529 2319 3564 versus
2355 3516 2467 3565 lon-

139 3622 147 3635 ,
212 3588 480 3650 gitudinem
516 3589 724 3637 mediam
762 3589 1050 3650 secundam,
1104 3596 1152 3639 et
1191 3590 1303 3639 dum
1342 3592 1474 3640 Mars
1512 3605 1544 3639 a
1580 3590 1711 3652 long.
1750 3588 1912 3637 media
1947 3590 2105 3670 prima
2141 3603 2227 3651 per
2263 3585 2460 3652 perihe-

211 3660 332 3709 lium
369 3664 406 3710 it
442 3663 493 3708 in
530 3661 658 3725 long.
698 3657 910 3710 mediam
947 3662 1225 3724 secundam,
1263 3660 1370 3727 ipse
1406 3660 1524 3714 facit
1563 3668 1777 3712 centrum
1799 3658 1978 3711 reverti
2002 3676 2088 3724 per
2114 3661 2283 3710 eadem
2310 3662 2463 3712 libra-

214 3735 360 3784 tionis
399 3735 610 3797 vestigia
646 3749 813 3783 versus
851 3735 982 3798 long.
1033 3736 1244 3801 mediam
1289 3740 1508 3800 primam.
1583 3724 1684 3785 Nec
1723 3732 1777 3784 id
1812 3736 1930 3784 facit
1967 3736 2072 3783 sine
2109 3735 2260 3783 lucro,
2338 3732 2464 3785 Nam

216 3806 425 3870 ejiciens
449 3813 632 3857 rectam
670 3823 730 3857 ex
767 3807 882 3858 Sole
919 3823 1005 3872 per
1045 3815 1261 3859 centrum
1296 3811 1524 3873 libratim,
1564 3809 1787 3872 designat
1813 3808 2061 3873 aphelium
2083 3809 2243 3872 ipsum
2268 3823 2464 3872 quoque

2546 2459 2560 2497 ¹.

2552 2506 2560 2538 1

2553 2567 2560 2590 1

2551 2640 2560 2661 ι
