2554 4140
232 149 331 202 146
490 182 491 187 =
1050 145 1285 220 Epit'omes
1314 140 1628 193 Astronomiae

231 293 741 346 stellarum.illibatas
781 309 888 344 cum
929 294 1202 344 discrimine
1241 295 1473 345 colorum.
1548 293 1605 342 Id
1643 308 1739 343 non
1771 298 1939 358 posset
1962 293 2078 355 fieri,
2118 295 2159 343 si
2197 293 2365 343 aether
2403 294 2483 346 vel

230 371 482 417 minimum
524 367 776 417 densitatis
815 374 900 416 aut
939 369 1116 418 coloris
1154 368 1370 417 haberet.
1445 367 1569 415 Nam
1608 367 1730 416 radii
1769 366 1920 428 Solis,
1975 382 2085 416 cum
2123 382 2208 430 per
2243 367 2480 430 liquorem

164 501 166 503 p
226 442 436 490 rubeum
473 439 784 504 translucent,
827 441 1036 490 colorem
1076 441 1312 504 colligunt
1348 441 1552 489 rubeum
1590 441 1639 486 in
1677 440 1896 488 transitu.

374 514 550 576 Itaque
588 515 628 562 si
667 528 751 577 per
791 513 1045 578 physicam
1082 514 1264 575 liceret,
1304 519 1611 561 astronomus
1651 518 1807 560 totum
1845 511 2053 560 aetheris
2091 514 2301 576 spatium
2338 512 2482 576 plane

234 598 452 635 vacuum
490 592 657 650 posset
690 601 976 650 supponere,
1016 600 1106 634 nec
1143 587 1383 635 immerito
1424 584 1669 633 dubitavit
1706 583 1882 649 Tycho
1917 584 2162 651 BraheuS,
2209 601 2271 634 an
2310 584 2482 634 aethe-

230 674 330 709 rem
349 672 582 721 agnoscet
595 663 642 707 et
679 661 1001 708 materiatum.

373 731 506 780 Coeli
540 731 674 785 color
712 732 911 780 videtur
959 745 1056 779 esse
1092 731 1352 778 caeruleus
1402 731 1665 779 oculorum
1711 730 1926 790 indicio,
1978 729 2116 791 quod
2150 729 2359 790 linquae
2396 743 2472 776 se-

225 811 482 866 quuntur,
523 804 810 853 caeruleum
850 820 883 852 a
918 805 1047 853 coelo
1084 803 1370 851 derivantes
1376 839 1392 863 ,
1451 803 1586 865 quod
1627 800 1873 867 Germani
1919 802 2097 849 dicunt
2135 800 2470 857 &immelblutu

369 876 514 925 Color
552 876 661 938 ille,
724 878 807 940 qui
845 875 967 925 sudo
1002 875 1138 924 coelo
1185 877 1438 924 matutinis
1475 876 1608 923 horis
1656 875 1824 924 oculos
1861 879 2055 923 nostros
2100 875 2323 935 incurrit,
2380 888 2476 922 non

226 955 298 999 est
336 949 468 999 color
508 949 732 1011 aetheris,
777 948 864 998 sed
903 950 1044 1010 ae'ris,
1085 963 1115 996 a
1153 947 1283 996 Solis
1321 947 1471 996 radiis
1507 949 1820 996 transversim
1860 947 2133 995 illuminati.

380 1021 519 1070 Unde
565 1022 654 1072 hoc
684 1022 911 1084 probas?
985 1021 1135 1083 Quia,
1188 1022 1229 1069 si
1269 1022 1318 1068 in
1358 1021 1499 1069 coelo
1537 1027 1683 1082 esset,
1723 1022 1868 1069 etiam
1908 1020 1966 1068 de
2003 1023 2144 1068 nocte
2184 1024 2482 1082 cerneretur3

225 1095 415 1144 coelum
455 1096 626 1156 enim,
657 1096 838 1158 quippe
880 1094 1025 1157 longe
1064 1094 1211 1142 altius
1251 1095 1422 1143 umbra
1459 1094 1667 1155 Terrae,
1721 1099 1796 1142 est
1834 1095 1978 1142 etiam
2020 1092 2079 1140 de
2118 1098 2259 1141 nocte
2298 1094 2346 1140 in
2385 1092 2481 1140 So-

222 1167 282 1216 lis
320 1166 484 1216 radiis.
1345 1218 1354 1233 Ι

365 1240 531 1288 Habes
582 1239 728 1288 aliud
775 1245 1135 1300 aryumentum
1151 1275 1164 1301 ,
1215 1254 1315 1302 quo
1359 1239 1536 1301 probes
1542 1276 1559 1302 ,
1611 1242 1779 1286 ae‘rem
1828 1239 1996 1299 potius
2031 1252 2128 1285 esse
2175 1238 2477 1297 caeruleum,
2527 1268 2535 1276 -

222 1328 379 1375 quam
420 1312 652 1362 coelum?
724 1310 852 1373 Quia
889 1319 1120 1361 montana
1156 1313 1434 1373 remotiora,
1473 1326 1559 1376 per
1597 1312 1945 1371 a'e'rem-etiam
1970 1312 2281 1374 purissimum
2320 1311 2479 1358 trans-

221 1384 450 1450 lucentia‚
504 1386 709 1449 pingunt
759 1399 812 1434 se
860 1400 1005 1449 super
1041 1400 1228 1449 papyro
1268 1384 1428 1434 colore
1482 1383 1736 1451 caeruleO,
1800 1388 1936 1432 tanto
1994 1385 2150 1447 magis
2207 1390 2373 1432 saturo
2431 1388 2479 1432 et

223 1458 456 1517 obscum,
496 1463 678 1520 quanto
716 1456 910 1520 longius
949 1465 1022 1506 est
1059 1457 1384 1507 intervallum.

376 1531 568 1578 Veteres
604 1533 662 1578 in
697 1533 898 1593 reqione
935 1532 1226 1579 elementari
1262 1544 1561 1593 supremum
1586 1530 1752 1579 locum
1790 1528 2038 1577 dederunt
2061 1528 2306 1590 sphaerae
2331 1530 2476 1589 iyni3,

224 1603 504 1651 aetheream
542 1605 795 1665 reqionem
841 1603 1214 1652 subdiviserunt
1259 1606 1315 1651 in
1351 1604 1539 1651 multas
1586 1603 1826 1665 sphaeras
1862 1601 2049 1651 solidas
2102 1603 2319 1650 invicem
2356 1608 2478 1650 6οπ-

222 1678 388 1738 tiquas
426 1681 470 1723 et
501 1690 550 1723 se
586 1681 765 1725 mutuo
803 1676 1088 1726 ambientes.
1156 1675 1295 1724 Num
1322 1683 1379 1725 tu
1403 1676 1551 1724 habes
1585 1681 1890 1739 aryumenta
1918 1675 2218 1724 contraria?
2284 1671 2332 1739 1)
2371 1671 2477 1722 Ob-

219 1750 436 1809 servavit
469 1747 637 1812 Tycho
680 1748 857 1809 Brahe,
899 1756 1196 1798 cometarum
1234 1749 1425 1812 aliquos
1464 1749 1687 1811 trajicere
1724 1763 1812 1813 per
1849 1746 1934 1796 illa
1970 1745 2080 1797 loca
2118 1747 2213 1796 huc
2252 1745 2384 1809 illuc,
2428 1748 2476 1793 in

228 1821 406 1883 quibus
445 1821 567 1869 locis
607 1820 924 1871 credebantur
959 1821 1105 1871 'orbes
1144 1837 1251 1871 esse
1288 1822 1448 1871 solidi.

373 1890 424 1960 2)
461 1893 513 1942 Si
563 1901 754 1957 praeter
801 1897 995 1944 unicam
1048 1894 1351 1958 superficiem
1404 1896 1530 1944 aeris
1579 1894 1801 1957 superius
1848 1898 2151 1943 occurrerent
2200 1891 2506 1956 superficies

227 1964 353 2015 aliae
392 1967 579 2015 orbium
619 1982 670 2016 se
709 1974 879 2016 mutuo
920 1969 1327 2030 contingentium,
1380 1969 1548 2017 variae
1588 1968 1852 2016 existerent
1888 1965 2387 2031 resplendescentiae,
2425 1971 2480 2014 ut

228 2039 274 2085 in
313 2039 524 2105 speculis
566 2046 732 2089 contra
769 2055 820 2090 se
859 2047 1028 2090 mutuo
1066 2042 1256 2104 positis.
1332 2040 1391 2089 Id
1430 2055 1546 2090 vero
1585 2053 1682 2089 non
1720 2046 1937 2104 apparet.

374 2109 424 2178 3)
463 2111 680 2175 Sphaera
732 2115 860 2176 ignis
914 2120 1048 2163 esset
1094 2115 1285 2163 tenuior
1337 2128 1483 2177 quam
1522 2112 1729 2176 sphaera
1767 2116 1915 2174 ae'ris,
1957 2111 2193 2175 sphaerae
2243 2111 2477 2161 coelestes

227 2197 416 2232 rursum
455 2187 698 2234 tenuiores
736 2186 944 2252 sphaera
982 2189 1132 2250 ignis,
1185 2187 1285 2236 alia
1336 2188 1515 2249 magis,
1567 2184 1666 2234 alia
1712 2187 1894 2248 minue,
1948 2185 2136 2234 coelum
2189 2187 2369 2251 quippe
2405 2190 2478 2233 est

227 2258 420 2306 tenuius
473 2257 742 2308 elementis.
817 2258 870 2308 Si
925 2274 1040 2323 ergo
1092 2260 1326 2309 transitus
1378 2266 1506 2309 esset
1560 2258 1714 2307 radiis
1759 2259 2008 2308 stellarum
2064 2273 2151 2322 per
2202 2265 2275 2307 tot
2320 2257 2481 2306 media

229 2327 467 2379 densitate
507 2330 790 2393 differentia,
833 2347 892 2380 ex
931 2331 1134 2395 obliquo
1176 2333 1368 2395 objecta
1408 2329 1489 2399 (ut
1525 2331 1629 2398 fieri
1666 2346 1864 2381 necesse
1905 2336 2034 2380 esset
2071 2333 2118 2379 in
2158 2331 2358 2380 orbibus
2398 2346 2481 2380 ec-

227 2404 448 2452 centricis
501 2410 549 2452 et
596 2404 869 2468 epicyclis),
923 2407 1120 2469 saepius
1175 2406 1557 2468 refringerentur-
1594 2405 1666 2452 illi
1717 2406 1999 2468 priusquam
2060 2404 2120 2453 ad
2177 2403 2480 2468 superficiem

227 2477 354 2538 a'e'ris
394 2477 725 2540 pervenirent3
765 2477 941 2526 stellae
981 2493 1097 2541 ergo
1136 2493 1222 2542 per
1259 2479 1423 2527 radios
1461 2478 1692 2528 retractos
1731 2481 1979 2541 inspectae
2017 2478 2181 2526 multis
2221 2478 2280 2527 de
2320 2479 2479 2527 causis

227 2554 515 2610 apparerent
567 2549 860 2599 extra‘loca
908 2565 999 2599 sua
1046 2566 1177 2600 vera.
1265 2554 1332 2600 At
1384 2549 1623 2614 quadrant
1672 2551 1921 2600 stellarum
1971 2549 2082 2599 loca
2136 2549 2197 2599 ad
2243 2551 2477 2614 regulam,

230 2620 366 2670 nulla
404 2621 547 2686 plane
583 2623 872 2672 refractione
919 2623 1163 2672 radiorum
1216 2638 1472 2684 concessa,
1513 2639 1666 2688 usque
1718 2623 1780 2672 ad
1817 2622 2119 2687 superficiem
2157 2625 2307 2686 ae'ris3
2358 2623 2479 2672 nulli

232 2707 348 2756 ergo
389 2701 502 2743 sunt
539 2695 695 2757 orbeS‚
737 2695 990 2745 densitatis
1015 2697 1249 2760 gradibus
1287 2700 1412 2747 inter
1437 2712 1488 2745 se
1516 2697 1744 2754 distincti,
1782 2711 1938 2760 usque
1967 2696 2029 2744 ad
2056 2697 2310 2760 sphaeram
2337 2699 2478 2746 aeris.
2541 2756 2544 2763 Δ

375 2768 569 2831 Quibus
606 2772 920 2831 aryumentis
965 2770 1183 2832 probas,
1238 2773 1389 2819 etiam
1444 2785 1606 2818 aurae
1659 2771 1871 2831 coelesti,
1912 2783 2044 2833 quae
2080 2775 2280 2819 tantam
2326 2773 2382 2818 in
2429 2784 2478 2817 se

224 2840 333 2901 ipsa
366 2843 646 2902 puritatem
683 2842 884 2903 obtinet,
927 2843 1232 2906 quandoque
1258 2844 1522 2891 admisceri
1549 2843 1748 2905 aliquid
1770 2842 2146 2906 heteroyeneum
2172 2844 2435 2905 impurum
2454 2842 2480 2890 P

231 2909 278 2976 1)
316 2913 360 2959 A
400 2928 563 2962 causa.
639 2915 711 2962 Ex
749 2898 899 2977 globo
939 2915 1149 2964 Telluris
1189 2922 1509 2965 excernuntur
1547 2915 1883 2965 exhalationes
1920 2918 2140 2965 fumosae
2181 2922 2229 2965 et
2265 2931 2295 2964 a
2331 2915 2477 2964 rebus

225 2985 492 3034 combustis
530 2987 799 3036 ascendunt
837 2990 985 3037 etiam
1023 2989 1166 3050 sumi,
1223 2991 1306 3052 qni
1345 2996 1604 3052 postquam
1656 2995 1943 3052 superarunt
1980 2989 2104 3036 ae'ris
2140 2976 2472 3051 superficiem,
2547 2999 2554 3005 “

228 3062 388 3105 errant
424 3059 472 3106 in
512 3060 830 3124 amplitudine
868 3061 1078 3110 aetheris
1118 3063 1312 3111 incertis
1351 3061 1574 3124 sedibus3
1615 3067 1662 3110 et
1687 3061 1946 3113 verisimile
1973 3068 2060 3122 est,
2101 3061 2149 3110 id
2186 3062 2288 3110 fieri
2328 3063 2474 3111 etiam
2550 3063 2554 3066 '

225 3129 352 3178 circa
388 3130 564 3193 globos
603 3139 804 3195 ceteros,
843 3136 1126 3197 praesertin
1165 3137 1292 3184 circa
1327 3134 1528 3198 globum
1563 3099 1727 3193 ⁷Solis,
1783 3135 1864 3195 qui
1903 3147 2150 3196 nunquam
2191 3140 2321 3184 caret
2358 3133 2474 3184 atris

222 3205 441 3264 punctiS,
494 3206 578 3266 qui
615 3205 846 3254 videntur
886 3222 994 3256 esse
1035 3207 1189 3257 veluti
1226 3208 1380 3258 nubes
1419 3213 1552 3256 atrae
1590 3213 1677 3256 aut
1713 3205 1986 3269 fuligines‚-
2019 3221 2079 3255 ex
2117 3209 2300 3256 intimis
2339 3208 2471 3271 globi
2540 3238 2541 3243 ,

222 3275 491 3343 visceribus
541 3277 842 3328 exhalantes
917 3280 1015 3329 Sed
1066 3287 1114 3329 et
1166 3287 1461 3330 cometarum
1513 3280 1716 3330 materia
1762 3278 1952 3328 videtur
2001 3293 2087 3341 per
2125 3279 2253 3328 Solis
2293 3281 2470 3342 radios,

225 3340 428 3410 corpora
467 3356 764 3398 cometarum
800 3359 1132 3415 permeanteS,
1188 3355 1442 3403 manifeste
1481 3352 1705 3416 dissipari
1756 3357 1804 3400 et
1843 3366 1928 3415 per
1966 3351 2211 3401 aetherem
2261 3353 2471 3416 dispergi

223 3421 271 3466 in
308 3422 519 3484 speciem
560 3421 771 3485 caudae,
822 3440 947 3487 quae
996 3442 1027 3474 a
1075 3432 1265 3476 cometa
1308 3429 1358 3474 in
1396 3426 1526 3475 Solis
1578 3425 1854 3489 oppositum
1893 3423 2083 3486 defluit,
2137 3439 2234 3488 qua
2283 3430 2470 3476 ratione

235 3492 402 3543 aether
439 3495 737 3556 inquinatur.
813 3497 1028 3552 Possunt
1066 3506 1114 3548 et
1151 3499 1277 3549 aliae
1317 3514 1494 3548 causae
1529 3498 1773 3548 accedere.

368 3563 419 3632 2)
457 3566 535 3615 Ab
575 3567 764 3630 effectu,
806 3571 888 3631 qui
927 3574 1186 3635 praecipue
1226 3574 1354 3621 circa
1391 3586 1566 3635 corpus
1605 3571 1734 3620 Solis
1774 3574 1988 3633 apparet.
2051 3570 2176 3619 Nam
2216 3570 2338 3620 haec
2374 3572 2468 3619 im-

221 3640 404 3702 puritas
444 3639 627 3688 aetheri
667 3645 929 3691 commixta
966 3641 1062 3691 diei
1101 3649 1291 3693 noctem
1331 3645 1493 3706 infert,
1534 3646 1666 3692 nocti
1705 3642 1846 3690 diem.

364 3711 609 3761 Interdum
648 3714 775 3762 enim
814 3714 1004 3763 obsidet
1042 3716 1204 3765 Solem
1242 3719 1445 3766 materia
1483 3717 1768 3779 fuliginosa,
1811 3714 2082 3764 obtundens
2122 3715 2250 3766 Solis
2288 3717 2464 3779 radios,

171 3788 173 3791 ’
220 3789 272 3831 ut
311 3800 437 3834 anno
475 3785 640 3835 caedis
680 3785 904 3852 Caesaris
941 3802 1082 3856 pene
1104 3795 1223 3850 tot0,
1262 3792 1332 3839 sic
1369 3805 1498 3839 anno
1538 3789 1650 3838 Chr.
1694 3789 1860 3849 1547,
1917 3803 2024 3836 cum
2066 3789 2334 3852 quatridua
2361 3795 2466 3838 toto
2523 3855 2526 3859 ,

218 3860 517 3920 sanguineus
543 3857 673 3907 Solis
713 3860 877 3909 vultus
918 3863 1144 3923 apparuit
1180 3876 1276 3910 non
1316 3865 1363 3909 in
1404 3877 1499 3911 uno
1539 3861 1693 3911 solum
1729 3861 1854 3922 locO,
1895 3853 1979 3910 sed
2005 3877 2090 3924 per
2128 3868 2279 3911 totam
2308 3863 2464 3912 Euro·
2552 3919 2554 3927 Ι
