2554 4140
167 97 267 145 668
960 94 1014 139 In
1044 92 1244 153 Tabulas
1273 59 1588 150 Rudolphinas

163 242 288 290 ae'ris
330 244 610 289 consecutas
651 253 944 302 comparare.
1018 239 1120 289 Nec
1158 245 1317 289 exstat
1353 240 1429 288 his
1467 239 1668 291 Graecis
1706 245 2023 292 vetustiorum
2070 241 2403 302 consignatio-,

162 328 275 361 num
294 313 537 371 memoria,
578 311 863 373 videturque
891 311 1148 362 Chaldaeis
1169 315 1302 376 ipsiS,
1342 318 1603 375 antequam
1641 315 1731 366 sub
1757 314 2082 365 Macedonum
2108 318 2401 376 potestatem

160 386 499 446 redigerentur,
540 386 588 430 in
626 390 834 432 mentem
873 399 1117 446 nunquam
1157 387 1362 444 venisse,
1401 399 1546 447 posse
1571 391 1803 436 ,motuum
1842 390 2056 451 quinque
2093 385 2401 448 planetarum

158 457 530 520 praedictionem
580 462 800 504 exactam
850 463 951 505 arte
990 457 1369 520 comprehendi,
1419 464 1473 505 ut
1511 473 1618 507 eam
1655 460 1935 508 methodum
1984 462 2078 522 ipsi
2116 458 2404 519 descriptio-

161 529 302 576 nibus
361 543 555 576 Silarum
613 530 1005 577 observationum
1060 530 1329 578 artificiosis
1389 544 1475 591 per
1522 532 1884 581 circumstantes
1929 531 2050 580 fixas
2101 529 2405 592 adjuvandas

161 607 422 650 censerent.
497 601 620 649 Nam
672 603 761 650 etsi
814 602 1059 663 viderunt,
1115 603 1334 664 singulos
1374 617 1540 650 eorum
1586 609 1740 652 certos
1778 618 2011 657 annorum
2035 605 2274 657 ¹circuitus
2313 602 2404 650 ob-

157 688 378 734 servare,
419 675 629 723 varietas
667 680 827 722 tamen
867 676 916 721 in
944 677 1014 723 ea
1050 666 1117 723 re‘
1138 682 1372 737 perpetua
1410 677 1577 723 testari
1616 675 1899 735 videbatur,
1938 676 2219 738 legesillas
2256 688 2404 722 revo-

154 747 389 795 lutionum
427 760 534 794 cum
571 747 724 795 multa
759 740 982 796 libertate
1022 762 1126 796 esse
1167 748 1465 809 conjunctae,
1509 754 1560 795 ut
1597 749 1646 795 in
1685 747 1851 810 aliqua
1868 747 1989 810 Rep.
2029 753 2156 796 stata
2194 749 2403 809 magist-

154 824 346 867 ratuum
387 821 676 878 interstitia,
727 827 775 868 et
824 835 972 882 penes
1022 819 1270 868 Romanos
1319 819 1624 881 consulatus,
1673 826 1785 887 post
1835 819 2002 869 decem
2052 834 2203 869 annos
2248 820 2403 883 repeti

47 938 56 954 ,
145 891 350 941 solitus,
423 890 552 940 Hinc
591 891 713 940 adeo
752 898 867 940 nata
907 892 1100 940 videtur
1137 893 1224 940 illa
1261 907 1291 940 a
1323 891 1582 941 Cleomedc
1620 898 1912 941 transsumta
1950 906 2047 940 vox
2084 910 2406 956 προαιρετικη,

154 970 313 1012 motus
352 965 644 1023 arbitrarius,
686 979 829 1027 quem
867 967 1111 1027 proprium
1150 980 1240 1013 nos
1281 964 1515 1027 dicimus;
1555 965 1666 1014 hinc
1705 966 1868 1027 opinio
1910 963 2178 1012 divinitatis
2215 966 2266 1012 in
2290 964 2401 1027 pla-

82 1059 85 1065 *
152 1038 276 1086 netis
307 1040 666 1099 ⁸etpotestatis
717 1039 763 1083 in
801 1052 875 1085 res
914 1038 1176 1098 humanas,
1228 1038 1340 1085 hinc
1393 1037 1506 1086 illae
1545 1039 1594 1084 in
1644 1036 1910 1100 astrologia
1949 1036 2202 1085 chaldaica
2249 1037 2404 1085 veluti

158 1110 527 1171 magistratuum
553 1111 829 1157 sortitiones
868 1110 1125 1172 quaedam,
1167 1112 1274 1173 quis
1316 1109 1539 1157 dominus
1578 1112 1844 1173 geniturae,
1887 1110 2109 1157 dominus
2141 1110 2271 1170 anni,
2313 1109 2404 1157 do-

157 1183 314 1230 minus
354 1181 695 1231 ascendentis?
736 1185 843 1244 quis
886 1185 963 1230 cui
1003 1183 1113 1244 diei,
1155 1185 1232 1231 cui
1270 1182 1417 1231 horae
1456 1183 1672 1245 praesit?
1712 1189 1830 1246 quot
1857 1184 2061 1244 quisque
2099 1183 2264 1230 vincat
2300 1182 2405 1229 suf-

156 1254 356 1317 fragiis?
421 1253 557 1316 Quae
598 1256 759 1302 omnia
809 1255 1048 1303 libertatis
1089 1258 1365 1318 opinionem
1413 1257 1609 1318 sapiunt
1663 1257 1710 1302 in
1760 1256 1972 1304 motibus
2013 1269 2167 1317 eoque
2206 1260 2405 1303 exactae

156 1326 566 1377 determinationis
606 1342 890 1376 accessuum
929 1329 991 1376 ad
1030 1335 1185 1376 certas
1225 1328 1346 1376 fixas
1385 1328 1730 1390 negligentiam
1769 1328 2018 1377 inducunt.

297 1400 399 1448 Has
428 1415 542 1448 vero
569 1400 870 1462 planetarum
897 1401 1261 1449 observationes
1299 1415 1499 1462 graecas
1528 1403 1764 1464 posterior
1801 1399 2200 1463 Hipparchus
2240 1404 2398 1448 trans-

155 1478 336 1521 sumtas
376 1479 424 1520 et
462 1465 661 1535 digessit
699 1480 747 1521 et
784 1488 892 1522 cum
930 1475 1005 1522 sui
1044 1475 1273 1540 temporis
1313 1475 1611 1536 experientia
1647 1472 1948 1536 comparavit
1981 1471 2403 1535 rudimentumque

154 1545 397 1608 quoddam
451 1545 724 1594 tabularum
777 1546 952 1607 edidit,
1015 1561 1074 1595 ex
1122 1560 1218 1608 quo
1264 1545 1491 1608 planetae
1553 1546 1789 1609 cujusque
1844 1545 2031 1608 periodi
2081 1547 2402 1607 temporariae

154 1620 365 1683 conspici
413 1620 772 1680 stationumque
819 1625 868 1667 et
917 1619 1390 1681 retrogradationum
1438 1625 1657 1681 tempora
1709 1618 1882 1667 laxiori
1934 1618 2122 1667 calculo
2161 1618 2404 1682 praefiniri

148 1697 361 1754 possent.
435 1691 608 1754 Itaque
646 1691 766 1739 haec
804 1691 956 1740 veluti
995 1692 1326 1741 adolescentia
1364 1691 1638 1741 tabularum
1675 1692 1845 1740 haberi
1888 1696 2065 1754 potest.

298 1764 487 1812 Primus
527 1763 938 1813 Ptolemaeus
976 1765 1082 1826 suit,
1124 1768 1207 1828 qui
1246 1766 1428 1813 coactis
1466 1768 1514 1812 in
1543 1780 1691 1813 unum
1731 1778 1839 1813 cum
1866 1763 2159 1826 adjumentis
2185 1767 2404 1812 veterum

150 1838 480 1899 imprimisque
500 1836 780 1900 Hipparchi,
821 1844 924 1885 tum
962 1840 1037 1886 sui
1076 1840 1307 1901 temporis
1335 1839 1565 1902 motibus,
1606 1837 1883 1886 tabularum
1911 1851 2033 1901 opus
2075 1834 2238 1884 ederet
2276 1838 2404 1885 inte-

151 1925 317 1972 grum,
370 1925 627 1972 earumque
680 1909 923 1972 quandam
963 1912 1103 1972 quasi
1145 1912 1454 1973 juventutem
1494 1910 1692 1959 adultae
1728 1911 2034 1973 proceritatis
2074 1910 2402 1957 constitueret.

154 1982 247 2044 Qui
296 1985 384 2032 etsi
434 1984 616 2045 passim
667 1984 715 2029 in
757 1981 915 2045 Opere
953 1983 1135 2047 Magno
1177 1986 1496 2046 cogitationes
1534 1983 1696 2046 prodit
1748 1983 1809 2031 ad
1857 1996 2131 2046 supremam
2179 1980 2402 2044 philoso-

148 2056 313 2118 phiam
350 2058 642 2119 pertinentes
681 2055 922 2118 hujusque
960 2055 1022 2105 ad
1062 2057 1406 2119 perfectionem
1445 2062 1596 2104 artem
1641 2057 2030 2115 astronomicam,
2071 2060 2124 2101 ut
2151 2068 2250 2117 *par
2281 2060 2400 2114 erat,

153 2143 374 2191 expresse
411 2130 580 2176 refert:
626 2127 753 2176 idem
791 2134 953 2177 tamen
992 2128 1074 2177 ille
1112 2129 1216 2186 fuit,
1259 2131 1341 2191 qui
1379 2135 1569 2191 praeter
1608 2126 1744 2190 Opus
1785 2127 2034 2191 Magnum,
2076 2126 2135 2175 de
2175 2126 2400 2182 motibus,

152 2203 294 2251 etiam
324 2200 736 2263 Quadripartitum
777 2200 834 2249 de
875 2202 1123 2249 effectibus
1162 2201 1327 2261 edidit,
1368 2203 1451 2263 qui
1490 2202 1537 2247 in
1578 2207 1782 2263 utroque
1810 2215 1953 2263 opere
1993 2199 2197 2248 eundem
2225 2198 2402 2262 Syrum

150 2273 425 2336 alloquitur,
468 2276 549 2335 qui
576 2275 699 2321 inter
735 2273 854 2321 fines
884 2272 1056 2336 Operis
1084 2273 1254 2336 Magni
1281 2289 1376 2322 non
1416 2279 1712 2336 postremum
1737 2273 1897 2322 locum
1936 2273 2154 2334 assignat
2189 2271 2399 2336 geneth-

148 2346 284 2395 liacis
321 2345 751 2409 praedictionibus,
795 2346 1158 2408 quasalterum
1199 2361 1322 2408 opus
1363 2345 1780 2408 Quadripertitum
1819 2345 2166 2408 complectitur,
2209 2347 2257 2392 in
2298 2359 2396 2407 quo

155 2433 298 2482 opere
337 2419 592 2482 plerasque
621 2418 975 2467 Chaldaeorum
1014 2434 1170 2482 nugas
1198 2419 1367 2468 videas
1393 2420 1484 2467 sub
1524 2417 1768 2480 quandam
1796 2420 1912 2467 artis
1937 2419 2140 2466 formam
2164 2417 2399 2478 redactas,

150 2498 203 2539 ut
240 2491 324 2540 illa
361 2491 636 2540 futilissima
671 2493 804 2554 prius
842 2491 1046 2540 infantia
1073 2492 1412 2554 conjecturalis
1451 2490 1745 2554 astrologiae
1783 2492 1875 2540 sub
1903 2491 1996 2540 boc
2027 2491 2131 2554 jam
2169 2492 2400 2553 magistro

149 2566 301 2627 prima
340 2564 492 2612 veluti
527 2563 777 2612 literarum
814 2564 1054 2613 elementa
1092 2565 1276 2614 discere
1314 2566 1528 2627 incipiat.

292 2636 388 2686 Sed
439 2637 604 2685 incidit
654 2637 965 2699 philosophia
1003 2638 1094 2686 sub
1132 2637 1403 2686 Ptolemaei
1450 2650 1880 2698 successorumque
1929 2641 2140 2684 aetatem
2185 2635 2235 2682 in
2273 2633 2403 2683 diffi-

154 2710 265 2758 cilia
302 2716 548 2772 tempora;
590 2724 696 2758 cum
726 2709 934 2758 Graecia
969 2712 1172 2759 serviret
1197 2710 1448 2770 RomaniS,
1489 2724 1599 2758 cum
1636 2724 1734 2758 una
1772 2723 1878 2756 cum
1912 2707 2135 2757 libertate
2173 2708 2402 2770 pristinus

151 2785 295 2830 etiam
334 2782 415 2831 ille
453 2784 591 2845 vigor
629 2784 931 2844 ingeniorum
970 2783 1281 2844 concidisset,
1336 2789 1384 2832 et
1430 2797 1526 2830 non
1564 2783 1722 2830 minus
1759 2789 1891 2829 recta
1928 2783 2052 2828 ratio
2091 2781 2402 2843 superstitio-

150 2857 306 2915 nibuS,
348 2870 491 2917 quam
520 2857 794 2917 ingenuitas
833 2856 995 2904 servili
1026 2857 1264 2918 patientia
1300 2854 1493 2918 publice
1521 2856 1850 2903 contaminata
1889 2859 2029 2902 esset.
2074 2852 2216 2921 *Quin
2258 2854 2402 2900 etiam

152 2942 285 2990 genS,
328 2928 568 2976 Christum
607 2928 838 2990 professa,
880 2934 982 2976 toto
1014 2934 1128 2977 tunc
1167 2929 1282 2976 orbe
1322 2927 1542 2988 dilatata,
1583 2928 1700 2989 quia
1738 2926 2134 2974 contemnebatur
2172 2940 2201 2973 a
2224 2924 2402 2988 *philo-

150 3000 314 3062 sophis
351 3001 481 3048 illius
519 3002 763 3063 temporis,
805 3006 955 3048 artem
996 3002 1207 3053 vicissim
1246 3000 1590 3062 astrologicam
1628 3000 1834 3062 paganis
1872 2998 2161 3047 accensebat
2199 2998 2399 3058 artibuS,

152 3077 217 3119 et.
251 3072 380 3133 quod
430 3075 684 3134 inquinata
732 3074 928 3135 penitus
979 3079 1108 3122 esset
1145 3073 1568 3135 superstitionibus
1606 3071 2109 3133 hariolationibusque
2155 3071 2204 3116 in
2242 3070 2406 3137 Deum

151 3144 408 3205 injuriosis,
450 3146 690 3194 interdum
731 3161 837 3194 eam
865 3145 1091 3194 damnare
1130 3147 1179 3192 in
1217 3146 1427 3195 solidum
1455 3151 1529 3194 est
1567 3159 1718 3207 ausa;
1759 3150 1813 3192 ut
1838 3149 2013 3205 essent,
2053 3143 2136 3205 qui
2164 3141 2403 3191 Christia-

109 3220 112 3223 '
151 3217 358 3263 nismum
411 3219 568 3279 ipsum
621 3233 765 3280 quam
815 3224 967 3267 artem
1006 3233 1143 3267 suam
1194 3217 1414 3268 deserere
1469 3217 1683 3266 mallent.
1762 3217 1832 3264 Ex
1879 3216 1977 3266 alia
2026 3221 2163 3278 parte
2210 3221 2404 3264 coortae

152 3294 320 3351 gentes
359 3294 406 3335 et
442 3291 643 3352 imperia
680 3305 827 3351 nova,
864 3291 977 3340 hinc
1014 3291 1300 3339 Hunnorum
1341 3297 1389 3340 et
1428 3289 1726 3349 Gothorum,
1767 3288 1877 3337 inde
1918 3289 2156 3348 Arabum,
2199 3301 2404 3349 quorum

152 3361 291 3409 alteri
328 3361 519 3409 barbari
560 3368 606 3410 et
643 3362 870 3426 bebeteS,
923 3364 1063 3412 alteri
1101 3365 1340 3426 ingeniosi
1381 3363 1597 3426 quidem,
1651 3361 1736 3411 sed
1774 3361 2246 3423 superstitiosissimi.
2325 3360 2402 3408 Ab

154 3433 252 3480 illis
301 3433 447 3494 igitur
498 3448 556 3481 ex
609 3434 806 3498 Europa
853 3435 995 3499 pulsa
1044 3442 1092 3485 et
1136 3436 1200 3485 ad
1250 3437 1338 3491 hos
1389 3439 1436 3483 in
1478 3436 1687 3484 Africam
1737 3433 1966 3482 devoluta
2011 3432 2220 3482 siderum
2258 3430 2405 3480 disci-

151 3505 286 3569 plina
323 3506 602 3552 servitutem
642 3510 842 3556 servivit
885 3509 1214 3572 turpissimam
1252 3510 1343 3557 sub
1369 3508 1702 3571 genethliacis,
1741 3505 1997 3567 sortilegis,
2036 3507 2209 3568 magis,
2249 3519 2403 3567 quae-

152 3578 424 3637 stionariis,
473 3578 735 3626 sciscitanti
786 3580 982 3630 cuilibet
1029 3597 1264 3644 responsa
1310 3581 1538 3629 dantibus
1584 3581 1719 3646 velut
1765 3593 1823 3626 ex
1871 3577 2058 3642 tripode
2099 3576 2400 3627 oraculorum

154 3651 291 3699 loco:
342 3649 519 3712 quibus
557 3648 854 3710 hominibus,
893 3652 1027 3702 lucra
1067 3654 1172 3703 sola
1211 3655 1552 3717 quaerentibus
1592 3660 1639 3702 et
1676 3651 1922 3714 impietate
1962 3652 2232 3711 obstrictis,
2271 3648 2404 3697 side·
2446 3693 2452 3697 ,

156 3738 262 3771 rum
305 3722 544 3785 ,inspectio
593 3721 965 3785 tabularumque
1018 3727 1252 3775 certitudo
1306 3733 1354 3777 et
1404 3741 1511 3776 cum
1553 3724 1690 3775 coelo
1729 3726 2025 3787 comparatio
2065 3737 2206 3775 curae
2244 3720 2404 3773 haud-

162 3804 407 3858 quaquam
444 3794 535 3843 fuit
570 3808 656 3858 per
694 3794 883 3856 aliquot
919 3798 1098 3848 secula.
