2560 4100
924 126 993 169 De
1031 123 1241 182 Epitome
1282 124 1608 170 Astronomiae.
1625 119 1628 122 ’
2319 129 2386 176 29

149 271 327 321 editum
365 272 565 320 invenio
603 271 737 333 nihil,
779 272 902 321 adeo
943 281 996 322 ut
1035 275 1292 337 ambigam,
1333 289 1449 321 num
1489 287 1614 335 quae
1651 278 1765 321 sunt
1802 273 1863 320 ab
1903 271 2181 321 Hunnichio
2221 277 2389 331 (rectore

146 353 349 401 gymnasii
380 351 667 404 Stettinensis;
719 353 887 403 scripsit
929 353 978 391 de
1010 354 1115 402 situ,
1163 355 1300 406 quiete
1333 341 1406 391 etc.
1438 350 1619 404 Terrae),
1676 359 1734 393 ea
1785 347 1872 405 tibi
1923 360 2007 410 per
2043 344 2392 395 hallucinatio-

147 431 255 464 nem
293 418 590 466 attribuerim
629 433 784 480 eaque
821 417 1138 468 hallucinatio
1177 419 1294 467 mihi
1331 420 1394 466 sit
1430 419 1476 464 in
1518 419 1764 466 memoria.

288 489 499 552 Reliqua
550 505 675 552 quae
727 491 785 538 de
834 499 1023 540 cometa
1069 493 1181 540 anni
1226 493 1360 540 1472
1401 493 1601 539 seorsim
1640 496 1874 554 concepta
1911 491 1960 536 in
1999 490 2189 552 adjecta
2228 491 2394 540 charta

145 561 355 623 includo,
396 569 450 610 ut
486 563 661 613 faciam
700 566 963 628 scripturae
1003 565 1356 629 compendium
1431 563 1555 612 Vale
1594 577 1768 626 meque
1808 577 1968 611 amare
2009 578 2167 626 perge

284 635 440 683 Lineii
476 625 718 701 propridie
757 638 1111 700 conjunctionis
1149 652 1371 701 magnae,
1412 636 1550 698 cujus
1589 651 1647 685 en
1687 635 2055 728 descriptionem
2094 637 2391 701 popularem,

143 721 270 756 anno
314 710 468 757 1623.
1061 712 1118 760 Τ.
1160 712 1276 760 Exc.
1318 710 1394 758 off.
1435 710 1599 798 colens

1919 781 1970 831 J.
2010 780 2248 844 Keppler

284 850 421 902 Quam
453 853 555 892 dicit
583 853 788 904 Keplerus
820 855 1006 894 chartam
1036 855 1239 905 adjectam
1270 855 1417 905 paucis
1449 853 1628 893 diximus
1660 851 1743 895 vol.
1775 853 1831 894 11.
1861 865 1901 904 p.
1935 854 2041 907 828,
2073 854 2234 904 reliqua
2264 866 2392 895 reser-

147 914 292 950 vantes
323 910 376 949 ad
404 910 534 951 libros
565 911 734 962 Kepleri
767 913 815 952 de
849 912 1042 954 Cometis.

292 969 326 1007 E
358 967 526 1019 Criigeri
566 973 834 1020 responsione
865 972 918 1020 (d.
953 971 991 1010 d.
1023 973 1092 1012 25.
1125 972 1236 1021 Sept.
1265 970 1397 1025 1623)
1422 972 1524 1010 haec
1557 970 1850 1011 desumsimus:
1883 969 2007 1019 Quod
2037 972 2156 1025 vivis,
2189 971 2394 1012 excellen-

141 1028 305 1066 tissime
335 1027 423 1080 vir,
457 1029 569 1081 quod
600 1027 728 1082 vales,
760 1030 871 1080 quod
903 1030 1043 1068 omnia
1074 1031 1154 1069 tibi
1185 1034 1309 1079 sarta,
1341 1034 1451 1069 tecta
1481 1035 1522 1068 et
1551 1029 1705 1078 felicia,
1735 1034 1822 1067 tam
1852 1030 2021 1077 gavisus
2053 1042 2156 1083 sum⁷
2186 1031 2288 1069 visis
2305 1035 2395 1069 tan-

145 1085 238 1123 dem
268 1084 402 1125 literis
432 1090 506 1125 tua
534 1098 660 1125 manu
692 1089 901 1139 exaratis,
933 1100 1061 1140 quam
1090 1092 1177 1127 toto
1210 1090 1286 1127 hoe
1318 1089 1602 1140 quinquennio
1634 1089 1765 1128 vicem
1796 1092 1912 1126 tuam
1943 1088 2057 1127 falsis
2087 1093 2136 1127 ut
2160 1091 2246 1138 J'am
2276 1090 2396 1129 video

144 1142 352 1183 coloribus
383 1146 486 1183 mihi
519 1146 727 1195 depictam
756 1148 881 1185 anxie
913 1145 1040 1186 dolui.
1101 1147 1214 1186 Deus
1254 1159 1374 1196 porro
1407 1150 1448 1185 te
1478 1149 1538 1186 rei
1568 1147 1870 1187 astronomicae
1901 1148 2034 1185 servet
2065 1151 2106 1186 et
2135 1146 2398 1221 Alphonsum

142 1200 323 1254 aliquem
353 1204 434 1241 tibi
463 1202 674 1253 largiatur

285 1268 453 1307 Gratias
484 1270 622 1308 habeo
640 1281 726 1321 pro
758 1270 1060 1309 communicato
1082 1273 1153 1308 tuo
1179 1270 1367 1309 discursu
1389 1270 1439 1309 de
1480 1268 1533 1328 Os
1544 1301 1554 1321 ,
1590 1267 1653 1324 ἶ),
1676 1267 1746 1324 Ἱ-Γ.
1805 1270 1938 1310 Video
1960 1273 2001 1308 te
2021 1269 2094 1309 illo
2115 1272 2206 1321 ipso
2230 1274 2398 1320 tangere

139 1337 255 1372 vates
284 1333 528 1388 numerales,
561 1346 739 1387 quorum
768 1336 1029 1387 praecipuus,
1062 1346 1165 1385 quos
1197 1337 1364 1388 quidem
1394 1335 1509 1388 vidi,
1541 1336 1735 1385 Nagelius
1767 1340 1828 1375 est
1860 1333 1946 1388 (cfr.
1978 1337 2058 1375 vol.
2089 1338 2161 1376 IV.
2194 1349 2233 1387 p.
2270 1338 2396 1385 173.).

139 1390 266 1442 CuJus
297 1393 467 1445 quidem
498 1398 642 1432 contra
673 1393 921 1433 diastemata
953 1397 993 1432 et
1022 1394 1296 1432 instrumenta
1326 1394 1564 1443 Tychonica
1592 1405 1722 1444 nugas
1755 1395 1812 1443 (id
1842 1395 2022 1433 nominis
2046 1396 2214 1434 omuino
2237 1407 2396 1434 meren-

138 1450 219 1501 tur)
252 1463 344 1490 cum
374 1451 558 1490 nondum
587 1451 755 1505 videris,
786 1453 906 1490 mitto
937 1452 1015 1490 tibi
1049 1452 1408 1500 „Fundamentum
1436 1454 1524 1502 ejus
1556 1453 1916 1507 Astronomicum“
1949 1455 1994 1492 in
2023 1466 2089 1492 me
2122 1455 2398 1503 conscriptum

138 1515 178 1547 et
207 1521 303 1548 vero
335 1511 460 1549 etiam
491 1511 734 1560 rescriptum
765 1523 913 1563 meum,
946 1512 1049 1562 quin
1080 1517 1122 1549 et
1152 1510 1363 1562 exemplar
1395 1510 1597 1561 epistolae
1627 1523 1764 1565 meae,
1797 1524 1882 1564 qua
1911 1516 2048 1552 motus
2080 1510 2396 1551 fundamentum

136 1566 243 1607 illud
273 1580 392 1607 suum
426 1569 683 1619 conscripsit.
743 1569 948 1608 Mitterem
981 1572 1020 1607 et
1049 1569 1378 1609 Uranodromum
1407 1581 1543 1608 meum
1576 1572 1821 1609 cometieum
1853 1574 1892 1609 et
1922 1570 2020 1623 alia,
2059 1571 2130 1609 sed
2160 1583 2317 1618 vereor,
2345 1571 2412 1609 ne.

137 1627 365 1675 portorium
395 1631 558 1678 superet
588 1629 835 1678 scriptorum
867 1627 1124 1676 dignitatem.
1185 1627 1318 1677 Quam
1348 1628 1492 1667 vidisti
1524 1628 1848 1679 disputationem
1871 1630 1919 1667 de
1943 1631 2124 1680 cometis,
2156 1642 2262 1669 anno
2284 1632 2393 1670 1605

136 1695 202 1723 me
232 1686 505 1736 respondente
533 1687 728 1736 praeside
760 1686 1072 1725 Keckermanno
1104 1687 1317 1740 habitam,
1366 1687 1536 1726 eandem
1579 1688 1623 1725 in
1660 1688 1943 1727 Uranodromo
1986 1689 2075 1738 ipse
2117 1689 2312 1728 examino
2350 1700 2399 1727 ac

137 1743 304 1792 publice
335 1745 585 1783 sententiam
614 1756 763 1795 meam,
795 1756 841 1783 eo
874 1748 1063 1796 tempore
1091 1747 1319 1794 Juvenilem
1349 1749 1388 1784 et
1419 1744 1522 1784 male
1553 1745 1791 1799 fundatam,
1822 1747 1978 1796 rejicio.
2042 1745 2166 1796 Quod
2196 1747 2398 1794 Astrono-

137 1802 264 1840 miam
293 1802 498 1842 Danicam
542 1803 726 1842 nondum
773 1804 933 1853 habes,
983 1804 1142 1843 invitus
1173 1804 1326 1853 audj03
1371 1816 1444 1854 per
1473 1803 1708 1843 Boru'ssiam
1744 1817 1852 1845 unus
1883 1809 2021 1844 noster
2050 1804 2287 1856 bibliopola
2313 1806 2399 1856 J’am

138 1871 264 1910 supra
290 1862 345 1900 30
380 1859 636 1911 exemplaria
666 1863 778 1900 intra
810 1873 966 1901 annum
999 1862 1245 1914 divendidit,
1279 1867 1439 1902 constat
1469 1863 1494 1900 2
1527 1863 1708 1902 thaleris.

278 1919 356 1958 His
378 1920 498 1958 addit
519 1918 721 1969 Criigerus
754 1921 1071 1971 descriptionem
1094 1919 1275 1975 eclipsis,
1300 1932 1425 1974 quam
1445 1919 1647 1972 Keplerus
1659 1922 1840 1972 petierat
1856 1919 2010 1974 (plures
2033 1920 2193 1962 Solares
2214 1934 2289 1961 nec
2310 1922 2396 1961 Lu-

135 1988 254 2021 nares
273 1989 315 2017 se
337 1989 419 2016 non
440 1978 592 2017 habere
615 1978 716 2018 dicit
742 1977 974 2032 Criigerus),
995 1982 1035 2018 et
1051 1979 1258 2029 J‘udieium
1283 1981 1440 2031 expetit
1463 1979 1512 2018 de
1536 1980 2103 2030 comet-a„Regi0montano“,
2127 1981 2177 2020 de
2192 1980 2396 2020 Straussio

140 2033 322 2089 aliisque
343 2035 438 2076 aliis
459 2035 565 2076 locis
594 2038 843 2088 inserendis,
876 2042 916 2076 et
947 2039 1006 2076 510
1038 2034 1267 2077 concludit:
1299 2037 1407 2078 Vale
1423 2038 1499 2077 Vir
1529 2038 1852 2078 eminentissime
1885 2044 1924 2078 et
1946 2040 2055 2078 hunc
2074 2037 2398 2091 tabellariolum,

137 2095 173 2133 si
202 2099 348 2148 potes,
394 2107 609 2148 nunquam
644 2095 726 2135 huc
757 2097 890 2135 literis
921 2108 1098 2136 vacuum
1130 2095 1304 2138 dimitte.
1362 2098 1495 2150 Vive,
1542 2096 1635 2136 vale
1680 2102 1720 2137 et
1762 2099 1860 2137 flore
1901 2099 1946 2136 in
1978 2097 2301 2137 emolumentum
2340 2100 2400 2136 rei

134 2154 445 2194 astronomicae.
506 2154 610 2193 Cum
660 2156 908 2194 tabellarius
951 2157 1151 2207 scriptum
1195 2167 1330 2195 meum
1375 2154 1424 2194 (10
1458 2160 1619 2195 cometa
1648 2167 1806 2207 nupero
1836 2168 1921 2196 non
1952 2158 2107 2196 invitus
2139 2169 2275 2196 secum
2306 2169 2399 2208 por-

133 2211 304 2252 tandum
333 2214 531 2264 recipiat,
566 2224 617 2252 en
648 2213 694 2252 id
726 2213 920 2264 adjungo.

278 2270 450 2322 Kepleri
481 2272 696 2322 responsio
728 2272 785 2311 ad
815 2273 956 2312 literas
990 2271 1159 2322 Griigeri
1190 2274 1291 2313 anni
1326 2275 1435 2313 1623
1481 2274 1640 2325 priores
1680 2273 1780 2313 data
1812 2278 1873 2313 est
1904 2275 1943 2314 d.
1980 2275 2045 2313 18.
2067 2274 2185 2313 Febr.
2218 2275 2326 2313 1624
2360 2278 2400 2312 et

133 2336 198 2375 his
242 2337 420 2387 incipit:
482 2330 703 2380 Salutem
740 2338 789 2380 et
825 2332 989 2381 felicia
1023 2335 1141 2381 novi
1180 2335 1292 2382 anni
1331 2335 1551 2398 auspicia
1576 2347 1760 2398 precor,
1801 2333 2077 2397 Clarissime
2106 2333 2206 2396 Vir,
2246 2336 2398 2382 amice

132 2402 430 2454 honorande.
503 2403 773 2455 Tabellarii
822 2404 968 2469 hujus
1025 2409 1241 2456 consueti
1294 2413 1581 2472 conspectus
1618 2421 1696 2456 me
1736 2407 1993 2469 admonet,
2056 2413 2109 2454 ut
2147 2413 2193 2456 te
2231 2408 2399 2471 paucis

131 2475 370 2542 alloquar.
2316 2536 2317 2539 Ἴ

281 2551 522 2599 Proximis
568 2566 645 2601 me
697 2550 848 2601 literis
894 2554 1126 2601 monuisti
1187 2552 1245 2603 de
1303 2553 1563 2602 Christiani
1614 2553 2005 2616 Longomontani
2061 2553 2393 2601 Astronomia.

139 2623 268 2674 Dedi
303 2625 451 2687 igitur
488 2639 710 2687 operam,
770 2633 824 2675 ut
877 2640 983 2674 eam
1023 2624 1348 2676 Frankofurto
1388 2627 1632 2676 haberem.
1708 2627 1820 2676 Diei
1865 2642 1961 2675 non
2011 2631 2201 2689 potest,
2250 2641 2396 2688 quam

141 2697 247 2759 ejus
285 2697 430 2746 lectio
468 2712 546 2747 me
587 2697 955 2762 exhilaraveri't,
996 2714 1105 2748 cum
1144 2701 1323 2748 multas
1363 2701 1486 2749 alias
1515 2702 1577 2749 ob
1607 2715 1793 2762 causas,
1834 2706 1935 2748 tum
1963 2701 2220 2764 praecipue
2247 2714 2396 2764 prop-

140 2776 212 2820 ter
249 2772 365 2832 ista,
405 2770 537 2833 quod
576 2774 618 2819 si
655 2786 803 2835 quam
843 2772 1044 2822 habebit
1081 2774 1317 2822 invidiam
1354 2773 1634 2837 redargutio
1675 2775 2070 2827 observationum
2110 2767 2395 2834 Ptolemaei,

147 2858 255 2892 eam
320 2859 483 2893 mnem
532 2843 615 2894 ille
662 2846 791 2910 prior
846 2848 897 2894 in
943 2860 995 2896 se
1049 2849 1296 2912 suscepit,
1362 2846 1494 2910 quod
1542 2846 1882 2896 meditationes
1921 2861 2034 2895 suas
2075 2845 2133 2895 de
2172 2847 2396 2912 partibus

142 2918 478 2979 astronomiae,
521 2932 643 2981 quas
680 2918 849 2983 Tycho
891 2919 1109 2970 Braheus
1147 2935 1246 2970 non
1284 2935 1344 2970 ex
1381 2920 1599 2986 professo
1640 2927 1713 2970 est
1742 2920 1961 2982 Ι(0101105,
2001 2918 2196 2969 1οι1000
2233 2922 2398 2984 posuit

143 2991 284 3054 prior,
326 2990 457 3055 quod
496 2990 708 3055 epochas
747 2994 1006 3042 creationis
1043 2994 1211 3042 mundi
1249 2995 1417 3055 nititur
1454 2995 1504 3040 in
1541 2993 1664 3042 10015
1702 2994 1890 3043 zodiaci
1929 2995 2203 3058 conspicuis
2242 2993 2397 3042 collo-

145 3077 280 3113 care:
335 3064 418 3113 ubi
468 3078 564 3113 non
612 3071 775 3129 potest
811 3080 888 3115 me
925 3081 1019 3115 non
1061 3066 1301 3117 delectare
1341 3081 1605 3116 consensus
1643 3073 1807 3116 noster
1845 3068 2038 3118 tacitus,
2113 3066 2240 3115 Nam
2279 3067 2397 3130 quid

149 3151 238 3200 ego
276 3130 448 3187 moliar
485 3136 668 3198 simile,
724 3138 863 3187 vides
915 3154 972 3188 cx
1012 3140 1260 3204 Epitomes
1300 3140 1425 3188 libro
1463 3139 1578 3189 VlI.
1635 3145 1681 3189 et
1728 3155 1787 3189 ex
1823 3138 2062 3204 Mysterio
2104 3139 2397 3203 Cosmogra-

144 3209 286 3274 phico
324 3224 494 3260 recuso
534 3212 737 3274 ejusque
775 3213 902 3260 notis
941 3211 1005 3261 ad
1031 3219 1178 3278 caput
1204 3212 1428 3261 ultimum
1466 3217 1561 3268 (vol.
1594 3219 1624 3258 Ι.
1667 3231 1705 3270 p.
1742 3221 1854 3269 186).
1913 3213 2050 3275 Quae
2078 3215 2117 3261 si
2144 3228 2242 3262 non
2268 3228 2395 3261 anno
2464 3212 2467 3215 ⁴

152 3284 302 3331 1621.
343 3284 645 3333 Francofurti
685 3291 848 3334 essent
887 3286 1141 3349 impressa,
1192 3291 1412 3350 poteram
1451 3285 1606 3336 videri
1643 3286 1816 3336 falcem
1856 3289 1903 3333 in
1944 3286 2152 3335 alienam
2190 3302 2398 3336 messem

146 3357 349 3419 mittere,
390 3355 503 3406 dnm
529 3363 642 3422 post
680 3357 1123 3422 Longimontanum
1163 3358 1333 3408 eadem
1370 3365 1517 3411 tento,
1590 3358 1683 3408 His
1723 3359 1781 3409 de
1819 3361 1964 3409 rebus
1991 3373 2081 3423 ego
2106 3374 2234 3409 nunc
2260 3365 2396 3408 tanto

146 3427 373 3478 libentius
412 3430 585 3492 scrib0,
626 3433 741 3494 quia
777 3431 856 3480 hic
895 3432 1184 3497 praecipuus
1222 3447 1358 3481 meus
1395 3433 1488 3489 hoe
1526 3437 1741 3498 tempore
1778 3432 1916 3483 labor
1953 3436 2092 3496 isque
2130 3435 2396 3484 immensus

152 3506 248 3563 est,
300 3502 413 3552 dum
461 3517 522 3553 ex
559 3502 715 3554 altera
750 3511 885 3570 parte
925 3520 1031 3554 cum
1072 3506 1310 3555 erroribus
1349 3507 1743 3556 observationum
1782 3508 2093 3569 antiquarum
2132 3507 2393 3565 conflictor,

152 3587 210 3622 ex
247 3574 399 3626 altera
435 3576 497 3626 ad
536 3577 747 3640 epochas
786 3581 1041 3628 creationis
1081 3580 1250 3628 enitor.
1327 3579 1471 3628 Hunc
1523 3595 1671 3629 unum
1697 3581 1831 3629 'scito
1885 3594 2078 3645 pugnae
2116 3579 2394 3642 nodumque

153 3660 446 3712 moramque,
487 3664 583 3714 quo
621 3653 780 3701 minus
820 3652 1041 3701 Tabulae
1059 3650 1399 3716 Rudolphinae
1440 3653 1689 3717 prodeant.
1765 3654 1892 3703 Ecce
1930 3667 2174 3714 summam
2214 3666 2392 3711 eorum,

157 3731 280 3781 quae
294 3721 526 3772 hactenus
543 3722 802 3787 indagavi.
843 3727 964 3774 mira
981 3726 1119 3787 ratio,
1160 3739 1324 3776 omnes
1345 3729 1556 3790 quinque
1584 3727 1711 3775 circa
1735 3732 1897 3791 partes
1921 3728 1949 3774 8
1969 3728 2215 3789 signorum
2238 3723 2396 3773 cardi-

155 3789 350 3843 nalium
370 3797 491 3846 sitos
530 3794 836 3862 deprehendo
874 3798 1087 3848 motibus
1125 3799 1226 3849 suis
1261 3799 1450 3862 mediiS,
1491 3806 1539 3850 et
1577 3799 1823 3864 aphelium
1859 3795 1896 3865 Γ)
1924 3801 2088 3858 10;“;
2098 3796 2394 3862 ,aphelium
