2554 4140
887 129 1236 188 Regiomontani
1266 134 1312 176 et
1339 128 1583 178 Waltheri.
2267 133 2370 183 765

101 282 321 345 postulat
357 280 495 330 locus
533 279 856 341 eccentricus,
904 286 959 328 ut
995 280 1179 344 angulo
1232 279 1296 329 ad
1335 278 1576 329 Venerem
1613 278 1789 342 maj0ri
1839 278 1997 342 major
2041 279 2105 329 sit
2141 278 2371 342 prostha-

102 354 350 418 phaeresis
387 352 620 404 ablativa.

252 451 339 497 Die
370 452 442 496 26.
481 450 608 506 Sept.
638 448 687 493 in
716 461 873 506 mane,
906 449 1020 494 hora
1053 451 1124 495 11.
1155 448 1303 494 noctis
1346 448 1379 505 ῼ
1422 455 1468 494 et
1510 451 1548 502 <s
1590 454 1635 494 et
1655 448 1788 494 stella
1807 462 1899 494 una
1919 448 2088 494 Leonis
2111 448 2168 496 de
2190 454 2369 510 quarta,

104 516 171 561 sic
201 523 328 574 puto,
359 514 688 571 magnitudine,
730 513 1000 559 videbantur
1038 514 1170 571 quasi
1199 514 1245 558 in
1276 528 1368 559 una
1404 520 1530 560 recta
1561 513 1705 568 linea,
1744 519 1937 569 uterque
1977 514 2373 571 septentrionalior

101 587 315 638 respectu
346 581 483 637 hujus
516 579 689 635 stellae,
720 593 825 623 nam
855 580 1021 625 limbus
1052 580 1244 625 Veneris
1267 581 1500 626 orientalis
1531 587 1720 639 tangere
1741 579 1980 625 videbatur
2000 580 2164 626 lineam
2185 585 2372 632 rectam,

101 659 219 703 quae
247 644 472 691 transibat
510 657 593 701 per
644 647 682 698 <s
732 650 778 689 et
808 645 988 689 stellam
1020 645 1200 690 dictam.
1254 647 1486 692 Distantia
1508 652 1660 692 autem
1694 646 1726 703 ῼ
1770 659 1798 692 a
1828 647 1963 692 stella
1983 646 2219 704 praedicta
2248 645 2370 691 vide·

101 711 237 756 batur
266 710 570 767 sesquialtera
599 710 658 756 ad
687 710 954 756 diametrum
986 712 1195 757 Veneris.

249 787 393 836 Adde
442 793 627 836 motum
677 787 862 837 dierum
918 791 971 846 7,
1024 802 1090 837 sc.
1145 785 1204 836 40
1248 788 1329 837 18’
1368 788 1430 838 ad
1469 788 1630 838 locum
1684 794 1722 845 0'
1744 824 1756 850 ‚
1808 788 2179 851 promovebitur
2231 788 2272 834 is
2321 787 2372 834 in

110 855 206 909 280
243 861 332 909 48¹
377 866 434 923 Q,
473 861 561 909 lat.
606 863 653 909 1.
695 863 780 911 21.
822 862 869 912 b.
946 859 1102 910 Stella
1140 876 1258 910 vero
1299 868 1402 910 erat
1439 864 1488 909 in
1529 859 1624 910 280
1651 861 1737 909 51¹
1777 867 1835 924 Ω,
1873 861 1960 913 lat.
2001 862 2050 910 Ο.
2093 859 2141 909 8¹
2179 861 2226 909 b.
2290 858 2373 909 Sic

105 934 252 996 igitur
291 939 340 982 et
377 930 421 997 ῼ
459 935 680 998 proxime
717 934 846 983 hanc
883 934 1063 982 lineam
1102 934 1289 983 suisset.
1363 934 1472 983 Non
1506 940 1767 983 esttamen
1805 949 1866 982 ne
1892 933 1971 982 hic
1996 933 2193 996 quidem
2231 932 2370 981 locus

107 1008 211 1055 sine
264 1005 431 1054 dubio,
508 1005 635 1054 Nam
684 1012 913 1070 computo
963 1006 1048 1054 lat.
1091 1003 1133 1071 ῼ
1174 1008 1222 1055 Ο.
1266 1009 1332 1055 39
1385 1008 1514 1068 bor.,
1564 1008 1816 1071 superavit
1867 1008 2013 1069 igitur
2063 1005 2374 1054 latitudinem

104 1078 278 1128 stellae
329 1092 419 1141 per
470 1080 570 1126 31¹.
657 1079 725 1127 At
771 1080 867 1128 hoc
917 1079 1164 1141 quomodo
1218 1085 1401 1142 aequat
1452 1080 1825 1142 sesquialterum
1878 1080 2100 1128 diametri
2148 1078 2372 1140 Veneris,

101 1153 195 1200 nisi
242 1151 665 1214 Regiomontanus
716 1154 1082 1202 vitiosissimam
1134 1152 1359 1201 habuerit
1415 1154 1572 1202 aciem
1619 1153 1904 1213 oculorum,
1970 1154 2049 1201 cui
2098 1166 2150 1201 se
2204 1150 2375 1200 Venus

103 1230 293 1273 tantum
344 1223 662 1273 dilataverit?
734 1225 928 1274 Deinde
980 1227 1022 1273 si
1061 1225 1232 1274 Venus
1284 1225 1435 1274 limbo
1471 1239 1562 1274 suo
1608 1225 1899 1274 horizontali
1936 1226 2130 1273 strinxit
2176 1222 2372 1285 lineam,

106 1304 210 1346 erat
247 1298 397 1358 igitur
440 1295 523 1345 10¹
560 1304 674 1346 ante
711 1298 873 1346 fixam.
949 1298 1077 1346 Nam
1115 1299 1156 1345 si
1197 1299 1257 1346 31
1305 1303 1379 1346 est
1417 1298 1604 1360 sesqui,
1662 1299 1728 1346 10
1768 1305 1841 1347 est
1892 1299 2038 1347 semis
2089 1303 2138 1346 et
2174 1298 2246 1345 sic
2284 1299 2374 1346 erit

101 1372 150 1418 in
202 1364 298 1416 280
345 1369 431 1417 41’
486 1375 553 1432 ςζ,
593 1384 702 1418 cum
750 1386 842 1434 ego
895 1378 1171 1435 computem
1221 1371 1304 1419 28.
1348 1371 1433 1420 35.
1523 1369 1781 1433 Quomodo
1832 1371 1995 1420 subito
2045 1369 2262 1419 calculus
2313 1384 2372 1417 ex

104 1441 358 1492 excedenti
395 1442 554 1491 sactus
593 1449 667 1492 est
706 1443 973 1492 deficiens?
1049 1444 1188 1492 Anne
1230 1445 1392 1507 potius
1429 1458 1517 1506 pro
1558 1444 1783 1492 orientali
1820 1443 2084 1507 legendum
2124 1449 2199 1491 est
2237 1444 2374 1492 occi-

102 1515 312 1576 dentali,
365 1522 419 1564 ut
457 1517 522 1564 sit
560 1512 603 1580 ῼ
641 1519 691 1563 in
732 1513 828 1566 290
872 1515 916 1564 1‘
958 1515 1041 1580 52?
1091 1523 1205 1565 tunc
1244 1515 1460 1565 calculus
1515 1516 1676 1565 adhuc
1713 1516 1924 1580 amplius
1972 1516 2214 1565 deficeret.
2293 1515 2372 1563 An

103 1590 249 1650 igitur
287 1587 391 1637 dies
429 1589 637 1649 vitiosa,
676 1595 731 1637 ut
767 1590 913 1639 fuerit
949 1590 1072 1638 haec
1110 1591 1274 1652 potius
1315 1592 1399 1637 27.
1441 1588 1614 1652 Sept?
1689 1589 1829 1639 Tunc
1881 1595 2214 1652 computarem
2252 1603 2373 1638 sane

104 1657 200 1710 290
239 1662 326 1708 42’
369 1666 409 1723 ςζ
448 1676 737 1724 rursumque
776 1662 1031 1712 excederet
1069 1662 1300 1723 calculus,
1340 1661 1428 1711 sed
1465 1664 1643 1725 nimio,
1683 1676 1750 1712 sc.
1797 1657 1851 1710 10
1894 1660 1966 1722 1’,
2022 1667 2107 1710 aut
2145 1663 2187 1709 si
2226 1662 2374 1711 etiam

101 1748 277 1783 vocem
315 1734 536 1782 orientali
574 1741 824 1797 mutarem,
867 1736 1028 1784 adhuc
1068 1733 1153 1783 41¹
1195 1735 1465 1784 excederet.
1539 1735 1703 1784 Locus
1740 1737 1791 1783 in
1825 1732 1914 1783 180
1953 1737 2020 1796 Π
2060 1734 2153 1783 hac
2194 1733 2376 1797 duplici

102 1806 346 1856 medicina
383 1807 544 1856 adhuc
581 1808 801 1871 postulat
838 1810 1075 1871 retroagi,
1117 1815 1170 1856 ut
1207 1814 1444 1872 augeatur
1482 1810 1877 1856 commutationis
1916 1808 2127 1870 angulus
2167 1807 2374 1870 ejusque

105 1879 203 1929 duo
228 1880 460 1942 membra,
486 1881 693 1930 alterum
718 1881 783 1930 ad
809 1881 1052 1931 Venerem
1079 1883 1239 1929 minus
1270 1880 1556 1943 quadrante,
1590 1881 1796 1930 alterum
1824 1881 2108 1944 prosthaph.
2138 1881 2374 1929 ablativa.

248 1951 347 2002 Sed
383 1953 592 2003 sortasse
630 1953 773 2018 plura
809 1969 900 2003 nos
941 1955 1137 2003 docebit
1176 1954 1222 2004 d.
1265 1957 1349 2003 27.
1389 1953 1525 2016 Sept.
1601 1953 1742 2003 Tunc
1781 1955 1909 2002 enim
1958 1955 1992 2001 3
2027 1953 2196 2002 sidera
2233 1954 2376 2001 vide-

103 2026 297 2075 bantur
333 2027 391 2074 in
428 2029 691 2090 trianyulo
730 2030 1042 2090 aequilatero
1058 2065 1072 2089 ,
1128 2024 1171 2093 ῼ
1210 2029 1347 2075 enim
1384 2029 1580 2075 recessit
1633 2043 1668 2076 a
1706 2028 1846 2075 stella
1897 2027 2165 2089 praedicta
2203 2040 2376 2074 versus

102 2101 363 2147 orientem.
425 2099 637 2149 Rursum
675 2116 856 2164 magna
897 2100 1174 2150 difficultas.
1237 2101 1526 2149 Differentia
1561 2099 1874 2148 latitudinum
1929 2105 1967 2156 <f
2013 2097 2055 2165 ῼ
2097 2099 2254 2161 major
2279 2113 2376 2148 non

105 2178 198 2233 est,
238 2186 386 2234 quam
425 2174 473 2221 Ο.
504 2173 620 2238 39’;
660 2174 836 2236 quodsi
875 2174 953 2224 die
981 2175 1064 2223 26.
1106 2175 1350 2236 exquisite
1388 2173 1593 2221 fuissent
1625 2173 1890 2237 conjuncti,
1929 2175 2175 2236 superatio
2204 2171 2377 2221 diurna

119 2251 157 2301 (ς
202 2241 245 2310 Q
285 2244 443 2307 major
482 2261 590 2296 esse
641 2261 739 2296 non
776 2253 945 2310 posset
995 2262 1142 2310 quam
1182 2245 1294 2308 30¹,
1348 2251 1396 2295 et
1445 2248 1611 2308 potius
1662 2248 1820 2294 minor
1857 2247 1972 2307 fuit,
2031 2247 2071 2293 si
2114 2247 2378 2294 retineatur

100 2317 247 2367 lectio
294 2320 547 2367 orientali.
622 2319 757 2369 Nihil
811 2322 960 2382 igitur
1013 2320 1140 2369 ultra
1179 2321 1246 2368 49
1286 2318 1515 2382 planetae
1564 2324 1829 2382 potuerunt
1879 2318 2076 2367 distare.
2153 2319 2221 2366 At
2263 2324 2300 2375 ό
2348 2334 2378 2367 a

100 2390 199 2438 fixa
238 2396 369 2440 certo
410 2390 626 2441 distabat
661 2392 774 2457 plus
815 2407 963 2456 quam
1008 2388 1063 2441 10
1108 2391 1204 2454 13¹,
1245 2397 1431 2455 quanta
1469 2398 1543 2440 est
1581 2390 1851 2441 differentia
1890 2391 2164 2440 latitudinis
2199 2391 2376 2441 Martis

105 2469 155 2512 et
191 2463 334 2512 fixae.
410 2462 574 2526 Quare
613 2465 855 2528 siquidem
894 2466 1028 2514 Mars
1067 2470 1386 2528 superaverat
1421 2464 1592 2525 fixam,
1633 2471 1719 2513 aut
1756 2471 1860 2514 tota
1899 2467 2022 2513 ratio
2062 2464 2377 2513 latitudinum

104 2542 180 2584 est
215 2535 364 2596 falsa,
417 2544 503 2586 aut
552 2538 855 2601 aequilatera
900 2538 1057 2602 figura
1109 2552 1206 2587 non
1254 2538 1364 2599 fuit,
1419 2536 1506 2587 sed
1559 2538 1681 2586 bene
1722 2539 2038 2600 aequicrura,
2088 2538 2194 2586 basi
2250 2544 2287 2593 <s
2333 2534 2375 2602 ῼ

105 2610 297 2658 minori.
374 2610 500 2659 Nam
540 2614 580 2660 si
620 2611 765 2675 plane
804 2613 977 2661 fuisset
1016 2611 1336 2675 aequilatera,
1378 2610 1512 2659 Mars
1549 2613 1767 2674 proxime
1807 2610 1976 2659 stellae
2016 2610 2178 2659 locum
2214 2609 2379 2672 longi-

101 2681 286 2730 tudinis
336 2690 423 2731 aut
460 2685 609 2732 etiam
660 2690 772 2733 ante
811 2684 947 2733 illum
987 2684 1207 2745 caderet,
1261 2685 1377 2747 quia
1424 2683 1635 2732 latitudo
1673 2683 1879 2733 Veneris
1928 2683 2135 2731 multum
2175 2689 2377 2746 superat

99 2754 409 2805 latitudinem
447 2757 587 2806 fixae.
663 2758 782 2806 Esto
822 2759 1161 2820 aequicrurum
1201 2762 1248 2806 et
1286 2761 1430 2804 sunto
1470 2756 1754 2805 latitudines
1810 2763 1847 2812 (ς
1898 2750 1951 2803 10
1978 2754 2079 2817 21’,
2122 2753 2164 2822 ῼ
2194 2757 2242 2805 Ο.
2273 2755 2374 2818 42’,

106 2836 161 2876 ut
198 2830 296 2876 sint
335 2827 635 2880 differentiae
673 2829 985 2879 latitudinum
1026 2845 1055 2879 a
1096 2829 1240 2879 stella
1285 2825 1339 2877 10
1370 2827 1452 2877 13¹
1493 2836 1539 2878 et
1566 2831 1613 2879 O.
1642 2829 1742 2878 34¹.
1810 2827 2007 2890 Quanta
2043 2834 2182 2878 erunt
2221 2843 2374 2890 crura,

106 2907 159 2948 ut
197 2899 317 2949 fiant
354 2903 614 2969 aequalia,
653 2902 812 2952 Marte
852 2905 899 2950 in
941 2899 1035 2953 290
1075 2902 1160 2952 25¹
1202 2908 1241 2966 εἰ
1284 2901 1525 2951 collocato
1567 2918 1626 2951 ex
1664 2916 1752 2951 suo
1794 2900 1982 2950 calculo
1993 2938 2008 2964 ,
2059 2908 2106 2951 et
2144 2916 2377 2965 quorsum

102 2973 284 3023 recidet
322 2971 408 3040 ῼῬ
482 2975 681 3026 Scilicet
725 2991 866 3026 crura
914 2981 1053 3026 erunt
1104 2971 1158 3024 10
1197 2972 1358 3044 2072‘
1410 2981 1458 3024 et
1497 2972 1539 3040 ῼ
1585 2978 1633 3022 in
1674 2976 1721 3024 Ο.
1765 2973 1813 3022 4‘
1855 2971 1938 3043 1η).
2017 2975 2145 3037 Ergo
2199 2974 2246 3024 d.
2288 2977 2374 3024 26.

102 3052 232 3095 esset
269 3048 318 3093 in
358 3043 454 3096 280
482 3051 543 3098 57
554 3049 567 3075 ¹
594 3055 655 3116 εἷ,
693 3055 747 3098 ut
784 3052 854 3099 sic
895 3064 1007 3099 vere
1045 3051 1179 3113 prius
1220 3055 1267 3098 et
1307 3048 1524 3097 calculus
1554 3047 1748 3097 deficiat
1787 3054 1834 3097 et
1869 3047 2166 3097 occidentali
2203 3046 2377 3112 legen-

102 3118 216 3168 dum
254 3121 333 3169 sit.

248 3193 475 3256 Denique
529 3194 571 3242 si
618 3207 678 3243 ne
716 3209 846 3244 nunc
885 3194 1082 3257 quidem
1130 3194 1385 3259 probabile
1428 3199 1527 3253 est,
1583 3193 1823 3243 calculum
1875 3199 1974 3242 tam
2013 3194 2109 3242 cito
2151 3193 2371 3256 deficere,

104 3266 184 3329 qui
226 3267 371 3315 modo
411 3267 486 3315 bis
526 3272 814 3329 excesserat,
856 3268 1174 3317 transferatur
1204 3269 1350 3316 etiam
1379 3269 1473 3315 ista
1500 3267 1777 3316 observatio
1818 3265 1877 3316 de
1916 3269 2000 3315 27.
2030 3267 2079 3314 in
2107 3269 2190 3315 28.
2221 3267 2375 3332 Sept„

102 3347 219 3387 tunc
256 3339 390 3388 Mars
434 3340 525 3388 erit
561 3341 610 3386 in
652 3341 700 3391 O.
742 3340 791 3387 2¹
829 3338 924 3408 1η),
980 3340 1065 3389 lat.
1113 3335 1168 3388 10
1206 3339 1292 3387 22’
1332 3340 1411 3400 b.‚
1468 3354 1616 3402 quare
1668 3338 1869 3389 distabit
1908 3354 1938 3388 a
1976 3339 2121 3390 stella
2164 3336 2219 3390 10
2259 3339 2371 3402 43¹3

112 3411 259 3461 distet
307 3418 495 3460 tantum
550 3419 597 3461 et
636 3412 831 3474 Venus,
886 3412 1143 3461 latitudine
1195 3412 1258 3460 ad
1308 3412 1435 3460 hanc
1475 3412 1601 3461 diem
1648 3413 1695 3461 Ο.
1739 3412 1831 3473 45,
1888 3412 2156 3462 differentia
2201 3414 2307 3476 ejus
2347 3428 2376 3461 a

106 3483 253 3533 stella
293 3485 402 3547 37¹,
460 3491 576 3534 tunc
613 3488 721 3549 ipsa
758 3487 923 3534 veniet
962 3487 1009 3532 in
1051 3486 1100 3534 Ο.
1143 3485 1228 3532 27¹
1267 3482 1337 3553 1η)
1375 3492 1423 3534 et
1461 3485 1531 3533 sic
1567 3484 1721 3549 pridie
1759 3486 1931 3535 suisset
1966 3487 2018 3534 in
2056 3482 2152 3535 290
2191 3485 2276 3534 20‘
2319 3491 2377 3549 Ω,

111 3556 309 3620 quando
359 3558 574 3607 calculus
624 3559 741 3607 dicit
780 3554 876 3606 290
914 3558 999 3605 42‘
1039 3564 1087 3606 et
1135 3559 1207 3605 sic
1245 3557 1355 3620 plus
1396 3558 1563 3620 justo,
1616 3564 1669 3605 ut
1714 3559 1850 3621 prius
1889 3561 2056 3623 etiam3
2106 3559 2191 3608 sed
2231 3558 2377 3620 hujus

105 3630 293 3693 figurae
333 3630 466 3679 basis
505 3628 547 3696 Ω
592 3638 629 3688 ό
689 3633 778 3680 erit
816 3644 912 3679 non
951 3630 1108 3692 major
1146 3644 1291 3691 quarn
1331 3626 1509 3699 45¹s2‘,
1548 3631 1714 3693 itaque
1742 3634 2041 3693 aequicrura,
2080 3646 2175 3680 non
2203 3632 2379 3694 aequi-

110 3701 277 3761 latera,
319 3705 464 3751 etiam
493 3702 572 3752 hic
611 3709 684 3753 est
720 3704 891 3767 figura.
932 3730 998 3739 —
1040 3702 1186 3751 Ratio
1224 3702 1494 3766 medicinae
1534 3710 1607 3752 est
1643 3702 1837 3767 eadem,
1878 3719 2005 3769 quae
2043 3705 2192 3768 ptine.

250 3776 481 3838 Sequitur
520 3776 584 3825 ad
623 3777 668 3829 d.
712 3779 795 3825 20.
839 3775 945 3824 Oct.
987 3776 1268 3824 observatio
1307 3775 1528 3836 νευρῆς,
1568 3777 1616 3824 in
1655 3790 1755 3840 qua
1793 3784 2001 3828 erratum
2042 3779 2088 3823 in
2130 3776 2238 3838 die3
2277 3791 2374 3840 po-

108 3849 239 3896 nitur
277 3850 405 3899 enim
446 3851 532 3898 21.
560 3847 668 3900 Oct.
747 3850 814 3899 At
849 3845 919 3915 Q
961 3849 1223 3899 observata
1258 3847 1402 3898 simul
1441 3854 1491 3899 et
1528 3849 1789 3914 conjuncta
1826 3850 2052 3915 planetae
2091 3850 2141 3897 in
2181 3847 2276 3898 28⁰
2303 3847 2374 3919 Ῐη)
