<?xml version="1.0" encoding="UTF-8"?>
<!DOCTYPE html PUBLIC "-//W3C//DTD XHTML 1.0 Transitional//EN"
    "http://www.w3.org/TR/xhtml1/DTD/xhtml1-transitional.dtd">
<html xmlns="http://www.w3.org/1999/xhtml" xml:lang="en" lang="en">
 <head>
  <title>
</title>
<meta http-equiv="Content-Type" content="text/html;charset=utf-8" />
  <meta name='ocr-system' content='tesseract 3.04.00' />
  <meta name='ocr-capabilities' content='ocr_page ocr_carea ocr_par ocr_line ocrx_word'/>
</head>
<body>
  <div class='ocr_page' id='page_1' title='image "./operaomniaedidit06kepluoft_0376.png"; bbox 0 0 2554 4140; ppageno 0'>
   <div class='ocr_carea' id='block_1_1' title="bbox 224 127 1639 183">
    <p class='ocr_par' dir='ltr' id='par_1_1' title="bbox 224 127 1639 183">
     <span class='ocr_line' id='line_1_1' title="bbox 224 127 1639 183; baseline -0.006 -3"><span class='ocrx_word' id='word_1_1' title='bbox 224 132 326 180; x_wconf 82' lang='lat'>362</span> <span class='ocrx_word' id='word_1_2' title='bbox 1053 127 1288 183; x_wconf 84' lang='lat' dir='ltr'>Epitomes</span> <span class='ocrx_word' id='word_1_3' title='bbox 1318 127 1639 173; x_wconf 84' lang='lat' dir='ltr'>Astronomiae</span> 
     </span>
    </p>
   </div>
   <div class='ocr_carea' id='block_1_2' title="bbox 215 275 2554 3911">
    <p class='ocr_par' dir='ltr' id='par_1_2' title="bbox 220 275 2489 1201">
     <span class='ocr_line' id='line_1_2' title="bbox 224 275 2474 340; baseline 0.001 -15"><span class='ocrx_word' id='word_1_4' title='bbox 224 276 402 325; x_wconf 81' lang='lat' dir='ltr'>Terrae</span> <span class='ocrx_word' id='word_1_5' title='bbox 455 280 664 337; x_wconf 88' lang='lat' dir='ltr'>cognato</span> <span class='ocrx_word' id='word_1_6' title='bbox 714 289 940 339; x_wconf 89' lang='lat' dir='ltr'>corpore,</span> <span class='ocrx_word' id='word_1_7' title='bbox 990 276 1106 327; x_wconf 93' lang='lat' dir='ltr'>licet</span> <span class='ocrx_word' id='word_1_8' title='bbox 1155 291 1245 325; x_wconf 90' lang='lat' dir='ltr'>nec</span> <span class='ocrx_word' id='word_1_9' title='bbox 1294 275 1375 325; x_wconf 89' lang='lat' dir='ltr'>hic</span> <span class='ocrx_word' id='word_1_10' title='bbox 1419 291 1509 326; x_wconf 85' lang='lat' dir='ltr'>uec</span> <span class='ocrx_word' id='word_1_11' title='bbox 1557 277 1658 325; x_wconf 88' lang='lat' dir='ltr'>illic</span> <span class='ocrx_word' id='word_1_12' title='bbox 1703 277 1971 327; x_wconf 81' lang='lat' dir='ltr'><strong>intercedat</strong></span> <span class='ocrx_word' id='word_1_13' title='bbox 2006 278 2183 340; x_wconf 88' lang='lat' dir='ltr'>aliquis</span> <span class='ocrx_word' id='word_1_14' title='bbox 2222 283 2474 327; x_wconf 86' lang='lat' dir='ltr'>contaetus</span> 
     </span>
     <span class='ocr_line' id='line_1_3' title="bbox 230 347 2476 412; baseline 0.001 -14"><span class='ocrx_word' id='word_1_15' title='bbox 230 362 499 411; x_wconf 82' lang='lat' dir='ltr'>corporum.</span> <span class='ocrx_word' id='word_1_16' title='bbox 577 347 812 411; x_wconf 86' lang='lat' dir='ltr'>Adeoque</span> <span class='ocrx_word' id='word_1_17' title='bbox 860 347 910 412; x_wconf 85' lang='lat'>7)</span> <span class='ocrx_word' id='word_1_18' title='bbox 946 349 1063 411; x_wconf 91' lang='lat' dir='ltr'>quid</span> <span class='ocrx_word' id='word_1_19' title='bbox 1099 351 1299 409; x_wconf 89' lang='lat' dir='ltr'>mirum,</span> <span class='ocrx_word' id='word_1_20' title='bbox 1340 349 1526 398; x_wconf 86' lang='lat' dir='ltr'>Lunam</span> <span class='ocrx_word' id='word_1_21' title='bbox 1566 366 1596 399; x_wconf 89' lang='lat' dir='ltr'>a</span> <span class='ocrx_word' id='word_1_22' title='bbox 1633 349 1784 399; x_wconf 86' lang='lat' dir='ltr'>Terra</span> <span class='ocrx_word' id='word_1_23' title='bbox 1819 352 2026 408; x_wconf 89' lang='lat' dir='ltr'>moveri,</span> <span class='ocrx_word' id='word_1_24' title='bbox 2077 365 2184 399; x_wconf 91' lang='lat' dir='ltr'>cum</span> <span class='ocrx_word' id='word_1_25' title='bbox 2223 350 2476 400; x_wconf 90' lang='lat' dir='ltr'>videamus</span> 
     </span>
     <span class='ocr_line' id='line_1_4' title="bbox 227 421 2471 483; baseline 0 -13"><span class='ocrx_word' id='word_1_26' title='bbox 227 423 441 470; x_wconf 85' lang='lat' dir='ltr'>vicissim</span> <span class='ocrx_word' id='word_1_27' title='bbox 480 426 528 470; x_wconf 90' lang='lat' dir='ltr'>et</span> <span class='ocrx_word' id='word_1_28' title='bbox 559 421 748 469; x_wconf 87' lang='lat' dir='ltr'>Lunam</span> <span class='ocrx_word' id='word_1_29' title='bbox 786 423 991 471; x_wconf 84' lang='lat' dir='ltr'>transitu</span> <span class='ocrx_word' id='word_1_30' title='bbox 1028 437 1117 471; x_wconf 87' lang='lat' dir='ltr'>suo</span> <span class='ocrx_word' id='word_1_31' title='bbox 1158 436 1303 483; x_wconf 89' lang='lat' dir='ltr'>super</span> <span class='ocrx_word' id='word_1_32' title='bbox 1341 423 1547 470; x_wconf 86' lang='lat' dir='ltr'>vertices</span> <span class='ocrx_word' id='word_1_33' title='bbox 1585 423 1807 471; x_wconf 85' lang='lat' dir='ltr'>locorum</span> <span class='ocrx_word' id='word_1_34' title='bbox 1853 425 2044 472; x_wconf 87' lang='lat' dir='ltr'>causari</span> <span class='ocrx_word' id='word_1_35' title='bbox 2079 424 2263 472; x_wconf 79' lang='lat' dir='ltr'>fluxum</span> <span class='ocrx_word' id='word_1_36' title='bbox 2302 425 2471 472; x_wconf 89' lang='lat' dir='ltr'>oceani</span> 
     </span>
     <span class='ocr_line' id='line_1_5' title="bbox 222 492 2473 556; baseline 0 -15"><span class='ocrx_word' id='word_1_37' title='bbox 222 495 521 556; x_wconf 89' lang='lat' dir='ltr'>reciprocum</span> <span class='ocrx_word' id='word_1_38' title='bbox 571 495 621 540; x_wconf 89' lang='lat' dir='ltr'>in</span> <span class='ocrx_word' id='word_1_39' title='bbox 659 492 895 545; x_wconf 76' lang='lat' dir='ltr'>Tellure?</span> <span class='ocrx_word' id='word_1_40' title='bbox 949 495 1119 547; x_wconf 83' lang='lat' dir='ltr'>Nonne</span> <span class='ocrx_word' id='word_1_41' title='bbox 1168 496 1288 543; x_wconf 85' lang='lat' dir='ltr'>satis</span> <span class='ocrx_word' id='word_1_42' title='bbox 1335 494 1535 542; x_wconf 89' lang='lat' dir='ltr'>evidens</span> <span class='ocrx_word' id='word_1_43' title='bbox 1574 495 1668 543; x_wconf 91' lang='lat' dir='ltr'>hoc</span> <span class='ocrx_word' id='word_1_44' title='bbox 1705 501 1781 545; x_wconf 87' lang='lat' dir='ltr'>est</span> <span class='ocrx_word' id='word_1_45' title='bbox 1819 495 2162 544; x_wconf 85' lang='lat' dir='ltr'>documentum</span> <span class='ocrx_word' id='word_1_46' title='bbox 2203 498 2473 544; x_wconf 89' lang='lat' dir='ltr'>communi-</span> 
     </span>
     <span class='ocr_line' id='line_1_6' title="bbox 221 565 2468 633; baseline 0 -18"><span class='ocrx_word' id='word_1_47' title='bbox 221 567 426 615; x_wconf 84' lang='lat' dir='ltr'><strong>cationis</strong></span> <span class='ocrx_word' id='word_1_48' title='bbox 464 571 684 614; x_wconf 89' lang='lat' dir='ltr'>motuum</span> <span class='ocrx_word' id='word_1_49' title='bbox 722 568 845 625; x_wconf 82' lang='lat' dir='ltr'>inter</span> <span class='ocrx_word' id='word_1_50' title='bbox 881 567 1005 616; x_wconf 88' lang='lat' dir='ltr'>haec</span> <span class='ocrx_word' id='word_1_51' title='bbox 1045 567 1141 614; x_wconf 91' lang='lat' dir='ltr'>duo</span> <span class='ocrx_word' id='word_1_52' title='bbox 1181 567 1424 629; x_wconf 75' lang='lat' dir='ltr'>corpora?</span> <span class='ocrx_word' id='word_1_53' title='bbox 1463 566 1683 617; x_wconf 80' lang='lat' dir='ltr'>Tandem</span> <span class='ocrx_word' id='word_1_54' title='bbox 1721 565 1772 633; x_wconf 89' lang='lat'>8)</span> <span class='ocrx_word' id='word_1_55' title='bbox 1811 568 2119 617; x_wconf 89' lang='lat' dir='ltr'>confirmatur</span> <span class='ocrx_word' id='word_1_56' title='bbox 2157 568 2284 616; x_wconf 90' lang='lat' dir='ltr'>idem</span> <span class='ocrx_word' id='word_1_57' title='bbox 2324 571 2468 616; x_wconf 89' lang='lat' dir='ltr'>etiam</span> 
     </span>
     <span class='ocr_line' id='line_1_7' title="bbox 220 638 2472 704; baseline 0.001 -17"><span class='ocrx_word' id='word_1_58' title='bbox 220 639 312 688; x_wconf 89' lang='lat' dir='ltr'>hac</span> <span class='ocrx_word' id='word_1_59' title='bbox 358 639 617 701; x_wconf 85' lang='lat' dir='ltr'>analogiae</span> <span class='ocrx_word' id='word_1_60' title='bbox 664 645 801 702; x_wconf 91' lang='lat' dir='ltr'>parte</span> <span class='ocrx_word' id='word_1_61' title='bbox 849 638 1068 688; x_wconf 87' lang='lat' dir='ltr'>residua:</span> <span class='ocrx_word' id='word_1_62' title='bbox 1126 639 1212 687; x_wconf 86' lang='lat' dir='ltr'>Sol</span> <span class='ocrx_word' id='word_1_63' title='bbox 1261 646 1309 689; x_wconf 91' lang='lat' dir='ltr'>et</span> <span class='ocrx_word' id='word_1_64' title='bbox 1345 639 1512 688; x_wconf 82' lang='lat' dir='ltr'>Tellus</span> <span class='ocrx_word' id='word_1_65' title='bbox 1550 647 1785 703; x_wconf 89' lang='lat' dir='ltr'>gyrantur</span> <span class='ocrx_word' id='word_1_66' title='bbox 1823 642 1952 690; x_wconf 91' lang='lat' dir='ltr'>circa</span> <span class='ocrx_word' id='word_1_67' title='bbox 1988 655 2104 689; x_wconf 89' lang='lat' dir='ltr'>suos</span> <span class='ocrx_word' id='word_1_68' title='bbox 2144 655 2287 701; x_wconf 87' lang='lat' dir='ltr'>axes,</span> <span class='ocrx_word' id='word_1_69' title='bbox 2341 641 2472 704; x_wconf 90' lang='lat' dir='ltr'>quod</span> 
     </span>
     <span class='ocr_line' id='line_1_8' title="bbox 222 711 2470 776; baseline 0 -15"><span class='ocrx_word' id='word_1_70' title='bbox 222 713 519 774; x_wconf 84' lang='lat' dir='ltr'>experientia</span> <span class='ocrx_word' id='word_1_71' title='bbox 565 718 749 761; x_wconf 88' lang='lat' dir='ltr'>certum</span> <span class='ocrx_word' id='word_1_72' title='bbox 800 718 895 772; x_wconf 89' lang='lat' dir='ltr'>est,</span> <span class='ocrx_word' id='word_1_73' title='bbox 949 711 1007 760; x_wconf 92' lang='lat' dir='ltr'>de</span> <span class='ocrx_word' id='word_1_74' title='bbox 1047 711 1162 760; x_wconf 89' lang='lat' dir='ltr'>Sole</span> <span class='ocrx_word' id='word_1_75' title='bbox 1211 727 1296 774; x_wconf 89' lang='lat' dir='ltr'>per</span> <span class='ocrx_word' id='word_1_76' title='bbox 1332 727 1414 771; x_wconf 88' lang='lat' dir='ltr'>se,</span> <span class='ocrx_word' id='word_1_77' title='bbox 1468 712 1527 762; x_wconf 90' lang='lat' dir='ltr'>de</span> <span class='ocrx_word' id='word_1_78' title='bbox 1566 713 1716 762; x_wconf 84' lang='lat' dir='ltr'>Terra</span> <span class='ocrx_word' id='word_1_79' title='bbox 1752 713 1926 762; x_wconf 88' lang='lat' dir='ltr'>saltem</span> <span class='ocrx_word' id='word_1_80' title='bbox 1964 714 2095 776; x_wconf 85' lang='lat' dir='ltr'>apud</span> <span class='ocrx_word' id='word_1_81' title='bbox 2135 713 2470 776; x_wconf 85' lang='lat' dir='ltr'>Copernicurn,</span> 
     </span>
     <span class='ocr_line' id='line_1_9' title="bbox 221 784 2471 848; baseline 0 -15"><span class='ocrx_word' id='word_1_82' title='bbox 221 784 404 833; x_wconf 90' lang='lat' dir='ltr'>scilieet</span> <span class='ocrx_word' id='word_1_83' title='bbox 453 790 507 833; x_wconf 90' lang='lat' dir='ltr'>ut</span> <span class='ocrx_word' id='word_1_84' title='bbox 552 784 645 835; x_wconf 86' lang='lat' dir='ltr'>hac</span> <span class='ocrx_word' id='word_1_85' title='bbox 693 787 948 848; x_wconf 86' lang='lat' dir='ltr'>gyratione</span> <span class='ocrx_word' id='word_1_86' title='bbox 996 784 1204 846; x_wconf 85' lang='lat' dir='ltr'>planetis</span> <span class='ocrx_word' id='word_1_87' title='bbox 1257 786 1383 835; x_wconf 89' lang='lat' dir='ltr'>circa</span> <span class='ocrx_word' id='word_1_88' title='bbox 1434 800 1488 834; x_wconf 89' lang='lat' dir='ltr'>se</span> <span class='ocrx_word' id='word_1_89' title='bbox 1538 788 1711 848; x_wconf 86' lang='lat' dir='ltr'>positis</span> <span class='ocrx_word' id='word_1_90' title='bbox 1761 791 1945 834; x_wconf 90' lang='lat' dir='ltr'>motum</span> <span class='ocrx_word' id='word_1_91' title='bbox 1984 787 2211 846; x_wconf 81' lang='lat' dir='ltr'>inferant,</span> <span class='ocrx_word' id='word_1_92' title='bbox 2263 785 2350 835; x_wconf 89' lang='lat' dir='ltr'>Sol</span> <span class='ocrx_word' id='word_1_93' title='bbox 2387 801 2471 836; x_wconf 87' lang='lat' dir='ltr'>sex</span> 
     </span>
     <span class='ocr_line' id='line_1_10' title="bbox 221 857 2472 923; baseline 0 -17"><span class='ocrx_word' id='word_1_94' title='bbox 221 858 481 920; x_wconf 86' lang='lat' dir='ltr'>primariis,</span> <span class='ocrx_word' id='word_1_95' title='bbox 531 857 699 907; x_wconf 83' lang='lat' dir='ltr'>Tellus</span> <span class='ocrx_word' id='word_1_96' title='bbox 740 858 928 918; x_wconf 83' lang='lat' dir='ltr'>Lunae3</span> <span class='ocrx_word' id='word_1_97' title='bbox 980 857 1120 905; x_wconf 89' lang='lat' dir='ltr'>Luna</span> <span class='ocrx_word' id='word_1_98' title='bbox 1159 859 1375 906; x_wconf 88' lang='lat' dir='ltr'>vicissim</span> <span class='ocrx_word' id='word_1_99' title='bbox 1412 872 1508 908; x_wconf 90' lang='lat' dir='ltr'>non</span> <span class='ocrx_word' id='word_1_100' title='bbox 1547 866 1746 923; x_wconf 82' lang='lat' dir='ltr'>gyratur</span> <span class='ocrx_word' id='word_1_101' title='bbox 1786 861 1912 908; x_wconf 89' lang='lat' dir='ltr'>circa</span> <span class='ocrx_word' id='word_1_102' title='bbox 1948 861 2020 908; x_wconf 89' lang='lat' dir='ltr'>sui</span> <span class='ocrx_word' id='word_1_103' title='bbox 2062 860 2278 922; x_wconf 88' lang='lat' dir='ltr'>corporis</span> <span class='ocrx_word' id='word_1_104' title='bbox 2317 873 2472 920; x_wconf 86' lang='lat' dir='ltr'>axem,</span> 
     </span>
     <span class='ocr_line' id='line_1_11' title="bbox 222 929 2473 994; baseline 0.001 -16"><span class='ocrx_word' id='word_1_105' title='bbox 222 930 424 980; x_wconf 85' lang='lat' dir='ltr'>maculis</span> <span class='ocrx_word' id='word_1_106' title='bbox 474 930 522 978; x_wconf 92' lang='lat' dir='ltr'>id</span> <span class='ocrx_word' id='word_1_107' title='bbox 571 931 903 992; x_wconf 73' lang='lat' dir='ltr'>arguentibus,</span> <span class='ocrx_word' id='word_1_108' title='bbox 981 929 1077 977; x_wconf 84' lang='lat' dir='ltr'>Cur</span> <span class='ocrx_word' id='word_1_109' title='bbox 1114 937 1276 979; x_wconf 82' lang='lat' dir='ltr'>autern</span> <span class='ocrx_word' id='word_1_110' title='bbox 1316 931 1434 993; x_wconf 83' lang='lat' dir='ltr'>boc,</span> <span class='ocrx_word' id='word_1_111' title='bbox 1482 933 1578 981; x_wconf 88' lang='lat' dir='ltr'>nisi</span> <span class='ocrx_word' id='word_1_112' title='bbox 1614 934 1732 994; x_wconf 90' lang='lat' dir='ltr'>quia</span> <span class='ocrx_word' id='word_1_113' title='bbox 1770 934 1896 981; x_wconf 87' lang='lat' dir='ltr'>circa</span> <span class='ocrx_word' id='word_1_114' title='bbox 1933 931 2124 980; x_wconf 89' lang='lat' dir='ltr'>Lunam</span> <span class='ocrx_word' id='word_1_115' title='bbox 2162 931 2325 980; x_wconf 90' lang='lat' dir='ltr'>nullus</span> <span class='ocrx_word' id='word_1_116' title='bbox 2365 947 2473 980; x_wconf 89' lang='lat' dir='ltr'>arn—</span> 
     </span>
     <span class='ocr_line' id='line_1_12' title="bbox 221 1002 2489 1067; baseline 0.001 -17"><span class='ocrx_word' id='word_1_117' title='bbox 221 1003 583 1066; x_wconf 80' lang='lat' dir='ltr'>pliusplaneta</span> <span class='ocrx_word' id='word_1_118' title='bbox 622 1005 871 1052; x_wconf 88' lang='lat' dir='ltr'>circumire</span> <span class='ocrx_word' id='word_1_119' title='bbox 908 1002 1151 1052; x_wconf 77' lang='lat' dir='ltr'>cernitur?</span> <span class='ocrx_word' id='word_1_120' title='bbox 1187 1002 1388 1052; x_wconf 89' lang='lat' dir='ltr'>Nullum</span> <span class='ocrx_word' id='word_1_121' title='bbox 1426 1005 1574 1066; x_wconf 87' lang='lat' dir='ltr'>igitur</span> <span class='ocrx_word' id='word_1_122' title='bbox 1610 1004 1759 1054; x_wconf 87' lang='lat' dir='ltr'>habet</span> <span class='ocrx_word' id='word_1_123' title='bbox 1786 1004 1925 1052; x_wconf 87' lang='lat' dir='ltr'>Luna</span> <span class='ocrx_word' id='word_1_124' title='bbox 1949 1004 2210 1067; x_wconf 85' lang='lat' dir='ltr'>planetam,</span> <span class='ocrx_word' id='word_1_125' title='bbox 2251 1006 2328 1053; x_wconf 88' lang='lat' dir='ltr'>cui</span> <span class='ocrx_word' id='word_1_126' title='bbox 2366 1018 2489 1053; x_wconf 88' lang='lat' dir='ltr'>mo-·</span> 
     </span>
     <span class='ocr_line' id='line_1_13' title="bbox 222 1076 2470 1140; baseline 0.001 -17"><span class='ocrx_word' id='word_1_127' title='bbox 222 1084 329 1131; x_wconf 51' lang='lat' dir='ltr'>tum¹</span> <span class='ocrx_word' id='word_1_128' title='bbox 374 1076 547 1126; x_wconf 81' lang='lat' dir='ltr'>inferat</span> <span class='ocrx_word' id='word_1_129' title='bbox 593 1078 850 1139; x_wconf 87' lang='lat' dir='ltr'>gyratione</span> <span class='ocrx_word' id='word_1_130' title='bbox 897 1076 972 1123; x_wconf 88' lang='lat' dir='ltr'>sui</span> <span class='ocrx_word' id='word_1_131' title='bbox 1022 1077 1263 1139; x_wconf 86' lang='lat' dir='ltr'>corporis,</span> <span class='ocrx_word' id='word_1_132' title='bbox 1315 1078 1506 1140; x_wconf 79' lang='lat' dir='ltr'>gyratio</span> <span class='ocrx_word' id='word_1_133' title='bbox 1558 1079 1704 1140; x_wconf 89' lang='lat' dir='ltr'>igitur</span> <span class='ocrx_word' id='word_1_134' title='bbox 1750 1079 1797 1124; x_wconf 92' lang='lat' dir='ltr'>iu</span> <span class='ocrx_word' id='word_1_135' title='bbox 1838 1077 2005 1139; x_wconf 87' lang='lat' dir='ltr'>Luna,</span> <span class='ocrx_word' id='word_1_136' title='bbox 2061 1083 2113 1125; x_wconf 90' lang='lat' dir='ltr'>ut</span> <span class='ocrx_word' id='word_1_137' title='bbox 2150 1092 2470 1140; x_wconf 84' lang='lat' dir='ltr'>supervacua,</span> 
     </span>
     <span class='ocr_line' id='line_1_14' title="bbox 221 1150 1456 1201; baseline -0.004 -4"><span class='ocrx_word' id='word_1_138' title='bbox 221 1150 311 1198; x_wconf 88' lang='lat' dir='ltr'>fuit</span> <span class='ocrx_word' id='word_1_139' title='bbox 351 1151 544 1198; x_wconf 89' lang='lat' dir='ltr'>omissa.</span> <span class='ocrx_word' id='word_1_140' title='bbox 832 1182 836 1186; x_wconf 86' lang='lat'>-</span> <span class='ocrx_word' id='word_1_141' title='bbox 1452 1199 1456 1201; x_wconf 9' lang='grc' dir='ltr'><strong><em>ἢ</em></strong></span> 
     </span>
    </p>

    <p class='ocr_par' dir='ltr' id='par_1_3' title="bbox 365 1221 2176 1285">
     <span class='ocr_line' id='line_1_15' title="bbox 365 1221 2176 1285; baseline 0 -15"><span class='ocrx_word' id='word_1_142' title='bbox 365 1222 505 1270; x_wconf 88' lang='lat' dir='ltr'>Haec</span> <span class='ocrx_word' id='word_1_143' title='bbox 542 1226 652 1270; x_wconf 90' lang='lat' dir='ltr'>octo</span> <span class='ocrx_word' id='word_1_144' title='bbox 691 1225 977 1284; x_wconf 84' lang='lat' dir='ltr'>argumenta</span> <span class='ocrx_word' id='word_1_145' title='bbox 1012 1221 1051 1268; x_wconf 87' lang='lat' dir='ltr'>si</span> <span class='ocrx_word' id='word_1_146' title='bbox 1091 1235 1187 1269; x_wconf 89' lang='lat' dir='ltr'>non</span> <span class='ocrx_word' id='word_1_147' title='bbox 1227 1227 1428 1284; x_wconf 80' lang='lat' dir='ltr'>prosunt</span> <span class='ocrx_word' id='word_1_148' title='bbox 1464 1222 1673 1285; x_wconf 86' lang='lat' dir='ltr'>singula,</span> <span class='ocrx_word' id='word_1_149' title='bbox 1708 1222 1883 1284; x_wconf 87' lang='lat' dir='ltr'>juncta</span> <span class='ocrx_word' id='word_1_150' title='bbox 1914 1222 2176 1284; x_wconf 87' lang='lat' dir='ltr'>juvabunt.</span> 
     </span>
    </p>

    <p class='ocr_par' dir='ltr' id='par_1_4' title="bbox 215 1294 2554 2164">
     <span class='ocr_line' id='line_1_16' title="bbox 366 1294 2472 1360; baseline 0 -18"><span class='ocrx_word' id='word_1_151' title='bbox 366 1294 657 1344; x_wconf 83' lang='lat' dir='ltr'>Absurdum</span> <span class='ocrx_word' id='word_1_152' title='bbox 693 1309 812 1343; x_wconf 84' lang='lat' dir='ltr'>vero</span> <span class='ocrx_word' id='word_1_153' title='bbox 851 1294 1064 1355; x_wconf 82' lang='lat' dir='ltr'>videtur,</span> <span class='ocrx_word' id='word_1_154' title='bbox 1113 1295 1339 1355; x_wconf 84' lang='lat' dir='ltr'>Terram,</span> <span class='ocrx_word' id='word_1_155' title='bbox 1380 1310 1512 1357; x_wconf 80' lang='lat' dir='ltr'>quae</span> <span class='ocrx_word' id='word_1_156' title='bbox 1549 1296 1742 1344; x_wconf 82' lang='lat' dir='ltr'>lumine</span> <span class='ocrx_word' id='word_1_157' title='bbox 1777 1301 1927 1354; x_wconf 83' lang='lat' dir='ltr'>caret,</span> <span class='ocrx_word' id='word_1_158' title='bbox 1970 1297 2309 1357; x_wconf 79' lang='lat' dir='ltr'>aequiparari</span> <span class='ocrx_word' id='word_1_159' title='bbox 2348 1295 2472 1360; x_wconf 86' lang='lat' dir='ltr'>Soli,</span> 
     </span>
     <span class='ocr_line' id='line_1_17' title="bbox 218 1367 2472 1433; baseline -0.001 -15"><span class='ocrx_word' id='word_1_160' title='bbox 218 1370 353 1433; x_wconf 78' lang='lat' dir='ltr'>fonti</span> <span class='ocrx_word' id='word_1_161' title='bbox 388 1369 536 1429; x_wconf 75' lang='lat' dir='ltr'>luci33</span> <span class='ocrx_word' id='word_1_162' title='bbox 590 1367 683 1416; x_wconf 82' lang='lat' dir='ltr'>hac</span> <span class='ocrx_word' id='word_1_163' title='bbox 727 1370 861 1415; x_wconf 81' lang='lat' dir='ltr'>enim</span> <span class='ocrx_word' id='word_1_164' title='bbox 899 1368 1144 1430; x_wconf 81' lang='lat' dir='ltr'>qualitate</span> <span class='ocrx_word' id='word_1_165' title='bbox 1181 1370 1256 1415; x_wconf 78' lang='lat' dir='ltr'>vis</span> <span class='ocrx_word' id='word_1_166' title='bbox 1295 1367 1427 1416; x_wconf 79' lang='lat' dir='ltr'>Solis</span> <span class='ocrx_word' id='word_1_167' title='bbox 1462 1372 1652 1417; x_wconf 71' lang='lat' dir='ltr'>matrix</span> <span class='ocrx_word' id='word_1_168' title='bbox 1687 1368 1919 1417; x_wconf 77' lang='lat' dir='ltr'>redditur</span> <span class='ocrx_word' id='word_1_169' title='bbox 1955 1369 2292 1417; x_wconf 70' lang='lat' dir='ltr'>verisimilior.</span> <span class='ocrx_word' id='word_1_170' title='bbox 2365 1368 2472 1416; x_wconf 87' lang='lat' dir='ltr'>Etsi</span> 
     </span>
     <span class='ocr_line' id='line_1_18' title="bbox 220 1439 2554 1508; baseline 0 -19"><span class='ocrx_word' id='word_1_171' title='bbox 220 1441 381 1490; x_wconf 92' lang='lat' dir='ltr'>lumen</span> <span class='ocrx_word' id='word_1_172' title='bbox 407 1439 536 1490; x_wconf 90' lang='lat' dir='ltr'>Solis</span> <span class='ocrx_word' id='word_1_173' title='bbox 573 1454 689 1488; x_wconf 86' lang='lat' dir='ltr'>suas</span> <span class='ocrx_word' id='word_1_174' title='bbox 729 1446 889 1503; x_wconf 85' lang='lat' dir='ltr'>partes</span> <span class='ocrx_word' id='word_1_175' title='bbox 928 1441 976 1488; x_wconf 90' lang='lat' dir='ltr'>in</span> <span class='ocrx_word' id='word_1_176' title='bbox 1016 1439 1318 1504; x_wconf 84' lang='lat' dir='ltr'>expediendo</span> <span class='ocrx_word' id='word_1_177' title='bbox 1356 1446 1491 1489; x_wconf 88' lang='lat' dir='ltr'>motu</span> <span class='ocrx_word' id='word_1_178' title='bbox 1529 1441 1734 1505; x_wconf 87' lang='lat' dir='ltr'>peragit,</span> <span class='ocrx_word' id='word_1_179' title='bbox 1773 1453 1870 1490; x_wconf 89' lang='lat' dir='ltr'>non</span> <span class='ocrx_word' id='word_1_180' title='bbox 1910 1440 2062 1508; x_wconf 89' lang='lat' dir='ltr'>pollet</span> <span class='ocrx_word' id='word_1_181' title='bbox 2099 1446 2260 1489; x_wconf 89' lang='lat' dir='ltr'>tamen</span> <span class='ocrx_word' id='word_1_182' title='bbox 2298 1455 2472 1505; x_wconf 89' lang='lat' dir='ltr'>corpus</span> <span class='ocrx_word' id='word_1_183' title='bbox 2547 1482 2554 1490; x_wconf 84' lang='lat'><strong>.</strong></span> 
     </span>
     <span class='ocr_line' id='line_1_19' title="bbox 222 1512 2554 1578; baseline -0.001 -15"><span class='ocrx_word' id='word_1_184' title='bbox 222 1513 350 1563; x_wconf 87' lang='lat' dir='ltr'>Solis</span> <span class='ocrx_word' id='word_1_185' title='bbox 402 1515 452 1562; x_wconf 88' lang='lat' dir='ltr'>vi</span> <span class='ocrx_word' id='word_1_186' title='bbox 503 1514 702 1562; x_wconf 88' lang='lat' dir='ltr'>motrice</span> <span class='ocrx_word' id='word_1_187' title='bbox 753 1519 948 1577; x_wconf 89' lang='lat' dir='ltr'>propter</span> <span class='ocrx_word' id='word_1_188' title='bbox 993 1512 1150 1562; x_wconf 89' lang='lat' dir='ltr'>solum</span> <span class='ocrx_word' id='word_1_189' title='bbox 1188 1512 1374 1573; x_wconf 82' lang='lat' dir='ltr'>lumen3</span> <span class='ocrx_word' id='word_1_190' title='bbox 1424 1513 1545 1562; x_wconf 89' lang='lat' dir='ltr'>nibil</span> <span class='ocrx_word' id='word_1_191' title='bbox 1585 1515 1710 1562; x_wconf 87' lang='lat' dir='ltr'>euim</span> <span class='ocrx_word' id='word_1_192' title='bbox 1751 1514 1974 1578; x_wconf 87' lang='lat' dir='ltr'>impedit,</span> <span class='ocrx_word' id='word_1_193' title='bbox 2025 1513 2121 1562; x_wconf 89' lang='lat' dir='ltr'>duo</span> <span class='ocrx_word' id='word_1_194' title='bbox 2162 1514 2315 1562; x_wconf 88' lang='lat' dir='ltr'>veluti</span> <span class='ocrx_word' id='word_1_195' title='bbox 2350 1514 2472 1562; x_wconf 86' lang='lat' dir='ltr'>sub·-</span> <span class='ocrx_word' id='word_1_196' title='bbox 2547 1544 2554 1549; x_wconf 75' lang='lat'><em>,</em></span> 
     </span>
     <span class='ocr_line' id='line_1_20' title="bbox 215 1586 2484 1650; baseline -0.001 -14"><span class='ocrx_word' id='word_1_197' title='bbox 215 1588 349 1650; x_wconf 87' lang='lat' dir='ltr'>jecta</span> <span class='ocrx_word' id='word_1_198' title='bbox 397 1587 590 1636; x_wconf 88' lang='lat' dir='ltr'>virtutis</span> <span class='ocrx_word' id='word_1_199' title='bbox 642 1587 854 1635; x_wconf 88' lang='lat' dir='ltr'>motricis</span> <span class='ocrx_word' id='word_1_200' title='bbox 902 1588 952 1634; x_wconf 91' lang='lat' dir='ltr'>in</span> <span class='ocrx_word' id='word_1_201' title='bbox 1004 1586 1118 1635; x_wconf 89' lang='lat' dir='ltr'>Sole</span> <span class='ocrx_word' id='word_1_202' title='bbox 1173 1598 1485 1643; x_wconf 88' lang='lat' dir='ltr'>concurrere,</span> <span class='ocrx_word' id='word_1_203' title='bbox 1542 1586 1706 1635; x_wconf 91' lang='lat' dir='ltr'>lumen</span> <span class='ocrx_word' id='word_1_204' title='bbox 1755 1594 1803 1635; x_wconf 85' lang='lat' dir='ltr'>et</span> <span class='ocrx_word' id='word_1_205' title='bbox 1851 1598 2130 1650; x_wconf 82' lang='lat' dir='ltr'>corpoream</span> <span class='ocrx_word' id='word_1_206' title='bbox 2169 1587 2484 1635; x_wconf 69' lang='lat' dir='ltr'>affectionem-</span> 
     </span>
     <span class='ocr_line' id='line_1_21' title="bbox 221 1659 2471 1723; baseline 0 -16"><span class='ocrx_word' id='word_1_207' title='bbox 221 1661 567 1722; x_wconf 89' lang='lat' dir='ltr'>magneticam,</span> <span class='ocrx_word' id='word_1_208' title='bbox 621 1673 887 1722; x_wconf 89' lang='lat' dir='ltr'>eorumque</span> <span class='ocrx_word' id='word_1_209' title='bbox 926 1660 1165 1723; x_wconf 89' lang='lat' dir='ltr'>posterius</span> <span class='ocrx_word' id='word_1_210' title='bbox 1205 1665 1392 1707; x_wconf 88' lang='lat' dir='ltr'>tautum</span> <span class='ocrx_word' id='word_1_211' title='bbox 1431 1661 1480 1706; x_wconf 89' lang='lat' dir='ltr'>in</span> <span class='ocrx_word' id='word_1_212' title='bbox 1519 1659 1713 1708; x_wconf 88' lang='lat' dir='ltr'>Tellure</span> <span class='ocrx_word' id='word_1_213' title='bbox 1752 1661 1938 1709; x_wconf 87' lang='lat' dir='ltr'>inesse:</span> <span class='ocrx_word' id='word_1_214' title='bbox 1991 1674 2110 1708; x_wconf 86' lang='lat' dir='ltr'>sane</span> <span class='ocrx_word' id='word_1_215' title='bbox 2148 1661 2267 1722; x_wconf 89' lang='lat' dir='ltr'>quia</span> <span class='ocrx_word' id='word_1_216' title='bbox 2303 1659 2471 1708; x_wconf 82' lang='lat' dir='ltr'>Tellus</span> 
     </span>
     <span class='ocr_line' id='line_1_22' title="bbox 221 1731 2481 1797; baseline -0.002 -16"><span class='ocrx_word' id='word_1_217' title='bbox 221 1735 367 1782; x_wconf 88' lang='lat' dir='ltr'>etiam</span> <span class='ocrx_word' id='word_1_218' title='bbox 418 1746 567 1781; x_wconf 90' lang='lat' dir='ltr'>unum</span> <span class='ocrx_word' id='word_1_219' title='bbox 613 1731 773 1781; x_wconf 89' lang='lat' dir='ltr'>solum</span> <span class='ocrx_word' id='word_1_220' title='bbox 824 1746 1033 1795; x_wconf 89' lang='lat' dir='ltr'>eumque</span> <span class='ocrx_word' id='word_1_221' title='bbox 1082 1731 1488 1794; x_wconf 81' lang='lat' dir='ltr'>ignobilissimum</span> <span class='ocrx_word' id='word_1_222' title='bbox 1536 1731 1781 1797; x_wconf 85' lang='lat' dir='ltr'>planetam</span> <span class='ocrx_word' id='word_1_223' title='bbox 1832 1731 2031 1797; x_wconf 87' lang='lat' dir='ltr'>(quippe</span> <span class='ocrx_word' id='word_1_224' title='bbox 2075 1732 2481 1781; x_wconf 65' lang='lat' dir='ltr'>secundariorum,</span> 
     </span>
     <span class='ocr_line' id='line_1_23' title="bbox 222 1802 2472 1871; baseline -0 -17"><span class='ocrx_word' id='word_1_225' title='bbox 222 1802 389 1871; x_wconf 89' lang='lat' dir='ltr'>unum)</span> <span class='ocrx_word' id='word_1_226' title='bbox 433 1811 622 1866; x_wconf 89' lang='lat' dir='ltr'>movet,</span> <span class='ocrx_word' id='word_1_227' title='bbox 672 1819 763 1854; x_wconf 89' lang='lat' dir='ltr'>nec</span> <span class='ocrx_word' id='word_1_228' title='bbox 815 1803 922 1854; x_wconf 88' lang='lat' dir='ltr'>sola</span> <span class='ocrx_word' id='word_1_229' title='bbox 961 1806 1063 1853; x_wconf 90' lang='lat' dir='ltr'>sine</span> <span class='ocrx_word' id='word_1_230' title='bbox 1102 1804 1386 1867; x_wconf 88' lang='lat' dir='ltr'>adjumento</span> <span class='ocrx_word' id='word_1_231' title='bbox 1425 1811 1592 1855; x_wconf 86' lang='lat' dir='ltr'>movet</span> <span class='ocrx_word' id='word_1_232' title='bbox 1629 1808 1781 1855; x_wconf 88' lang='lat' dir='ltr'>virtus</span> <span class='ocrx_word' id='word_1_233' title='bbox 1819 1805 2029 1854; x_wconf 86' lang='lat' dir='ltr'>Telluris</span> <span class='ocrx_word' id='word_1_234' title='bbox 2067 1806 2366 1868; x_wconf 86' lang='lat' dir='ltr'>magnetica,</span> <span class='ocrx_word' id='word_1_235' title='bbox 2418 1811 2472 1853; x_wconf 87' lang='lat' dir='ltr'>ut</span> 
     </span>
     <span class='ocr_line' id='line_1_24' title="bbox 222 1877 2482 1940; baseline 0.001 -12"><span class='ocrx_word' id='word_1_236' title='bbox 222 1878 488 1940; x_wconf 85' lang='lat' dir='ltr'>audiemus,</span> <span class='ocrx_word' id='word_1_237' title='bbox 529 1893 620 1928; x_wconf 88' lang='lat' dir='ltr'>nec</span> <span class='ocrx_word' id='word_1_238' title='bbox 657 1877 782 1928; x_wconf 88' lang='lat' dir='ltr'>hauc</span> <span class='ocrx_word' id='word_1_239' title='bbox 821 1879 920 1926; x_wconf 88' lang='lat' dir='ltr'>vim</span> <span class='ocrx_word' id='word_1_240' title='bbox 959 1877 1129 1927; x_wconf 89' lang='lat' dir='ltr'>Tellus</span> <span class='ocrx_word' id='word_1_241' title='bbox 1168 1888 1359 1927; x_wconf 85' lang='lat' dir='ltr'>ornnem</span> <span class='ocrx_word' id='word_1_242' title='bbox 1398 1892 1457 1927; x_wconf 90' lang='lat' dir='ltr'>ex</span> <span class='ocrx_word' id='word_1_243' title='bbox 1495 1894 1549 1927; x_wconf 89' lang='lat' dir='ltr'>se</span> <span class='ocrx_word' id='word_1_244' title='bbox 1587 1878 1751 1938; x_wconf 86' lang='lat' dir='ltr'>habet,</span> <span class='ocrx_word' id='word_1_245' title='bbox 1789 1878 1905 1928; x_wconf 88' lang='lat' dir='ltr'>licet</span> <span class='ocrx_word' id='word_1_246' title='bbox 1942 1881 1989 1926; x_wconf 91' lang='lat' dir='ltr'>in</span> <span class='ocrx_word' id='word_1_247' title='bbox 2029 1892 2097 1938; x_wconf 89' lang='lat' dir='ltr'>se,</span> <span class='ocrx_word' id='word_1_248' title='bbox 2137 1877 2225 1928; x_wconf 88' lang='lat' dir='ltr'>sed</span> <span class='ocrx_word' id='word_1_249' title='bbox 2262 1893 2372 1927; x_wconf 86' lang='lat' dir='ltr'>eam</span> <span class='ocrx_word' id='word_1_250' title='bbox 2409 1893 2482 1930; x_wconf 84' lang='lat' dir='ltr'>ex.</span> 
     </span>
     <span class='ocr_line' id='line_1_25' title="bbox 221 1943 2467 2016; baseline 0 -17"><span class='ocrx_word' id='word_1_251' title='bbox 221 1958 358 2016; x_wconf 85' lang='lat' dir='ltr'>parte</span> <span class='ocrx_word' id='word_1_252' title='bbox 398 1953 762 2002; x_wconf 86' lang='lat' dir='ltr'>continuatione</span> <span class='ocrx_word' id='word_1_253' title='bbox 798 1950 958 2001; x_wconf 86' lang='lat' dir='ltr'>lineae</span> <span class='ocrx_word' id='word_1_254' title='bbox 997 1965 1054 2000; x_wconf 90' lang='lat' dir='ltr'>ex</span> <span class='ocrx_word' id='word_1_255' title='bbox 1094 1949 1208 2000; x_wconf 87' lang='lat' dir='ltr'>Sole</span> <span class='ocrx_word' id='word_1_256' title='bbox 1248 1952 1296 1998; x_wconf 92' lang='lat' dir='ltr'>in</span> <span class='ocrx_word' id='word_1_257' title='bbox 1334 1965 1469 2011; x_wconf 88' lang='lat' dir='ltr'>sese,</span> <span class='ocrx_word' id='word_1_258' title='bbox 1510 1951 1663 2000; x_wconf 86' lang='lat' dir='ltr'>veluti</span> <span class='ocrx_word' id='word_1_259' title='bbox 1702 1943 1858 2000; x_wconf 78' lang='lat' dir='ltr'>canali</span> <span class='ocrx_word' id='word_1_260' title='bbox 1900 1951 2141 2014; x_wconf 85' lang='lat' dir='ltr'>quodam,</span> <span class='ocrx_word' id='word_1_261' title='bbox 2184 1956 2233 2001; x_wconf 85' lang='lat' dir='ltr'>et</span> <span class='ocrx_word' id='word_1_262' title='bbox 2271 1951 2467 1999; x_wconf 83' lang='lat' dir='ltr'>omnino</span> 
     </span>
     <span class='ocr_line' id='line_1_26' title="bbox 224 2021 2533 2088; baseline -0.001 -14"><span class='ocrx_word' id='word_1_263' title='bbox 224 2040 332 2074; x_wconf 89' lang='lat' dir='ltr'>cum</span> <span class='ocrx_word' id='word_1_264' title='bbox 369 2021 479 2088; x_wconf 89' lang='lat' dir='ltr'>ipsa</span> <span class='ocrx_word' id='word_1_265' title='bbox 515 2026 590 2073; x_wconf 91' lang='lat' dir='ltr'>sui</span> <span class='ocrx_word' id='word_1_266' title='bbox 631 2026 843 2088; x_wconf 88' lang='lat' dir='ltr'>corporis</span> <span class='ocrx_word' id='word_1_267' title='bbox 882 2023 1235 2072; x_wconf 84' lang='lat' dir='ltr'>illuminatione</span> <span class='ocrx_word' id='word_1_268' title='bbox 1275 2023 1497 2087; x_wconf 74' lang='lat' dir='ltr'>hausisse</span> <span class='ocrx_word' id='word_1_269' title='bbox 1534 2026 1682 2087; x_wconf 86' lang='lat' dir='ltr'>inque</span> <span class='ocrx_word' id='word_1_270' title='bbox 1722 2025 2151 2085; x_wconf 83' lang='lat' dir='ltr'>novum-sontem,</span> <span class='ocrx_word' id='word_1_271' title='bbox 2205 2025 2256 2073; x_wconf 92' lang='lat' dir='ltr'>in</span> <span class='ocrx_word' id='word_1_272' title='bbox 2299 2036 2473 2088; x_wconf 88' lang='lat' dir='ltr'>corpus</span> <span class='ocrx_word' id='word_1_273' title='bbox 2527 2034 2533 2040; x_wconf 84' lang='lat'><strong>·</strong></span> 
     </span>
     <span class='ocr_line' id='line_1_27' title="bbox 222 2095 2539 2164; baseline -0.002 -17"><span class='ocrx_word' id='word_1_274' title='bbox 222 2113 289 2147; x_wconf 86' lang='lat' dir='ltr'>sc.</span> <span class='ocrx_word' id='word_1_275' title='bbox 327 2113 469 2146; x_wconf 88' lang='lat' dir='ltr'>suum</span> <span class='ocrx_word' id='word_1_276' title='bbox 509 2097 756 2147; x_wconf 88' lang='lat' dir='ltr'>derivasse</span> <span class='ocrx_word' id='word_1_277' title='bbox 797 2096 1014 2158; x_wconf 89' lang='lat' dir='ltr'>videtur,</span> <span class='ocrx_word' id='word_1_278' title='bbox 1056 2102 1109 2146; x_wconf 91' lang='lat' dir='ltr'>ut</span> <span class='ocrx_word' id='word_1_279' title='bbox 1147 2096 1296 2161; x_wconf 80' lang='lat' dir='ltr'>paulo</span> <span class='ocrx_word' id='word_1_280' title='bbox 1335 2102 1447 2146; x_wconf 85' lang='lat' dir='ltr'>ante</span> <span class='ocrx_word' id='word_1_281' title='bbox 1487 2096 1671 2146; x_wconf 88' lang='lat' dir='ltr'>dictum</span> <span class='ocrx_word' id='word_1_282' title='bbox 1707 2103 1759 2147; x_wconf 93' lang='lat' dir='ltr'>et</span> <span class='ocrx_word' id='word_1_283' title='bbox 1796 2097 1918 2146; x_wconf 80' lang='lat' dir='ltr'>infra</span> <span class='ocrx_word' id='word_1_284' title='bbox 1955 2097 2132 2164; x_wconf 44' lang='lat' dir='ltr'>clari-us</span> <span class='ocrx_word' id='word_1_285' title='bbox 2173 2095 2372 2146; x_wconf 89' lang='lat' dir='ltr'>dicetur.</span> <span class='ocrx_word' id='word_1_286' title='bbox 2536 2160 2539 2163; x_wconf 18' lang='grc' dir='ltr'>Ι</span> 
     </span>
    </p>

    <p class='ocr_par' dir='ltr' id='par_1_5' title="bbox 223 2163 2551 2820">
     <span class='ocr_line' id='line_1_28' title="bbox 297 2163 2542 2239; baseline -0 -21"><span class='ocrx_word' id='word_1_287' title='bbox 297 2224 299 2226; x_wconf 54' lang='grc'>,</span> <span class='ocrx_word' id='word_1_288' title='bbox 375 2171 559 2219; x_wconf 77' lang='lat' dir='ltr'>Terrae</span> <span class='ocrx_word' id='word_1_289' title='bbox 596 2173 797 2233; x_wconf 72' lang='lat' dir='ltr'>qyratio</span> <span class='ocrx_word' id='word_1_290' title='bbox 835 2169 1082 2219; x_wconf 82' lang='lat' dir='ltr'>circulum</span> <span class='ocrx_word' id='word_1_291' title='bbox 1122 2176 1448 2232; x_wconf 76' lang='lat' dir='ltr'>aequatorem</span> <span class='ocrx_word' id='word_1_292' title='bbox 1487 2170 1733 2231; x_wconf 80' lang='lat' dir='ltr'>observat,</span> <span class='ocrx_word' id='word_1_293' title='bbox 1774 2169 1958 2219; x_wconf 80' lang='lat' dir='ltr'>Lunae</span> <span class='ocrx_word' id='word_1_294' title='bbox 1992 2163 2161 2218; x_wconf 74' lang='lat' dir='ltr'>motus</span> <span class='ocrx_word' id='word_1_295' title='bbox 2195 2169 2474 2239; x_wconf 60' lang='lat' dir='ltr'>zodiacum,</span> <span class='ocrx_word' id='word_1_296' title='bbox 2525 2187 2542 2204; x_wconf 55' lang='lat'>·&gt;</span> 
     </span>
     <span class='ocr_line' id='line_1_29' title="bbox 224 2240 2539 2307; baseline -0 -14"><span class='ocrx_word' id='word_1_297' title='bbox 224 2246 311 2307; x_wconf 81' lang='lat' dir='ltr'>qui</span> <span class='ocrx_word' id='word_1_298' title='bbox 346 2244 568 2293; x_wconf 80' lang='lat' dir='ltr'>multum</span> <span class='ocrx_word' id='word_1_299' title='bbox 605 2243 670 2291; x_wconf 86' lang='lat' dir='ltr'>ab</span> <span class='ocrx_word' id='word_1_300' title='bbox 705 2249 979 2306; x_wconf 77' lang='lat' dir='ltr'>aequatorc</span> <span class='ocrx_word' id='word_1_301' title='bbox 1014 2242 1231 2292; x_wconf 79' lang='lat' dir='ltr'>declinat</span> <span class='ocrx_word' id='word_1_302' title='bbox 1237 2260 1257 2303; x_wconf 83' lang='lat'>,-</span> <span class='ocrx_word' id='word_1_303' title='bbox 1307 2257 1413 2292; x_wconf 81' lang='lat' dir='ltr'>non</span> <span class='ocrx_word' id='word_1_304' title='bbox 1451 2249 1519 2291; x_wconf 78' lang='lat' dir='ltr'>cst</span> <span class='ocrx_word' id='word_1_305' title='bbox 1554 2245 1714 2305; x_wconf 77' lang='lat' dir='ltr'>iyitur</span> <span class='ocrx_word' id='word_1_306' title='bbox 1750 2244 2032 2300; x_wconf 80' lang='lat' dir='ltr'>verisimile,</span> <span class='ocrx_word' id='word_1_307' title='bbox 2074 2241 2256 2290; x_wconf 82' lang='lat' dir='ltr'>Lunae</span> <span class='ocrx_word' id='word_1_308' title='bbox 2280 2248 2473 2291; x_wconf 79' lang='lat' dir='ltr'>motum</span> <span class='ocrx_word' id='word_1_309' title='bbox 2524 2240 2539 2292; x_wconf 70' lang='grc' dir='ltr'>’ἰ</span> 
     </span>
     <span class='ocr_line' id='line_1_30' title="bbox 223 2314 2485 2380; baseline -0.002 -14"><span class='ocrx_word' id='word_1_310' title='bbox 223 2331 319 2366; x_wconf 81' lang='lat' dir='ltr'>esse</span> <span class='ocrx_word' id='word_1_311' title='bbox 355 2333 388 2365; x_wconf 89' lang='lat' dir='ltr'>a</span> <span class='ocrx_word' id='word_1_312' title='bbox 425 2318 690 2380; x_wconf 74' lang='lat' dir='ltr'>yyratione</span> <span class='ocrx_word' id='word_1_313' title='bbox 737 2316 965 2364; x_wconf 77' lang='lat' dir='ltr'>Telluris.</span> <span class='ocrx_word' id='word_1_314' title='bbox 1039 2314 1204 2363; x_wconf 88' lang='lat' dir='ltr'>Nihilo</span> <span class='ocrx_word' id='word_1_315' title='bbox 1252 2317 1411 2378; x_wconf 86' lang='lat' dir='ltr'>magis</span> <span class='ocrx_word' id='word_1_316' title='bbox 1460 2315 1553 2364; x_wconf 88' lang='lat' dir='ltr'>hoc</span> <span class='ocrx_word' id='word_1_317' title='bbox 1600 2315 1742 2364; x_wconf 88' lang='lat' dir='ltr'>nobis</span> <span class='ocrx_word' id='word_1_318' title='bbox 1787 2316 1938 2365; x_wconf 84' lang='lat' dir='ltr'>officit</span> <span class='ocrx_word' id='word_1_319' title='bbox 1976 2317 2026 2362; x_wconf 91' lang='lat' dir='ltr'>in</span> <span class='ocrx_word' id='word_1_320' title='bbox 2065 2314 2206 2363; x_wconf 84' lang='lat' dir='ltr'>Luna</span> <span class='ocrx_word' id='word_1_321' title='bbox 2243 2329 2390 2377; x_wconf 85' lang='lat' dir='ltr'>quam</span> <span class='ocrx_word' id='word_1_322' title='bbox 2427 2316 2485 2361; x_wconf 51' lang='lat' dir='ltr'>in¹</span> 
     </span>
     <span class='ocr_line' id='line_1_31' title="bbox 225 2387 2487 2455; baseline 0 -19"><span class='ocrx_word' id='word_1_323' title='bbox 225 2389 432 2455; x_wconf 88' lang='lat' dir='ltr'>planetis</span> <span class='ocrx_word' id='word_1_324' title='bbox 473 2390 672 2449; x_wconf 77' lang='lat' dir='ltr'>ceteriS‚</span> <span class='ocrx_word' id='word_1_325' title='bbox 722 2390 805 2451; x_wconf 92' lang='lat' dir='ltr'>qui</span> <span class='ocrx_word' id='word_1_326' title='bbox 856 2389 945 2436; x_wconf 89' lang='lat' dir='ltr'>etsi</span> <span class='ocrx_word' id='word_1_327' title='bbox 993 2387 1240 2436; x_wconf 88' lang='lat' dir='ltr'>declinant</span> <span class='ocrx_word' id='word_1_328' title='bbox 1277 2390 1324 2435; x_wconf 94' lang='lat' dir='ltr'>in</span> <span class='ocrx_word' id='word_1_329' title='bbox 1364 2387 1537 2453; x_wconf 85' lang='lat' dir='ltr'>plagas</span> <span class='ocrx_word' id='word_1_330' title='bbox 1575 2388 1783 2451; x_wconf 88' lang='lat' dir='ltr'>quilibet</span> <span class='ocrx_word' id='word_1_331' title='bbox 1819 2403 1960 2449; x_wconf 87' lang='lat' dir='ltr'>suas,</span> <span class='ocrx_word' id='word_1_332' title='bbox 2008 2394 2371 2451; x_wconf 90' lang='lat' dir='ltr'>temonemque,</span> <span class='ocrx_word' id='word_1_333' title='bbox 2424 2393 2487 2436; x_wconf 60' lang='grc' dir='ltr'>ιιι</span> 
     </span>
     <span class='ocr_line' id='line_1_32' title="bbox 223 2460 2551 2525; baseline -0.002 -14"><span class='ocrx_word' id='word_1_334' title='bbox 223 2465 292 2512; x_wconf 89' lang='lat' dir='ltr'>sic</span> <span class='ocrx_word' id='word_1_335' title='bbox 339 2462 524 2523; x_wconf 89' lang='lat' dir='ltr'>dicam,</span> <span class='ocrx_word' id='word_1_336' title='bbox 578 2467 743 2511; x_wconf 84' lang='lat' dir='ltr'>tenent</span> <span class='ocrx_word' id='word_1_337' title='bbox 787 2461 1011 2510; x_wconf 89' lang='lat' dir='ltr'>manibus</span> <span class='ocrx_word' id='word_1_338' title='bbox 1060 2466 1352 2524; x_wconf 81' lang='lat' dir='ltr'>versantque</span> <span class='ocrx_word' id='word_1_339' title='bbox 1400 2475 1489 2509; x_wconf 89' lang='lat' dir='ltr'>suo</span> <span class='ocrx_word' id='word_1_340' title='bbox 1544 2462 1779 2510; x_wconf 87' lang='lat' dir='ltr'>arbitratu</span> <span class='ocrx_word' id='word_1_341' title='bbox 1829 2466 1877 2510; x_wconf 89' lang='lat' dir='ltr'>et</span> <span class='ocrx_word' id='word_1_342' title='bbox 1927 2460 1989 2510; x_wconf 87' lang='lat' dir='ltr'>ad</span> <span class='ocrx_word' id='word_1_343' title='bbox 2028 2462 2186 2510; x_wconf 85' lang='lat' dir='ltr'>latera</span> <span class='ocrx_word' id='word_1_344' title='bbox 2223 2475 2309 2511; x_wconf 86' lang='lat' dir='ltr'>seu</span> <span class='ocrx_word' id='word_1_345' title='bbox 2348 2462 2487 2525; x_wconf 76' lang='lat' dir='ltr'>ripas»</span> <span class='ocrx_word' id='word_1_346' title='bbox 2537 2463 2551 2471; x_wconf 84' lang='grc'><em>·</em></span> 
     </span>
     <span class='ocr_line' id='line_1_33' title="bbox 224 2533 2495 2597; baseline -0.002 -13"><span class='ocrx_word' id='word_1_347' title='bbox 224 2537 432 2584; x_wconf 90' lang='lat' dir='ltr'>fluminis</span> <span class='ocrx_word' id='word_1_348' title='bbox 483 2537 778 2597; x_wconf 88' lang='lat' dir='ltr'>enavigant,</span> <span class='ocrx_word' id='word_1_349' title='bbox 834 2539 996 2583; x_wconf 90' lang='lat' dir='ltr'>tamen</span> <span class='ocrx_word' id='word_1_350' title='bbox 1048 2533 1361 2582; x_wconf 88' lang='lat' dir='ltr'>nihilominus</span> <span class='ocrx_word' id='word_1_351' title='bbox 1407 2535 1660 2597; x_wconf 87' lang='lat' dir='ltr'>rapiuntur</span> <span class='ocrx_word' id='word_1_352' title='bbox 1712 2535 1904 2583; x_wconf 88' lang='lat' dir='ltr'>interim</span> <span class='ocrx_word' id='word_1_353' title='bbox 1950 2536 1999 2582; x_wconf 85' lang='lat' dir='ltr'>vi</span> <span class='ocrx_word' id='word_1_354' title='bbox 2051 2534 2247 2582; x_wconf 82' lang='lat' dir='ltr'>vorticis</span> <span class='ocrx_word' id='word_1_355' title='bbox 2284 2533 2495 2582; x_wconf 29' lang='lat' dir='ltr'>motorii*</span> 
     </span>
     <span class='ocr_line' id='line_1_34' title="bbox 224 2606 2485 2667; baseline -0.002 -9"><span class='ocrx_word' id='word_1_356' title='bbox 224 2609 491 2658; x_wconf 86' lang='lat' dir='ltr'>communis</span> <span class='ocrx_word' id='word_1_357' title='bbox 542 2622 602 2656; x_wconf 88' lang='lat' dir='ltr'>ex</span> <span class='ocrx_word' id='word_1_358' title='bbox 651 2607 767 2659; x_wconf 85' lang='lat' dir='ltr'>Sole</span> <span class='ocrx_word' id='word_1_359' title='bbox 819 2610 1116 2667; x_wconf 86' lang='lat' dir='ltr'>emanantis,</span> <span class='ocrx_word' id='word_1_360' title='bbox 1172 2612 1219 2656; x_wconf 89' lang='lat' dir='ltr'>et</span> <span class='ocrx_word' id='word_1_361' title='bbox 1266 2609 1336 2655; x_wconf 89' lang='lat' dir='ltr'>sic</span> <span class='ocrx_word' id='word_1_362' title='bbox 1387 2609 1534 2656; x_wconf 85' lang='lat' dir='ltr'>etiam</span> <span class='ocrx_word' id='word_1_363' title='bbox 1585 2606 1721 2655; x_wconf 91' lang='lat' dir='ltr'>illum</span> <span class='ocrx_word' id='word_1_364' title='bbox 1769 2621 1912 2655; x_wconf 91' lang='lat' dir='ltr'>suum</span> <span class='ocrx_word' id='word_1_365' title='bbox 1963 2606 2244 2655; x_wconf 89' lang='lat' dir='ltr'>distinctum</span> <span class='ocrx_word' id='word_1_366' title='bbox 2292 2612 2485 2655; x_wconf 74' lang='lat' dir='ltr'>motum</span> 
     </span>
     <span class='ocr_line' id='line_1_35' title="bbox 224 2679 2520 2743; baseline -0.004 -12"><span class='ocrx_word' id='word_1_367' title='bbox 224 2679 466 2731; x_wconf 83' lang='lat' dir='ltr'>communi</span> <span class='ocrx_word' id='word_1_368' title='bbox 506 2681 715 2729; x_wconf 88' lang='lat' dir='ltr'>fluminis</span> <span class='ocrx_word' id='word_1_369' title='bbox 755 2682 908 2729; x_wconf 87' lang='lat' dir='ltr'>motui</span> <span class='ocrx_word' id='word_1_370' title='bbox 947 2680 1105 2728; x_wconf 88' lang='lat' dir='ltr'>ferunt</span> <span class='ocrx_word' id='word_1_371' title='bbox 1144 2686 1421 2743; x_wconf 88' lang='lat' dir='ltr'>acceptum,</span> <span class='ocrx_word' id='word_1_372' title='bbox 1477 2681 1604 2729; x_wconf 86' lang='lat' dir='ltr'>sicut</span> <span class='ocrx_word' id='word_1_373' title='bbox 1641 2680 1783 2729; x_wconf 88' lang='lat' dir='ltr'>Luna</span> <span class='ocrx_word' id='word_1_374' title='bbox 1820 2694 1963 2728; x_wconf 86' lang='lat' dir='ltr'>suum</span> <span class='ocrx_word' id='word_1_375' title='bbox 2002 2680 2256 2742; x_wconf 87' lang='lat' dir='ltr'>obliquum</span> <span class='ocrx_word' id='word_1_376' title='bbox 2293 2685 2520 2742; x_wconf 36' lang='lat' dir='ltr'>motumy</span> 
     </span>
     <span class='ocr_line' id='line_1_36' title="bbox 223 2751 2306 2820; baseline -0.003 -14"><span class='ocrx_word' id='word_1_377' title='bbox 223 2769 308 2820; x_wconf 86' lang='lat' dir='ltr'>per</span> <span class='ocrx_word' id='word_1_378' title='bbox 343 2753 600 2804; x_wconf 83' lang='lat' dir='ltr'>zodiacum</span> <span class='ocrx_word' id='word_1_379' title='bbox 638 2759 892 2816; x_wconf 86' lang='lat' dir='ltr'>acceptum</span> <span class='ocrx_word' id='word_1_380' title='bbox 931 2753 1022 2801; x_wconf 81' lang='lat' dir='ltr'>fert</span> <span class='ocrx_word' id='word_1_381' title='bbox 1058 2754 1211 2800; x_wconf 88' lang='lat' dir='ltr'>motui</span> <span class='ocrx_word' id='word_1_382' title='bbox 1250 2751 1463 2801; x_wconf 86' lang='lat' dir='ltr'>Telluris</span> <span class='ocrx_word' id='word_1_383' title='bbox 1499 2758 1632 2802; x_wconf 88' lang='lat' dir='ltr'>recto</span> <span class='ocrx_word' id='word_1_384' title='bbox 1671 2752 1936 2802; x_wconf 90' lang='lat' dir='ltr'>secundum</span> <span class='ocrx_word' id='word_1_385' title='bbox 1976 2758 2306 2816; x_wconf 88' lang='lat' dir='ltr'>aequatorem.</span> 
     </span>
    </p>

    <p class='ocr_par' dir='ltr' id='par_1_6' title="bbox 223 2823 2554 3686">
     <span class='ocr_line' id='line_1_37' title="bbox 374 2823 2493 2889; baseline -0.003 -13"><span class='ocrx_word' id='word_1_386' title='bbox 374 2827 480 2876; x_wconf 83' lang='lat' dir='ltr'>Gur</span> <span class='ocrx_word' id='word_1_387' title='bbox 524 2829 684 2889; x_wconf 74' lang='lat' dir='ltr'>iyitur</span> <span class='ocrx_word' id='word_1_388' title='bbox 736 2827 892 2874; x_wconf 81' lang='lat' dir='ltr'>Luna</span> <span class='ocrx_word' id='word_1_389' title='bbox 949 2828 1249 2888; x_wconf 57' lang='lat' dir='ltr'>universum</span> <span class='ocrx_word' id='word_1_390' title='bbox 1298 2828 1392 2874; x_wconf 80' lang='lat' dir='ltr'>iter</span> <span class='ocrx_word' id='word_1_391' title='bbox 1439 2840 1592 2874; x_wconf 82' lang='lat' dir='ltr'>suum</span> <span class='ocrx_word' id='word_1_392' title='bbox 1643 2826 1848 2875; x_wconf 86' lang='lat' dir='ltr'>zodiaco</span> <span class='ocrx_word' id='word_1_393' title='bbox 1891 2829 2062 2889; x_wconf 81' lang='lat' dir='ltr'>potius</span> <span class='ocrx_word' id='word_1_394' title='bbox 2115 2823 2493 2884; x_wconf 54' lang='lat' dir='ltr'>accommodam</span> 
     </span>
     <span class='ocr_line' id='line_1_38' title="bbox 225 2895 2494 2964; baseline -0.002 -14"><span class='ocrx_word' id='word_1_395' title='bbox 225 2906 381 2964; x_wconf 71' lang='lat' dir='ltr'>quam</span> <span class='ocrx_word' id='word_1_396' title='bbox 419 2899 723 2963; x_wconf 81' lang='lat' dir='ltr'>aequatori?</span> <span class='ocrx_word' id='word_1_397' title='bbox 775 2898 902 2960; x_wconf 85' lang='lat' dir='ltr'>Quia</span> <span class='ocrx_word' id='word_1_398' title='bbox 941 2906 1131 2962; x_wconf 87' lang='lat' dir='ltr'>praeter</span> <span class='ocrx_word' id='word_1_399' title='bbox 1167 2900 1414 2962; x_wconf 87' lang='lat' dir='ltr'>proprium</span> <span class='ocrx_word' id='word_1_400' title='bbox 1454 2900 1706 2947; x_wconf 88' lang='lat' dir='ltr'>circuitum</span> <span class='ocrx_word' id='word_1_401' title='bbox 1746 2898 1915 2948; x_wconf 87' lang='lat' dir='ltr'>Lunae</span> <span class='ocrx_word' id='word_1_402' title='bbox 1954 2901 2083 2947; x_wconf 88' lang='lat' dir='ltr'>circa</span> <span class='ocrx_word' id='word_1_403' title='bbox 2119 2897 2329 2946; x_wconf 85' lang='lat' dir='ltr'>Telluris</span> <span class='ocrx_word' id='word_1_404' title='bbox 2367 2895 2494 2959; x_wconf 70' lang='lat' dir='ltr'>glo-a</span> 
     </span>
     <span class='ocr_line' id='line_1_39' title="bbox 223 2971 2495 3035; baseline -0.002 -13"><span class='ocrx_word' id='word_1_405' title='bbox 223 2975 366 3034; x_wconf 90' lang='lat' dir='ltr'>bum,</span> <span class='ocrx_word' id='word_1_406' title='bbox 420 2973 478 3022; x_wconf 91' lang='lat' dir='ltr'>de</span> <span class='ocrx_word' id='word_1_407' title='bbox 534 2988 630 3035; x_wconf 88' lang='lat' dir='ltr'>quo</span> <span class='ocrx_word' id='word_1_408' title='bbox 671 2972 927 3032; x_wconf 86' lang='lat' dir='ltr'>hactenus,</span> <span class='ocrx_word' id='word_1_409' title='bbox 980 2978 1203 3020; x_wconf 90' lang='lat' dir='ltr'>movetur</span> <span class='ocrx_word' id='word_1_410' title='bbox 1241 2973 1388 3019; x_wconf 90' lang='lat' dir='ltr'>etiarn</span> <span class='ocrx_word' id='word_1_411' title='bbox 1427 2978 1583 3019; x_wconf 90' lang='lat' dir='ltr'>totum</span> <span class='ocrx_word' id='word_1_412' title='bbox 1621 2971 1811 3020; x_wconf 89' lang='lat' dir='ltr'>coelum</span> <span class='ocrx_word' id='word_1_413' title='bbox 1848 2971 2019 3021; x_wconf 89' lang='lat' dir='ltr'>Lunae</span> <span class='ocrx_word' id='word_1_414' title='bbox 2057 2972 2303 3020; x_wconf 89' lang='lat' dir='ltr'>communi</span> <span class='ocrx_word' id='word_1_415' title='bbox 2343 2972 2495 3018; x_wconf 69' lang='lat' dir='ltr'>mo‘tur</span> 
     </span>
     <span class='ocr_line' id='line_1_40' title="bbox 227 3041 2502 3106; baseline -0.001 -12"><span class='ocrx_word' id='word_1_416' title='bbox 227 3060 334 3094; x_wconf 87' lang='lat' dir='ltr'>cum</span> <span class='ocrx_word' id='word_1_417' title='bbox 373 3051 536 3095; x_wconf 85' lang='lat' dir='ltr'>centro</span> <span class='ocrx_word' id='word_1_418' title='bbox 564 3045 773 3095; x_wconf 89' lang='lat' dir='ltr'>Telluris</span> <span class='ocrx_word' id='word_1_419' title='bbox 812 3046 940 3092; x_wconf 90' lang='lat' dir='ltr'>circa</span> <span class='ocrx_word' id='word_1_420' title='bbox 962 3043 1131 3093; x_wconf 86' lang='lat' dir='ltr'>Solem</span> <span class='ocrx_word' id='word_1_421' title='bbox 1167 3044 1259 3092; x_wconf 88' lang='lat' dir='ltr'>sub</span> <span class='ocrx_word' id='word_1_422' title='bbox 1297 3043 1500 3092; x_wconf 84' lang='lat' dir='ltr'>zodiaco</span> <span class='ocrx_word' id='word_1_423' title='bbox 1541 3050 1592 3092; x_wconf 90' lang='lat' dir='ltr'>ut</span> <span class='ocrx_word' id='word_1_424' title='bbox 1631 3047 1778 3093; x_wconf 88' lang='lat' dir='ltr'>ceteri</span> <span class='ocrx_word' id='word_1_425' title='bbox 1818 3043 2069 3106; x_wconf 88' lang='lat' dir='ltr'>planetae:</span> <span class='ocrx_word' id='word_1_426' title='bbox 2109 3058 2209 3106; x_wconf 86' lang='lat' dir='ltr'>qua</span> <span class='ocrx_word' id='word_1_427' title='bbox 2247 3058 2305 3092; x_wconf 85' lang='lat' dir='ltr'>ex</span> <span class='ocrx_word' id='word_1_428' title='bbox 2346 3041 2502 3091; x_wconf 58' lang='lat' dir='ltr'>comat</span> 
     </span>
     <span class='ocr_line' id='line_1_41' title="bbox 225 3113 2554 3184; baseline -0.002 -17"><span class='ocrx_word' id='word_1_429' title='bbox 225 3121 467 3181; x_wconf 90' lang='lat' dir='ltr'>positione</span> <span class='ocrx_word' id='word_1_430' title='bbox 514 3119 594 3183; x_wconf 88' lang='lat' dir='ltr'>fit,</span> <span class='ocrx_word' id='word_1_431' title='bbox 645 3125 699 3166; x_wconf 92' lang='lat' dir='ltr'>ut</span> <span class='ocrx_word' id='word_1_432' title='bbox 735 3117 876 3166; x_wconf 91' lang='lat' dir='ltr'>Luna</span> <span class='ocrx_word' id='word_1_433' title='bbox 919 3123 1142 3180; x_wconf 89' lang='lat' dir='ltr'>respectu</span> <span class='ocrx_word' id='word_1_434' title='bbox 1188 3116 1385 3179; x_wconf 87' lang='lat' dir='ltr'>quidem</span> <span class='ocrx_word' id='word_1_435' title='bbox 1433 3118 1580 3165; x_wconf 87' lang='lat' dir='ltr'>centri</span> <span class='ocrx_word' id='word_1_436' title='bbox 1620 3116 1749 3165; x_wconf 90' lang='lat' dir='ltr'>Solis</span> <span class='ocrx_word' id='word_1_437' title='bbox 1794 3113 1984 3180; x_wconf 82' lang='lat' dir='ltr'>semper</span> <span class='ocrx_word' id='word_1_438' title='bbox 2033 3122 2200 3165; x_wconf 84' lang='lat' dir='ltr'>teneat</span> <span class='ocrx_word' id='word_1_439' title='bbox 2245 3116 2494 3165; x_wconf 64' lang='lat' dir='ltr'>directum</span> <span class='ocrx_word' id='word_1_440' title='bbox 2549 3133 2554 3184; x_wconf 36' lang='grc' dir='ltr'><em>Α</em></span> 
     </span>
     <span class='ocr_line' id='line_1_42' title="bbox 226 3188 2494 3253; baseline -0.001 -15"><span class='ocrx_word' id='word_1_441' title='bbox 226 3206 416 3239; x_wconf 87' lang='lat' dir='ltr'>cursum</span> <span class='ocrx_word' id='word_1_442' title='bbox 466 3192 515 3238; x_wconf 91' lang='lat' dir='ltr'>in</span> <span class='ocrx_word' id='word_1_443' title='bbox 561 3192 934 3253; x_wconf 87' lang='lat' dir='ltr'>consequentia,</span> <span class='ocrx_word' id='word_1_444' title='bbox 987 3204 1083 3238; x_wconf 92' lang='lat' dir='ltr'>non</span> <span class='ocrx_word' id='word_1_445' title='bbox 1133 3195 1322 3238; x_wconf 89' lang='lat' dir='ltr'>tantum</span> <span class='ocrx_word' id='word_1_446' title='bbox 1376 3195 1512 3249; x_wconf 88' lang='lat' dir='ltr'>tunc,</span> <span class='ocrx_word' id='word_1_447' title='bbox 1567 3189 1762 3252; x_wconf 88' lang='lat' dir='ltr'>quando</span> <span class='ocrx_word' id='word_1_448' title='bbox 1810 3188 2007 3252; x_wconf 88' lang='lat' dir='ltr'>plenam</span> <span class='ocrx_word' id='word_1_449' title='bbox 2044 3188 2180 3237; x_wconf 84' lang='lat' dir='ltr'>illam</span> <span class='ocrx_word' id='word_1_450' title='bbox 2219 3194 2267 3237; x_wconf 87' lang='lat' dir='ltr'>ct</span> <span class='ocrx_word' id='word_1_451' title='bbox 2305 3188 2393 3237; x_wconf 89' lang='lat' dir='ltr'>Sol</span> <span class='ocrx_word' id='word_1_452' title='bbox 2430 3190 2494 3236; x_wconf 75' lang='lat' dir='ltr'>etr</span> 
     </span>
     <span class='ocr_line' id='line_1_43' title="bbox 227 3259 2492 3327; baseline -0.001 -17"><span class='ocrx_word' id='word_1_453' title='bbox 227 3263 376 3312; x_wconf 87' lang='lat' dir='ltr'>Terra</span> <span class='ocrx_word' id='word_1_454' title='bbox 425 3267 629 3313; x_wconf 88' lang='lat' dir='ltr'>extentis</span> <span class='ocrx_word' id='word_1_455' title='bbox 677 3265 852 3327; x_wconf 88' lang='lat' dir='ltr'>spatiis</span> <span class='ocrx_word' id='word_1_456' title='bbox 907 3265 1112 3312; x_wconf 86' lang='lat' dir='ltr'>incitant</span> <span class='ocrx_word' id='word_1_457' title='bbox 1159 3264 1207 3310; x_wconf 90' lang='lat' dir='ltr'>in</span> <span class='ocrx_word' id='word_1_458' title='bbox 1257 3262 1455 3326; x_wconf 86' lang='lat' dir='ltr'>plagam</span> <span class='ocrx_word' id='word_1_459' title='bbox 1502 3262 1735 3327; x_wconf 55' lang='lat' dir='ltr'>eandem„</span> <span class='ocrx_word' id='word_1_460' title='bbox 1785 3261 1873 3311; x_wconf 80' lang='lat' dir='ltr'>sed</span> <span class='ocrx_word' id='word_1_461' title='bbox 1911 3264 2056 3310; x_wconf 88' lang='lat' dir='ltr'>etiam</span> <span class='ocrx_word' id='word_1_462' title='bbox 2096 3268 2233 3323; x_wconf 90' lang='lat' dir='ltr'>tunc,</span> <span class='ocrx_word' id='word_1_463' title='bbox 2285 3259 2492 3323; x_wconf 59' lang='lat' dir='ltr'>quando!</span> 
     </span>
     <span class='ocr_line' id='line_1_44' title="bbox 227 3332 2491 3398; baseline -0.002 -14"><span class='ocrx_word' id='word_1_464' title='bbox 227 3338 514 3385; x_wconf 84' lang='lat' dir='ltr'>exstinctam</span> <span class='ocrx_word' id='word_1_465' title='bbox 565 3351 650 3384; x_wconf 90' lang='lat' dir='ltr'>seu</span> <span class='ocrx_word' id='word_1_466' title='bbox 701 3338 910 3385; x_wconf 80' lang='lat' dir='ltr'>va‘cuam</span> <span class='ocrx_word' id='word_1_467' title='bbox 948 3334 1033 3384; x_wconf 86' lang='lat' dir='ltr'>Sol</span> <span class='ocrx_word' id='word_1_468' title='bbox 1083 3334 1279 3397; x_wconf 90' lang='lat' dir='ltr'>quidem</span> <span class='ocrx_word' id='word_1_469' title='bbox 1330 3349 1573 3398; x_wconf 88' lang='lat' dir='ltr'>prorsum,</span> <span class='ocrx_word' id='word_1_470' title='bbox 1626 3335 1793 3384; x_wconf 89' lang='lat' dir='ltr'>Tellus</span> <span class='ocrx_word' id='word_1_471' title='bbox 1842 3348 1957 3383; x_wconf 90' lang='lat' dir='ltr'>vero</span> <span class='ocrx_word' id='word_1_472' title='bbox 1997 3337 2243 3397; x_wconf 89' lang='lat' dir='ltr'>(respectu</span> <span class='ocrx_word' id='word_1_473' title='bbox 2283 3332 2491 3397; x_wconf 73' lang='lat' dir='ltr'>quidem)</span> 
     </span>
     <span class='ocr_line' id='line_1_45' title="bbox 229 3404 2488 3472; baseline -0.003 -15"><span class='ocrx_word' id='word_1_474' title='bbox 229 3410 379 3457; x_wconf 87' lang='lat' dir='ltr'>centri</span> <span class='ocrx_word' id='word_1_475' title='bbox 417 3406 568 3470; x_wconf 90' lang='lat' dir='ltr'>Solis)</span> <span class='ocrx_word' id='word_1_476' title='bbox 621 3415 883 3457; x_wconf 85' lang='lat' dir='ltr'>retrorsum</span> <span class='ocrx_word' id='word_1_477' title='bbox 931 3407 1152 3472; x_wconf 84' lang='lat' dir='ltr'>impellit.</span> <span class='ocrx_word' id='word_1_478' title='bbox 1228 3407 1354 3456; x_wconf 89' lang='lat' dir='ltr'>Nam</span> <span class='ocrx_word' id='word_1_479' title='bbox 1403 3407 1483 3456; x_wconf 90' lang='lat' dir='ltr'>hic</span> <span class='ocrx_word' id='word_1_480' title='bbox 1533 3407 1771 3471; x_wconf 89' lang='lat' dir='ltr'>impulsus</span> <span class='ocrx_word' id='word_1_481' title='bbox 1823 3422 1883 3455; x_wconf 83' lang='lat' dir='ltr'>ex</span> <span class='ocrx_word' id='word_1_482' title='bbox 1921 3406 2072 3466; x_wconf 82' lang='lat' dir='ltr'>Terra</span> <span class='ocrx_word' id='word_1_483' title='bbox 2121 3406 2282 3455; x_wconf 89' lang='lat' dir='ltr'>adhuc</span> <span class='ocrx_word' id='word_1_484' title='bbox 2322 3404 2488 3454; x_wconf 71' lang='lat' dir='ltr'>multos</span> 
     </span>
     <span class='ocr_line' id='line_1_46' title="bbox 228 3477 2487 3543; baseline -0.002 -13"><span class='ocrx_word' id='word_1_485' title='bbox 228 3487 302 3530; x_wconf 85' lang='lat' dir='ltr'>est</span> <span class='ocrx_word' id='word_1_486' title='bbox 339 3479 613 3532; x_wconf 65' lang='lat' dir='ltr'>minor-‚illo</span> <span class='ocrx_word' id='word_1_487' title='bbox 654 3495 712 3528; x_wconf 87' lang='lat' dir='ltr'>ex</span> <span class='ocrx_word' id='word_1_488' title='bbox 751 3481 889 3542; x_wconf 87' lang='lat' dir='ltr'>Sole,</span> <span class='ocrx_word' id='word_1_489' title='bbox 940 3495 1089 3543; x_wconf 88' lang='lat' dir='ltr'>quare</span> <span class='ocrx_word' id='word_1_490' title='bbox 1129 3480 1355 3528; x_wconf 88' lang='lat' dir='ltr'>diminuit</span> <span class='ocrx_word' id='word_1_491' title='bbox 1394 3479 1591 3543; x_wconf 89' lang='lat' dir='ltr'>quidem</span> <span class='ocrx_word' id='word_1_492' title='bbox 1629 3481 1706 3528; x_wconf 86' lang='lat' dir='ltr'>bic</span> <span class='ocrx_word' id='word_1_493' title='bbox 1745 3478 1883 3527; x_wconf 88' lang='lat' dir='ltr'>illum</span> <span class='ocrx_word' id='word_1_494' title='bbox 1921 3481 1969 3526; x_wconf 91' lang='lat' dir='ltr'>in</span> <span class='ocrx_word' id='word_1_495' title='bbox 2009 3481 2362 3542; x_wconf 87' lang='lat' dir='ltr'>consequentia</span> <span class='ocrx_word' id='word_1_496' title='bbox 2396 3477 2487 3526; x_wconf 61' lang='lat' dir='ltr'>lad</span> 
     </span>
     <span class='ocr_line' id='line_1_47' title="bbox 229 3549 2493 3616; baseline -0.002 -15"><span class='ocrx_word' id='word_1_497' title='bbox 229 3561 355 3613; x_wconf 90' lang='lat' dir='ltr'>tum,</span> <span class='ocrx_word' id='word_1_498' title='bbox 412 3557 463 3600; x_wconf 89' lang='lat' dir='ltr'>at</span> <span class='ocrx_word' id='word_1_499' title='bbox 518 3565 613 3598; x_wconf 88' lang='lat' dir='ltr'>non</span> <span class='ocrx_word' id='word_1_500' title='bbox 668 3555 858 3614; x_wconf 85' lang='lat' dir='ltr'>penitus</span> <span class='ocrx_word' id='word_1_501' title='bbox 913 3554 1163 3613; x_wconf 87' lang='lat' dir='ltr'>absorbet,</span> <span class='ocrx_word' id='word_1_502' title='bbox 1220 3553 1374 3600; x_wconf 90' lang='lat' dir='ltr'>multo</span> <span class='ocrx_word' id='word_1_503' title='bbox 1424 3554 1582 3602; x_wconf 87' lang='lat' dir='ltr'>minus</span> <span class='ocrx_word' id='word_1_504' title='bbox 1629 3552 1816 3616; x_wconf 85' lang='lat' dir='ltr'>proficit</span> <span class='ocrx_word' id='word_1_505' title='bbox 1866 3554 1914 3599; x_wconf 90' lang='lat' dir='ltr'>in</span> <span class='ocrx_word' id='word_1_506' title='bbox 1963 3554 2270 3600; x_wconf 82' lang='lat' dir='ltr'>contrarium.</span> <span class='ocrx_word' id='word_1_507' title='bbox 2353 3549 2493 3598; x_wconf 65' lang='lat' dir='ltr'>Vidn!</span> 
     </span>
     <span class='ocr_line' id='line_1_48' title="bbox 229 3624 2490 3686; baseline -0.001 -12"><span class='ocrx_word' id='word_1_508' title='bbox 229 3626 426 3676; x_wconf 85' lang='lat' dir='ltr'>schema</span> <span class='ocrx_word' id='word_1_509' title='bbox 461 3624 608 3686; x_wconf 86' lang='lat' dir='ltr'>hujus</span> <span class='ocrx_word' id='word_1_510' title='bbox 647 3627 900 3686; x_wconf 87' lang='lat' dir='ltr'>compositi</span> <span class='ocrx_word' id='word_1_511' title='bbox 938 3632 1099 3674; x_wconf 88' lang='lat' dir='ltr'>motus</span> <span class='ocrx_word' id='word_1_512' title='bbox 1136 3625 1306 3674; x_wconf 89' lang='lat' dir='ltr'>Lunae</span> <span class='ocrx_word' id='word_1_513' title='bbox 1344 3628 1391 3672; x_wconf 91' lang='lat' dir='ltr'>in</span> <span class='ocrx_word' id='word_1_514' title='bbox 1434 3625 1569 3674; x_wconf 88' lang='lat' dir='ltr'>Com.</span> <span class='ocrx_word' id='word_1_515' title='bbox 1606 3625 1779 3673; x_wconf 89' lang='lat' dir='ltr'>Martis</span> <span class='ocrx_word' id='word_1_516' title='bbox 1816 3624 1899 3672; x_wconf 82' lang='lat' dir='ltr'>fol.</span> <span class='ocrx_word' id='word_1_517' title='bbox 1945 3626 2062 3673; x_wconf 85' lang='lat'>149.</span> <span class='ocrx_word' id='word_1_518' title='bbox 2106 3629 2197 3683; x_wconf 79' lang='grc' dir='ltr'><strong>(ΙΙΙ.</strong></span> <span class='ocrx_word' id='word_1_519' title='bbox 2229 3628 2364 3682; x_wconf 61' lang='grc'><strong>387.)</strong></span> <span class='ocrx_word' id='word_1_520' title='bbox 2414 3627 2490 3665; x_wconf 55' lang='lat' dir='ltr'>mir</span> 
     </span>
    </p>

    <p class='ocr_par' dir='ltr' id='par_1_7' title="bbox 232 3694 2536 3911">
     <span class='ocr_line' id='line_1_49' title="bbox 377 3694 2490 3760; baseline -0.002 -13"><span class='ocrx_word' id='word_1_521' title='bbox 377 3698 497 3747; x_wconf 87' lang='lat' dir='ltr'>Cum</span> <span class='ocrx_word' id='word_1_522' title='bbox 547 3697 694 3758; x_wconf 88' lang='lat' dir='ltr'>igitur</span> <span class='ocrx_word' id='word_1_523' title='bbox 741 3697 899 3744; x_wconf 88' lang='lat' dir='ltr'>fluxus</span> <span class='ocrx_word' id='word_1_524' title='bbox 950 3698 1033 3746; x_wconf 91' lang='lat' dir='ltr'>ille</span> <span class='ocrx_word' id='word_1_525' title='bbox 1082 3700 1266 3760; x_wconf 89' lang='lat' dir='ltr'>speciei</span> <span class='ocrx_word' id='word_1_526' title='bbox 1303 3697 1486 3746; x_wconf 85' lang='lat' dir='ltr'>Solaris</span> <span class='ocrx_word' id='word_1_527' title='bbox 1534 3699 1624 3746; x_wconf 88' lang='lat' dir='ltr'>sub</span> <span class='ocrx_word' id='word_1_528' title='bbox 1674 3696 1877 3745; x_wconf 88' lang='lat' dir='ltr'>zodiaco</span> <span class='ocrx_word' id='word_1_529' title='bbox 1929 3697 2158 3746; x_wconf 88' lang='lat' dir='ltr'>incedens</span> <span class='ocrx_word' id='word_1_530' title='bbox 2207 3699 2279 3745; x_wconf 27' lang='lat' dir='ltr'>sit,</span> <span class='ocrx_word' id='word_1_531' title='bbox 2308 3694 2490 3757; x_wconf 58' lang='lat' dir='ltr'>majorf</span> 
     </span>
     <span class='ocr_line' id='line_1_50' title="bbox 232 3763 2536 3834; baseline -0.003 -15"><span class='ocrx_word' id='word_1_532' title='bbox 232 3770 354 3821; x_wconf 86' lang='lat' dir='ltr'>alter</span> <span class='ocrx_word' id='word_1_533' title='bbox 401 3770 582 3833; x_wconf 84' lang='lat' dir='ltr'>speciei</span> <span class='ocrx_word' id='word_1_534' title='bbox 619 3768 904 3829; x_wconf 78' lang='lat' dir='ltr'>Terrestris,</span> <span class='ocrx_word' id='word_1_535' title='bbox 959 3771 1042 3829; x_wconf 87' lang='lat' dir='ltr'>qui</span> <span class='ocrx_word' id='word_1_536' title='bbox 1092 3771 1183 3818; x_wconf 90' lang='lat' dir='ltr'>sub</span> <span class='ocrx_word' id='word_1_537' title='bbox 1233 3777 1524 3833; x_wconf 87' lang='lat' dir='ltr'>aequatore,</span> <span class='ocrx_word' id='word_1_538' title='bbox 1578 3770 1753 3827; x_wconf 89' lang='lat' dir='ltr'>minor,</span> <span class='ocrx_word' id='word_1_539' title='bbox 1809 3784 1915 3817; x_wconf 87' lang='lat' dir='ltr'>cnm</span> <span class='ocrx_word' id='word_1_540' title='bbox 1968 3773 2163 3834; x_wconf 80' lang='lat' dir='ltr'>insuper</span> <span class='ocrx_word' id='word_1_541' title='bbox 2200 3770 2341 3818; x_wconf 88' lang='lat' dir='ltr'>Luna</span> <span class='ocrx_word' id='word_1_542' title='bbox 2375 3763 2476 3815; x_wconf 87' lang='lat' dir='ltr'>Soli</span> <span class='ocrx_word' id='word_1_543' title='bbox 2529 3776 2536 3786; x_wconf 92' lang='grc'>·</span> 
     </span>
     <span class='ocr_line' id='line_1_51' title="bbox 232 3839 2520 3911; baseline -0.002 -19"><span class='ocrx_word' id='word_1_544' title='bbox 232 3844 490 3907; x_wconf 88' lang='lat' dir='ltr'>conjuncta</span> <span class='ocrx_word' id='word_1_545' title='bbox 539 3842 726 3892; x_wconf 88' lang='lat' dir='ltr'>ratione</span> <span class='ocrx_word' id='word_1_546' title='bbox 779 3840 1039 3890; x_wconf 87' lang='lat' dir='ltr'>celeritatis</span> <span class='ocrx_word' id='word_1_547' title='bbox 1078 3847 1126 3890; x_wconf 91' lang='lat' dir='ltr'>et</span> <span class='ocrx_word' id='word_1_548' title='bbox 1164 3843 1338 3906; x_wconf 86' lang='lat' dir='ltr'>plagae</span> <span class='ocrx_word' id='word_1_549' title='bbox 1377 3850 1511 3895; x_wconf 86' lang='lat' dir='ltr'>ortus</span> <span class='ocrx_word' id='word_1_550' title='bbox 1551 3842 1627 3894; x_wconf 85' lang='lat' dir='ltr'>vel</span> <span class='ocrx_word' id='word_1_551' title='bbox 1667 3855 1897 3904; x_wconf 88' lang='lat' dir='ltr'>occasus,</span> <span class='ocrx_word' id='word_1_552' title='bbox 1950 3844 1999 3892; x_wconf 91' lang='lat' dir='ltr'>in</span> <span class='ocrx_word' id='word_1_553' title='bbox 2036 3844 2195 3911; x_wconf 85' lang='lat' dir='ltr'>spatio</span> <span class='ocrx_word' id='word_1_554' title='bbox 2235 3839 2520 3911; x_wconf 46' lang='lat' dir='ltr'>mundam:</span> 
     </span>
    </p>
   </div>
  </div>
 </body>
</html>
