2554 4140
231 131 253 176 1
265 130 331 178 60
1054 120 1288 185 Epitomes
1316 128 1630 181 Astronomiae

226 273 392 335 major,
421 271 792 336 deprehenditur
828 275 1161 324 instrumentis
1199 277 1247 323 in
1285 276 1445 327 medio
1483 280 1624 342 coeli,
1665 296 1812 345 quam
1842 294 1950 332 cnm
1974 283 2061 333 Sol
2086 285 2295 334 cernitur
2332 287 2466 347 oriri3

229 358 337 393 cum
376 350 539 394 tamen
578 345 768 412 oculuS,
806 348 853 394 in
894 347 1143 411 superficie
1170 346 1379 397 Telluris
1417 354 1723 415 constitutus,
1760 357 1911 404 totius
1937 357 2280 406 semidiametri
2316 359 2468 406 inter-

226 416 357 492 vallo
395 419 593 479 propior
630 419 694 466 sit
733 418 1025 469 -culminanti
1078 435 1226 482 quam
1263 416 1451 470 orienti.
1525 424 1662 474 Idem
1710 433 1822 476 tene
1873 427 1933 477 de
1981 429 2160 492 angulo
2210 429 2469 479 distantiae

227 489 450 537 binarum
486 489 691 538 fixarum
729 492 873 540 simul
913 493 1185 541 orientium.
1262 491 1328 540 At
1366 501 1550 558 quanto
1588 494 1904 549 culminantes
1949 504 2341 566 appropinquant
2375 517 2469 550 no-

225 561 301 609 bis
340 563 495 624 magis
534 577 680 627 quarn
719 578 827 612 cum
867 566 1100 624 oriuntur,
1140 570 1277 612 tanto
1318 573 1366 615 et
1403 576 1605 632 apparet
1642 575 1805 620 earum
1835 572 2070 632 distantia,
2104 575 2258 636 major
2296 573 2470 623 culmi-

226 636 443 682 nantium
484 649 631 696 quam
671 637 946 687 orientium,
1026 636 1147 689 Cum
1186 638 1334 698 igitur
1371 640 1434 688 ad
1472 656 1668 691 sensum
1694 659 1790 692 non
1816 653 2054 708 augeatur
2078 646 2309 695 distantia
2347 649 2472 695 inter

226 721 278 754 se
315 707 538 754 binarum
578 708 970 769 culminantium,
1027 723 1186 771 neque
1224 706 1372 771 'igitur
1409 712 1471 761 ad
1510 729 1704 764 sensum
1749 719 2006 780 augebitur
2043 721 2495 783 appropinquatio,·
2543 754 2550 760 -

195 803 203 805 ‘⁷
226 785 274 827 et
310 776 396 857 sic'⁸
418 795 533 828 vera
571 782 975 844 appropinquatio
1015 795 1101 844 per
1142 782 1246 829 900
1286 783 1512 835 milliaria
1547 801 1645 837 non
1675 792 1764 839 erit
1787 791 2049 853 sensibilis,
2089 799 2368 856 comparata
2406 791 2468 840 ad

228 852 396 913 ingens
435 853 743 902 intervallum
782 855 904 902 inter
940 852 1050 902 illas
1089 858 1137 902 et
1172 853 1389 905 Terram.

658 966 738 1006 Fig,
766 965 822 998 23,
1134 982 1138 986 .
1351 941 1407 986 Si*
1421 942 1510 987 sint
1528 942 1623 999 AD,
1642 943 1714 989 vel
1733 944 1822 997 AC,
1854 946 1942 1000 BC,
1964 951 2009 990 et
2030 946 2123 1004 DO,
2145 947 2223 991 DP
2245 947 2472 1002 aequales,

989 1064 1110 1101 „P
1268 1007 2475 1131 arastis:2221352253301202drrz0rr

1267 1138 1420 1195 anguli
1449 1138 1568 1183 BOA
1602 1145 1648 1184 et
1667 1139 1784 1185 ODP
1816 1141 2040 1198 aequales,
2072 1156 2125 1188 ac
2150 1111 2338 1198 proinde
2361 1141 2473 1185 OCP

1380 1294 1430 1363 2)
1469 1297 1656 1361 Quodsi
1681 1299 1839 1346 motus
1868 1300 2051 1361 primus
2091 1304 2164 1347 est
2204 1296 2474 1360 aequabilis

1268 1512 1489 1566 Telluris
1531 1515 1662 1564 idem
1718 1523 1819 1576 est,
1878 1515 2011 1579 quod
2058 1516 2159 1578 jam
2214 1516 2475 1578 sequimur,

1266 1203 1423 1261 majOr,
1456 1206 1622 1262 quippe
1653 1207 1854 1262 aequalis
1887 1208 2062 1254 duobus
2095 1208 2208 1252 CDP
2241 1214 2286 1252 et
2311 1207 2439 1251 CPD.
2496 1227 2499 1230 >

1268 1379 1330 1421 et*
1355 1371 1625 1431 circularia,
1677 1378 1732 1420 ut
1768 1373 1991 1434 sequenti
2033 1377 2168 1433 parte
2207 1370 2472 1430 docebitur,
2549 1413 2554 1434 ,

1268 1451 1318 1493 et
1372 1445 1414 1492 si
1472 1450 1689 1493 centrum
1741 1444 1883 1507 primi
1923 1450 2104 1508 motus
2157 1449 2206 1491 et
2259 1443 2484 1505 corporis·
2542 1474 2554 1482 -<

1268 1596 1459 1653 oportet
1507 1588 1698 1638 stellam
1749 1589 1988 1652 aliquam,
2046 1590 2094 1637 in
2141 1587 2299 1637 medio
2338 1582 2479 1651 primi
2543 1614 2554 1649 ;

1269 1668 1430 1711 motus
1467 1662 1646 1719 circulo
1694 1663 1881 1711 moveri
1919 1663 2101 1719 visam,
2152 1667 2288 1710 tanto
2326 1661 2476 1710 latere
2535 1655 2554 1722 ᾖ

1104 1723 1116 1751 ⁸
1189 1794 1195 1801 Ι
1272 1735 1454 1784 diutius
1504 1741 1738 1798 tantoque
1790 1734 1945 1784 videri
1997 1736 2217 1790 brevius,
2275 1740 2498 1797 quant0,.
2550 1769 2554 1775 .

1017 1755 1122 1885 D)
1271 1823 1382 1858 cum
1419 1807 1612 1856 videtur
1637 1809 1697 1855 in
1739 1807 1862 1856 coeli
1911 1807 2094 1879 medio,
2144 1809 2342 1871 propior
2387 1813 2476 1868 est,

1271 1896 1430 1946 quam*
1470 1894 1577 1929 cum
1614 1895 1712 1930 non
1750 1880 1943 1929 videtur
1979 1895 2127 1944 supra
2163 1879 2479 1929 horizontem.
2523 1898 2526 1901 >

228 1951 379 2015 Atqui
416 1954 665 2004 stellarum
703 1957 795 2006 sub
834 1964 1102 2021 aequatore
1141 1959 1260 2018 (fies,
1299 1959 1354 2003 ut
1389 1955 1460 2002 ita
1497 1953 1669 2014 dicam,
1710 1953 1943 2016 aequales
1981 1954 2044 2002 ad
2069 1967 2267 2002 sensum
2304 1952 2480 2016 depre-
2513 1971 2554 2022 Ἀ)

210 2024 503 2078 ‚henduntur
539 2029 782 2090 noctibus,
821 2031 884 2079 ad
923 2046 1116 2080 sensum
1155 2034 1300 2097 igitur
1346 2027 1568 2090 aequalis
1615 2033 1690 2075 est
1722 2026 1958 2074 distantia
1994 2024 2192 2087 stellae,
2245 2031 2344 2075 tam
2382 2024 2481 2074 ful·

228 2101 388 2160 gentis
427 2101 475 2146 in
516 2101 639 2150 coeli
677 2102 852 2165 medio,
892 2117 1038 2167 quam
1074 2106 1166 2154 sub
1202 2104 1506 2154 horizontem
1528 2099 1815 2159 demersae,
1855 2113 1914 2148 ac
1949 2099 2151 2162 proinde
2190 2098 2253 2147 ad
2291 2098 2479 2147 distan-
2531 2131 2546 2161 ,-

227 2171 345 2219 tiam
393 2171 562 2222 stellae
614 2189 652 2223 a.
695 2175 846 2225 Terra
896 2184 1177 2240 comparata
1227 2174 1446 2240 ejusdem
1506 2171 1815 2222 culminantis
1865 2173 2020 2235 maj0r
2081 2186 2227 2235 quam
2283 2172 2481 2221 orientis

230 2246 657 2312 appropinquatio,
698 2262 824 2311 quae
859 2256 937 2298 ‘est
973 2252 1117 2300 unius
1154 2248 1501 2300 semidiametri
1538 2244 1732 2306 Terrae,
1770 2251 1981 2295 nonest
2016 2244 2275 2294 sensibilis.

575 2373 659 2415 Fig.
683 2374 742 2411 24.

1091 2855 1206 2915 ideo,
1240 2856 1346 2914 quia
1374 2856 1412 2900 F
1444 2854 1576 2900 stella
1605 2860 1696 2899 tam
1721 2853 1976 2910 propinqua
2007 2858 2091 2898 est.

1089 3049 1176 3101 zon
1208 3057 1267 3101 sit
1295 3053 1437 3099 ECG:
1480 3050 1704 3096 videbitur
1733 3049 1870 3107 igitur
1900 3050 2006 3094 oriri
2038 3049 2169 3094 stella
2207 3048 2255 3094 in
2285 3048 2345 3105 G,
2385 3046 2480 3092 cul-

1087 3201 1218 3235 arcus
1249 3185 1407 3232 stellae
1438 3183 1580 3233 GFE,
1610 3195 1692 3239 per
1722 3194 1855 3238 quem
1886 3187 2094 3238 apparet,
2134 3179 2312 3236 longior
2350 3190 2480 3224 arcus

220 3265 457 3325 ,residuum
487 3277 569 3322 per
600 3277 733 3321 quem
762 3263 875 3310 latet
905 3260 1049 3308 stella.
1367 3315 1370 3319 ⁴

134 3328 137 3330 ,
379 3339 430 3406 3)
469 3341 694 3403 Denique
729 3351 1020 3402 quocunque
1063 3333 1172 3382 loco
1199 3327 1470 3394 superficiei
1497 3326 1640 3375 hinne
1668 3322 1839 3373 stellae
1860 3321 2202 3371 diametraliter
2229 3327 2484 3371 cernuntur
2517 3358 2520 3361 ,

234 3415 504 3479 oppositae,
548 3415 618 3462 sic
655 3419 708 3461 ut
747 3414 929 3460 oriente
968 3424 1066 3458 una
1105 3403 1295 3455 occidat
1332 3399 1485 3450 altera
1524 3404 1573 3448 et
1598 3398 1826 3456 vicissim,
1866 3395 1980 3444 illae
2018 3395 2086 3443 sic
2118 3401 2351 3459 apparent
2390 3408 2490 3457 op«
2552 3395 2554 3440 ἶ

232 3489 422 3551 positae
473 3488 523 3533 in
559 3485 800 3533 >omnibus
839 3464 948 3531 asiis
994 3481 1116 3530 loeis
1169 3473 1442 3539 superficiei
1479 3471 1673 3521 Terrae.
1751 3469 2008 3530 Etiamque
2062 3469 2109 3514 in
2142 3468 2333 3516 eodem
2373 3467 2478 3515 loco
2503 3498 2514 3508 ,ν

234 3574 375 3624 pone,
417 3557 612 3607 oculum
652 3557 855 3605 inveniri
894 3557 941 3601 in
981 3560 1128 3612 recta,
1170 3562 1295 3612 quae
1335 3546 1456 3597 duas
1493 3558 1519 3592 e
1561 3543 1794 3597 diametro
1832 3543 2016 3605 positas
2054 3540 2176 3589 fixas
2224 3541 2490 3609 connectit,⁴

234 3638 288 3680 ut
323 3633 394 3681 sic
430 3636 637 3693 utraque
681 3628 825 3677 simul
864 3629 991 3676 cerni
1029 3626 1181 3689 possit
1230 3623 1277 3667 in
1306 3618 1568 3668 ‘contrariis
1619 3615 1884 3664 horizontis
1921 3613 2167 3677 partibus3
2221 3619 2514 3675 postquam‘

234 3704 355 3753 illud
391 3702 819 3766 hemisphaerium
856 3714 962 3748 sese
1000 3698 1175 3761 potiori
1212 3698 1348 3756 parte
1386 3688 1653 3740 condiderit
1675 3689 2048 3750 apparueritque
2075 3685 2489 3749 hemisphaerium

235 3777 488 3840 reliquum,
530 3782 577 3824 et
614 3773 772 3836 stella,
817 3787 942 3836 quae
979 3771 1072 3818 fuit
1107 3771 1158 3816 in
1198 3779 1389 3827 occasu,
1428 3764 1614 3812 venerit
1650 3762 1699 3809 in
1739 3767 1919 3809 ortum:
1960 3773 2085 3822 quae
2119 3761 2248 3816 prius
2286 3760 2332 3806 in
2373 3763 2477 3806 ortu

1206 2923 1445 2967 Moveatur
1467 2931 1491 2963 e
1514 2924 1671 2964 contra
1699 2918 1792 2963 fixa
1810 2919 1930 2974 circa
1960 2923 2163 2964 centrum
2186 2917 2227 2962 A
2257 2921 2303 2961 et
2325 2915 2480 2972 ‘quies—
2514 2954 2524 2966 ,

1092 2995 1165 3036 cat
1194 2989 1336 3033 Terra
1365 3000 1446 3037 seu
1475 2987 1522 3030 in
1553 2997 1607 3030 ea
1637 2984 1795 3029 oculus
1839 2984 1885 3028 in
1918 2989 2089 3040 puncto
2123 2984 2169 3038 C,
2201 2982 2332 3038 cujus
2362 2982 2506 3026 hori-.

1087 3123 1255 3168 minare
1286 3122 1332 3166 in
1362 3119 1422 3172 F,
1454 3117 1658 3163 occidere
1696 3117 1743 3161 in
1773 3117 1834 3168 E,
1875 3117 2049 3172 eritque
2086 3128 2266 3169 rursum
2304 3114 2506 3161 brevior*

1214 2335 1452 2379 Moveatur
1489 2330 1631 2375 Terra
1682 2341 1763 2373 seu
1806 2327 1965 2374 oculus
2019 2328 2066 2372 in
2103 2328 2203 2384 eJus
2244 2325 2483 2384 superficie
2524 2342 2545 2390 's‘

1098 2401 1217 2446 circa
1246 2404 1448 2444 centrum
1478 2395 1518 2441 A
1547 2396 1696 2451 sitque
1725 2395 1763 2439 F
1794 2394 1927 2439 stella
1964 2395 2218 2452 propinqua
2253 2400 2299 2439 et
2329 2393 2481 2451 quies·
2499 2386 2543 2442 .-εἴ

1092 2470 1182 2512 cat:
1229 2464 1454 2510 videbitur
1493 2461 1631 2518 igitur
1669 2461 1706 2505 F
1737 2459 1864 2513 oriri,
1904 2473 2006 2505 cum
2048 2459 2204 2521 oculus
2246 2465 2316 2504 est
2353 2459 2399 2504 in
2427 2459 2481 2515 B,

1089 2533 1354 2586 culminare,
1393 2543 1495 2577 cum
1525 2528 1568 2572 ei
1596 2527 1872 2586 propinquat
1902 2525 2060 2571 oculus
2091 2526 2137 2569 in
2169 2526 2224 2581 C,
2265 2524 2481 2582 occidere,
2527 2538 2539 2566 ,ι

1090 2612 1190 2643 cum
1228 2596 1386 2642 oculus
1425 2595 1472 2639 in
1500 2594 1569 2650 D,
1608 2598 1660 2638 ut
1690 2593 1754 2648 B,
1796 2592 1837 2636 D
1874 2592 1964 2636 sint
2003 2596 2199 2647 puncta,
2241 2590 2289 2635 in
2319 2589 2481 2646 quibus
2519 2602 2527 2635 ;

1089 2670 1239 2709 rectae
1270 2676 1326 2706 ex
1355 2661 1393 2705 F
1436 2664 1628 2717 tangunt
1659 2657 1869 2703 Terram.¹
1921 2656 2054 2701 Patet
2090 2655 2250 2712 igitur,
2292 2655 2412 2712 quod
2442 2654 2487 2713 F,
2521 2706 2532 2714 „

1090 2728 1315 2785 videatur,
1363 2725 1495 2770 oculo
1525 2730 1648 2772 moto
1678 2736 1761 2780 per
1790 2735 1942 2767 arcum
1972 2721 2088 2766 BCD
2118 2721 2388 2775 breviorem,
2417 2721 2480 2766 la·
2527 2758 2530 2762 ,

1090 2799 1186 2839 teat
1228 2805 1312 2850 per
1360 2804 1513 2835 arcum
1557 2788 1788 2833 residuum
1833 2786 1976 2831 multo
2022 2786 2295 2844 longiorem,
2345 2786 2480 2844 idque

2542 4025 2554 4140 Qu.
2544 3973 2554 4013 .“.Λ
2544 3939 2554 3958 τε
2545 3875 2554 3923 ,ιη
