2560 4100
167 129 169 132 ·
212 115 275 163 18
570 150 574 154 A
860 111 1091 168 Epistulae
1121 112 1306 182 Kepleri
1336 111 1615 170 aliorumque
1644 115 1827 158 mutuae

207 258 382 306 tiorum
420 257 592 311 mentis
623 251 779 330 etiam
812 235 1024 322 nostrae,
1065 260 1148 321 qui
1186 258 1428 309 con-donat
1462 260 1824 324 poenitentibus
1854 259 2122 309 voluntatis
2145 259 2448 322 pravitates;

205 333 486 379 misereatur
522 333 659 378 vero
678 344 775 378 non
790 335 1004 381 'tantum
1033 333 1415 395 singularitatis.
1455 331 1542 382 sed
1580 333 1727 382 ‘etiam
1762 333 2106 396 popularitatis
2146 339 2193 382 et
2231 331 2442 380 fiduciae

204 405 252 450 in
290 403 504 451 rabbinis
543 403 864 452 terrestribus

155 528 158 533 .
349 474 441 511 Η16
458 466 672 523 subjungit
700 475 904 525 Keplerus
935 476 1141 528 quaedam
1174 476 1223 514 de
1252 477 1373 515 rebus
1405 475 1460 514 ad
1490 476 1615 514 fidem
1644 487 1762 515 suam
1792 477 2095 527 pertinentibus
2112 506 2122 525 ,
2165 487 2276 528 quae
2315 477 2451 526 ipsum

204 538 290 572 tum
321 528 516 580 temporis
546 532 686 572 Lincii
714 535 941 586 agitabant,
974 534 1032 572 ad
1061 535 1188 573 vitam
1218 533 1388 583 Kepleri
1416 532 1643 586 referenda,
1675 538 1715 572 et
1746 535 1811 573 his
1842 535 1965 574 finem
1994 536 2119 575 facit:

305 589 468 639 Vale
508 590 784 641 Clarissimo
830 592 1123 655 Praeceptor
1176 608 1348 654 meque
1390 607 1552 669 amare
1588 607 1753 656 perge.
1828 591 2012 656 Scripsi
2070 592 2280 655 dudum,
2333 606 2451 641 con-

202 665 321 712 clusi
362 661 446 731 ὲξ.
489 663 768 729 Decembris
807 668 922 714 anni
963 667 1119 714 1616.
1196 665 1369 714 Lincii.

489 738 493 742 ’
1140 733 1333 786 Excell.
1367 736 1504 786 Tuae

1654 809 2036 860 officiosissimus

2020 881 2074 930 J.
2114 880 2318 944 Kepler.

145 994 148 998 ,
349 953 412 993 Ad
449 953 600 1002 calcem
632 951 831 1004 epistolae
862 951 1076 992 Maestlini
1105 935 1209 1010 haec
1238 954 1460 1005 adscripsit
1489 936 1716 1005 Keplerus,
1748 954 1974 1004 respiciens
2005 955 2128 994 verba
2157 954 2370 994 Maestlini
2401 953 2449 992 116

204 1011 502 1063 hypothesibus
534 1013 820 1051 astronomicis
852 1015 892 1050 et
922 1011 1131 1061 physicis-t
1976 1030 1981 1034 ·

343 1071 683 1120 Astronomica
731 1070 1016 1134 hypothesis
1064 1076 1166 1130 est,
1230 1067 1462 1132 quicquid
1511 1085 1564 1119 se
1608 1071 1810 1133 praebet
1858 1069 1922 1119 ad
1974 1070 2302 1135 computanda
2338 1069 2449 1119 loca

197 1138 516 1208 planetarum.
556 1173 626 1181 —
662 1144 751 1191 Est
789 1157 920 1192 mera
955 1142 1235 1191 fallaciavin
1273 1140 1514 1192 vocabulo
1553 1143 1772 1207 physica.
1849 1142 2056 1193 Duabus
2095 1158 2186 1207 ego
2225 1143 2285 1192 de
2325 1157 2455 1204 cau-1

107 1212 114 1256 ἕ
196 1220 269 1269 >sis
304 1217 497 1282 appello
535 1216 830 1281 hypotheses
867 1230 1002 1264 meas
1038 1215 1285 1279 physicas.
1341 1214 1522 1264 ‘Prima
1555 1216 1790 1277 66111666,
1831 1216 1961 1279 quod
1987 1216 2184 1280 quidam
2210 1222 2446 1276 asserunt,

181 1295 364 1339 ‘omues
406 1293 600 1339 omnino
639 1289 935 1354 hypotheses
973 1295 1361 1344 astronomorum
1401 1302 1507 1338 esse
1545 1289 1757 1350 fictitias,
1796 1303 1886 1339 1166
1922 1291 2050 1339 enim
2087 1290 2214 1338 ullos
2249 1303 2358 1338 esse
2396 1291 2446 1336 in
2530 1312 2533 1315 ·

80 1359 83 1362 ’
113 1418 115 1420 ,
199 1366 334 1420 60610
375 1366 666 1412 eccentricos
703 1368 790 1412 aut
828 1360 1091 1425 epicyclos,
1132 1375 1256 1435 (11106
1294 1362 1461 1423 posuit
1498 1361 1834 1422 Ptolemaeus,
1893 1375 1984 1412 1166
2008 1363 2207 1411 Terram
2245 1364 2445 1423 moveri,

198 1436 327 1500 quod
365 1431 530 1509 posuit
566 1426 879 1498 Gopernic'uS,
921 1434 1007 1483 sed
1047 1430 1264 1491 accidere
1302 1431 1424 1493 mira
1461 1434 1672 1496 quadam
1708 1437 1911 1496 ratione,
1950 1441 2004 1484 ut
2042 1435 2223 1486 talibus
2259 1449 2447 1499 suppo-

193 1512 314 1570 sitis,
354 1503 473 1568 11661
506 1507 669 1570 falsi5‚
721 1509 983 1572 astronomi
1023 1522 1140 1556 vera
1177 1506 1289 1556 inde
1326 1512 1608 1569 computent
1643 1505 1754 1557 loca
1789 1508 2107 1571 planetarum.
2183 1509 2290 1572 Ego
2328 1522 2445 1557 vero

139 1582 141 1584 ’
194 1582 396 1639 61611110,
438 1596 603 1630 016666
643 1587 951 1653 astronomos
983 1579 1168 1643 aliquid
1206 1594 1308 1647 verr
1344 1593 1540 1644 ponere,
1579 1594 1730 1650 unum
1767 1581 1877 1645 plus
1914 1581 2041 1645 ali03
2082 1587 2130 1630 et
2167 1594 2264 1644 quo
2302 1580 2443 1644 plura

142 1674 144 1676 ·
193 1647 438 1719 ponantur
477 1669 626 1714 vera,
674 1661 809 1716 quae
824 1660 1022 1702 natura
1059 1653 1182 1702 60611
1219 1664 1324 1715 pro
1344 1653 1446 1703 6616
1499 1656 1752 1733 agnoscit,
1795 1654 1910 1704 hoc
1960 1656 2138 1724 rectius
2185 1653 2445 1717 procedere

35 1740 42 1745 '
111 1762 113 1765 -
193 1727 469 1792 6616616111.
524 1727 699 1788 Itaque
738 1725 918 1775 studeo
961 1725 1082 1775 16116
1129 1725 1323 1775 ’solu‘m
1338 1739 1547 1790 ponere,
1600 1728 1742 1790 quae
1771 1729 1878 1790 ipse
1924 1721 2022 1776 11011
2073 1726 2291 1776 dubitem
2338 1741 2444 1776 6666

195 1816 314 1850 vera
349 1788 501 1853 realia
540 1806 588 1867 et
626 1802 697 1848 sic
733 1800 970 1864 physica,
1019 1798 1234 1862 intellige
1286 1797 1344 1848 de
1400 1805 1575 1848 natura
1611 1813 1709 1862 non
1748 1800 2120 1862 elementorum,
2177 1798 2263 1849 sed
2302 1798 2441 1849 60611.

189 1875 253 1923 Ε1
292 1880 400 1922 6661
437 1870 636 1937 repudio
676 1875 967 1923 eccentricos
1004 1872 1243 1935 perfectos
1283 1879 1342 1930 et,
1382 1871 1656 1938 epicyclos,
1701 1873 1828 1922 ‘ideo
1880 1873 2114 1936 repudio,
2171 1874 2287 1936 quia
2331 1879 2445 1922 sunt

156 1948 655 2010 ,merae-positiones
693 1947 1273 2009 geometricae,·quorum
1309 1944 1464 1994 simile
1503 1944 1701 2008 aliquod
1742 1960 1915 2011 corpus
1966 1947 2016 1993 in
2054 1945 2192 1994 coelo
2230 1959 2327 1994 non
2354 1951 2442 1996 661.

191 2020 360 2069 Altera
398 2034 571 2081 causa,
613 2033 694 2067 cur
730 2019 959 2083 physicas
999 2018 1156 2067 dicam
1194 2017 1489 2082 hypotheses
1526 2033 1684 2079 meas,
1724 2025 1799 2068 est
1834 2018 1982 2068 haec:
2032 2020 2296 2067 astronomi
2336 2024 2442 2068 sta-

189 2100 345 2156 tuunt,
383 2099 542 2142 motus
582 2093 770 2141 orbium
808 2092 1092 2142 coelestium
1128 2091 1232 2158 (qui
1269 2090 1389 2140 nulli
1426 2088 1556 2177 sunt)
1595 2106 1701 2141 esse
1738 2091 2022 2154 aequabiles
2060 2091 2354 2155 simpliciter,
2391 2098 2443 2141 et

188 2164 310 2216 haec
346 2167 453 2229 ipsa
491 2180 684 2229 quoque
723 2165 993 2229 suppositio
1032 2170 1106 2213 est
1142 2166 1358 2228 ipsorum
1396 2165 1622 2227 opinione
1660 2164 1890 2239 physica,
1930 2166 2175 2229 pertinens
2214 2163 2293 2214 vel
2330 2179 2438 2214 ma-

187 2243 316 2288 xime
355 2239 417 2288 ad
455 2247 674 2288 naturam
714 2239 852 2300 coeli,
891 2243 947 2286 ut
984 2237 1056 2285 illi
1095 2237 1405 2287 contendunt.
1480 2237 1582 2287 Nec
1619 2239 1810 2286 interim
1846 2232 2177 2301 perpendunt,
2215 2252 2269 2287 se
2307 2239 2440 2301 ipsos

118 2333 123 2338 ⁴
189 2315 335 2363 etiam
374 2313 514 2366 orbes
551 2311 824 2373 606661106,
865 2310 1067 2360 diversis
1105 2312 1354 2374 principiis
1391 2313 1440 2359 in
1476 2325 1627 2360 unum
1645 2313 1940 2374 compositis,
1979 2325 2176 2360 movere
2200 2312 2438 2374 inaequa-

189 2387 323 2435 liter.¹
393 2386 516 2434 Cum
553 2400 668 2448 ergo
706 2383 1031 2448 inaequabilis
1068 2390 1228 2449 motus
1251 2399 1327 2433 ex
1364 2383 1502 2434 coelo
1537 2398 1637 2433 non
1671 2386 1866 2448 penitus
1904 2384 2150 2433 auferatur
2185 2398 2272 2447 per
2319 2396 2439 2448 sup-

189 2461 485 2523 positionem
524 2459 736 2520 orbium,
794 2463 842 2508 et
889 2472 998 2506 cum
1047 2458 1152 2508 sine
1192 2457 1379 2506 orbium
1417 2458 1751 2522 suppositione
1789 2459 1944 2521 possit
1980 2457 2104 2508 tradi
2142 2459 2439 2506 astronomia

196 2534 560 2595 computatique
612 2538 774 2580 motus
820 2530 1157 2595 planetarum,
1219 2531 1260 2579 61
1311 2536 1496 2580 1601616
1532 2529 1724 2579 illorum
1761 2529 2076 2579 admittamus
2113 2520 2435 2593 inaequalem,

126 2615 130 2620 ’
194 2607 406 2669 regulari
442 2612 604 2654 tamen
643 2606 867 2665 circuitu,
909 2618 1000 2667 ego
1036 2599 1208 2667 probe,
1246 2603 1373 2654 11666
1410 2603 1808 2667 inaequalitatem
1845 2608 2006 2652 motus
2044 2617 2151 2652 esse
2178 2609 2437 2652 consenta-

150 2717 155 2721 .
192 2695 335 2727 neam
362 2677 594 2727 naturae
612 2678 868 2741 globorum
915 2684 962 2726 et
1014 2679 1084 2726 sic
1133 2677 1410 2741 physicam3
1467 2677 1621 2741 probo
1669 2679 1890 2740 insuper,
1950 2675 2172 2740 exempla
2207 2676 2348 2725 nobis
2386 2678 2435 2723 in

188 2758 385 2802 natura
401 2752 654 2799 sublunari
692 2753 838 2813 inque
877 2750 1095 2798 motibus
1131 2749 1425 2799 mechanicis
1463 2755 1718 2814 suppetere
1755 2749 1902 2812 hujus
1951 2748 2318 2811 inaequalitatis
2357 2763 2436 2798 re-

188 2824 375 2887 gularis
409 2823 967 2885 motuumcoelestium-
994 2830 1042 2871 et
1081 2825 1151 2872 616
1187 2836 1374 2872 rursum
1410 2823 1665 2888 physicam
1708 2835 1819 2871 esse
1865 2822 1991 2871 hanc
2036 2821 2434 2884 inaequalitatem

187 2898 473 2960 regularem.
549 2896 679 2946 Hinc
711 2888 859 2946 vfacile
899 2896 1169 2959 respondeo
1207 2895 1485 2946 Maestlino.
1561 2894 1715 2944 Jubet
1751 2910 1784 2944 a
1822 2897 1982 2943 causis
2019 2895 2236 2959 physicis
2275 2896 2432 2944 absti-

188 2985 317 3019 nere.
379 2969 520 3036 Scio,
561 2962 693 3031 quod
729 2984 828 3018 non
862 2970 984 3018 velit
1020 2968 1307 3032 prohibere,
1344 2983 1407 3037 66
1445 2984 1527 3031 66,
1581 2983 1706 3031 quae
1729 2967 2091 3032 supponimus,
2139 2970 2435 3031 argumentis

103 3062 106 3066 ·
139 3057 142 3060 ’
189 3043 510 3103 adstruamus,
550 3042 644 3090 hoc
681 3045 808 3091 enim
846 3041 899 3090 fit
935 3044 985 3089 in
1025 3043 1250 3092 omnibus
1278 3042 1466 3091 libellis
1505 3043 1868 3102 astronomicis,
1916 3055 2007 3090 nec
2042 3039 2176 3102 vult,
2223 3046 2278 3089 ut
2313 3040 2435 3089 nihil

190 3118 291 3170 veri
328 3130 566 3179 ponamus
588 3151 601 3176 ‚
656 3115 776 3162 nihil
816 3121 1196 3165 consentaneum
1233 3121 1438 3165 naturae
1475 3115 1624 3177 coeli,
1674 3121 1898 3178 argueret
1936 3115 2063 3163 enim
2099 3113 2435 3163 Ptolemaeum

190 3196 236 3238 et
275 3199 326 3237 se
363 3187 549 3251 ipsum3
603 3188 688 3235 sed
725 3191 918 3248 metuit,
967 3204 1027 3237 ne
1066 3189 1344 3251 perturbem
1381 3188 1610 3238 lectorem
1640 3188 1933 3250 conjecturis
1971 3185 2189 3249 physicis
2227 3201 2319 3236 nec
2356 3188 2434 3234 in-

189 3255 389 3311 for-mem
427 3261 490 3309 ad
528 3259 788 3308 calculum:
842 3260 953 3309 ideo
997 3253 1140 3322 jubet
1178 3263 1503 3311 astrononica
1540 3267 1746 3310 tractare
1783 3261 2120 3309 astronomice.
2194 3259 2255 3307 Id
2290 3260 2432 3322 facio,

189 3334 339 3384 doceo
367 3336 493 3383 enim
531 3328 810 3395 computare
849 3348 909 3382 ex
944 3331 1296 3397 hypothesibus
1332 3341 1509 3401 1601116.

316 3420 575 3461 'Maestlinus
605 3420 660 3459 ad
689 3420 861 3470 Kepleri
889 3419 1032 3459 literas
1062 3433 1146 3460 non
1172 3422 1436 3471 respondisse
1467 3422 1662 3474 videtur,
1698 3423 1805 3459 certe
1842 3417 1983 3458 nullae
2012 3421 2236 3468 supersunt
2268 3419 2428 3458 utrius-

118 3508 122 3513 ·
186 3492 265 3533 que
297 3481 493 3530 epistolae
523 3490 654 3530 usque
685 3478 735 3516 ad
767 3472 922 3517 annum
946 3480 1071 3528 1620,
1103 3482 1142 3517 et
1173 3481 1330 3529 passim
1362 3480 1707 3531 deprehendimus
1737 3479 1954 3527 interjecto
1985 3480 2169 3526 tempore
2200 3475 2429 3527 Keplerum

188 3542 423 3589 querentem
452 3536 661 3576 Maestlini
691 3535 931 3575 diuturnum
962 3537 1172 3585 silentium
1204 3541 1244 3575 et
1274 3539 1428 3578 amicos
1460 3539 1744 3587 Tubingenses
1787 3534 2085 3587 appellantem,
2132 3539 2181 3573 ut
2217 3534 2339 3574 illum
2379 3535 2433 3574 ad

186 3598 493 3647 responsionem
522 3595 791 3645 impellerent.
852 3593 1097 3633 Maestlinus
1129 3599 1236 3634 certe
1263 3598 1508 3646 petitionem
1521 3596 1691 3646 Kepleri
1722 3594 1920 3643 neglexit,
1950 3596 1997 3631 ut
2028 3584 2110 3632 sibi
2140 3597 2282 3632 mutuo
2317 3594 2435 3632 daret

188 3654 254 3694 vel
284 3654 479 3694 venderet
506 3656 628 3702 typos
658 3653 815 3701 ligneos
847 3654 1078 3703 Epitomes,
1110 3664 1237 3704 quam
1269 3655 1399 3693 edidit
1428 3655 1685 3694 Maestlinus.
1747 3650 2038 3702 Comparantes
2069 3654 2289 3704 utrumque
2330 3663 2434 3702 opus

188 3713 528 3764 deprehendimus
559 3711 727 3762 quidem
758 3709 912 3750 multas
942 3710 1111 3760 Kepleri
1140 3712 1292 3760 figuras
1323 3714 1479 3753 similes
1509 3710 1814 3751 Maestlinianis
1847 3721 1998 3759 easque
2029 3709 2085 3747 ad
2113 3721 2302 3749 normam
2331 3711 2431 3748 illa·

144 3788 145 3794 =
186 3784 277 3810 rum
307 3770 502 3823 sculptas,
534 3768 690 3808 nullam
720 3781 815 3808 vero
847 3781 899 3808 ex
923 3761 1073 3808 eadem
1105 3770 1314 3820 sculptura
1348 3770 1567 3811 desumtas.
1627 3768 1803 3817 Figuras
1832 3779 1926 3807 vero
1952 3767 2004 3807 ad
2024 3765 2286 3816 planetarum
2311 3769 2428 3808 theo-

186 3831 270 3870 rias
300 3830 552 3881 pertinentes
582 3830 815 3880 figurasque
846 3827 945 3867 libri
975 3828 1141 3877 septimi
1170 3828 1294 3894 plane
1324 3840 1454 3870 novas
1485 3839 1573 3891 esse
1594 3831 1634 3868 61
1654 3827 1877 3878 plurimum
1898 3826 2176 3876 discrepantes
2197 3838 2224 3866 a
2244 3826 2430 3867 Maestli-
