2560 4100
846 131 850 135 ·
926 121 998 167 De
1040 120 1251 180 Epitome
1287 119 1615 166 Astronomiae.
2320 120 2386 174 '¹13

146 272 279 325 plaria
308 273 390 312 duo
421 272 504 311 sibi
532 272 685 324 mittat,
719 283 872 320 „unum
902 271 1071 324 quidem
1099 272 1145 310 in
1174 281 1311 310 meum
1342 280 1463 309 usum
1485 270 1675 321 (primam
1697 270 1867 319 partem,
1898 279 2019 318 quam
2052 267 2160 307 dono
2191 279 2215 306 a
2245 269 2285 305 te
2316 277 2388 306 ac-

144 342 341 383 ceperam,
371 330 423 369 D.
444 330 499 371 D.
523 330 828 383 Klopfingerus‚
858 330 1042 370 medicus
1064 329 1285 368 familiaris
1308 328 1515 378 quondam
1544 331 1641 366 tuus
1672 327 1821 378 Lincii,
1855 327 2018 376 magnis
2048 326 2242 377 precibus
2271 337 2295 364 a
2324 336 2390 363 me

145 390 343 437 extorsit),
374 389 551 427 alterum
579 399 654 438 pro
686 389 738 428 D.
771 389 1003 428 Phandlero
1033 388 1188 435 nobili,
1233 387 1307 440 qui
1339 386 1513 425 dimidio
1543 384 1713 424 milliari
1742 396 1769 423 a
1799 386 1920 424 nobis
1950 385 1995 424 in
2025 385 2262 434 Loschberg
2292 395 2386 423 arce

142 448 326 497 habitat,
370 451 411 486 et
439 444 564 486 simul
593 447 772 496 pretium
800 447 979 500 indices,
1023 446 1135 499 quod
1175 446 1312 497 prima
1353 445 1569 484 occasione
1606 444 1685 482 tibi
1724 443 1950 483 mittetur.“
2011 442 2144 483 Paulo
2178 446 2271 493 post
2301 440 2388 495 (23.

141 504 282 556 Febr.)
328 505 474 544 scribit
503 504 672 544 0105105
703 505 881 555 Keplero
930 505 1200 556 respondens:
1238 504 1606 555 Existimaveram‚
1649 500 1878 541 secundam
1909 504 2068 551 partem
2100 502 2388 541 Astronomiae

143 563 253 603 Tuae
283 564 483 614 proximis
512 563 712 603 nundinis
742 563 978 603 vernalibus
1010 564 1215 602 exituram
1244 563 1289 601 in
1320 563 1474 611 lucem,
1518 561 1590 600 sed
1619 561 1774 599 misera
1811 558 1948 598 adhuc
1976 563 2144 610 propter
2173 560 2389 609 ignaviam
2421 605 2431 621 ·

143 626 360 671 parentum
392 625 432 660 et
460 626 642 661 tutorum
673 634 839 661 suorum
869 623 914 661 in
944 623 1157 671 gurgustio
1189 621 1437 672 typographi
1469 620 1709 658 delitescere
1742 618 1915 666 cogitur.
1978 619 2012 658 O
2054 620 2234 668 -inJ'ustos
2271 618 2389 668 geni-

143 683 265 732 tores,
297 691 472 732 quorum
505 681 656 731 supina
684 679 940 730 negligentia
969 681 1193 720 liberorum
1223 680 1387 719 claritas
1419 682 1461 717 et
1488 679 1654 716 fortuna
1674 681 1762 715 tam
1783 675 1959 726 turpiter
1987 676 2194 725 perdituri
2227 675 2391 744 Ecquid

141 738 420 804 typographus
450 740 566 788 agit?
617 738 762 778 Nonne
792 739 921 789 pudet
949 739 1178 794 hominem,
1214 739 1350 789 spatio
1384 738 1407 776 'a’
1439 737 1644 776 mensium
1674 730 1734 774 50
1758 737 1920 773 tantum
1950 735 2127 784 paginas
2158 747 2279 785 posse
2307 735 2389 773 im-

136 796 344 846 primere.
329 798 349 824 ‘³
381 798 447 835 An
467 798 526 836 ita
543 798 586 836 in
607 809 651 836 re
673 799 822 837 uxoria
843 801 1068 865 occupatus
1090 801 1165 849 est,
1198 800 1244 835 ut
1264 797 1348 836 cibi
1369 796 1496 835 etiam
1517 794 1812 834 obliviscatur?
1845 793 1892 830 ln
1914 792 2175 831 Harmonicis
2204 794 2288 832 tuis
2319 796 2393 831 aut

136 865 231 892 vera
252 859 325 893 aut
345 855 452 894 falsa
473 855 661 909 docebis3
695 857 730 895 si
751 867 868 896 vera.
900 856 1189 905 sagacissimus
1210 855 1312 894 mihi
1339 857 1511 894 naturae
1531 853 1708 893 Hermes
1731 852 1833 899 eris;
1865 851 1930 890 sin
1950 849 2080 890 falsa:
2109 852 2388 901 pulcherrima

139 915 281 951 tamen
311 914 593 963 speculatione
623 915 837 954 hominum
862 914 1219 963 ingeniosissimos
1249 914 1411 952 animos
1442 923 1566 962 saepe
1598 911 1837 951 delectabis,
1898 909 1955 948 At
1986 921 2111 962 quam
2141 910 2310 959 vellem,
2343 913 2391 948 ut

134 971 356 1010 verissima
385 973 468 1011 sint
498 974 649 1023 omnia,
679 985 788 1025 quae
819 973 1047 1023 scripturus
1079 984 1133 1023 05,
1164 973 1407 1022 praesertim
1438 982 1489 1010 ea
1519 969 1840 1022 demonstratio,
1891 979 1997 1020 quae
2036 967 2092 1006 ad
2124 968 2391 1007 obtinendam

138 1029 456 1079 dispositionem
486 1032 601 1070 illam
631 1043 726 1071 vere
755 1032 1038 1070 harmonicam
1068 1032 1111 1069 in
1145 1031 1327 1069 motibus
1359 1040 1576 1080 corporum
1598 1028 1852 1074 coelestium,
1883 1026 2212 1065 eccentricitates
2240 1027 2390 1076 plane-

138 1090 274 1126 tarum
302 1086 405 1127 illae
433 1090 573 1143 ipsae,
613 1101 717 1142 quas
759 1091 939 1142 quilibet
975 1101 1050 1140 pro
1082 1101 1125 1128 se
1156 1089 1283 1127 habet
1314 1092 1355 1128 et
1382 1099 1467 1127 non
1497 1089 1604 1127 aliae
1637 1086 1838 1126 constitui
1869 1085 2099 1124 debuerint.
2159 1085 2213 1123 Et
2242 1084 2389 1125 videor

133 1146 238 1184 mihi
266 1149 351 1195 jam
380 1148 598 1187 veritatem
630 1152 783 1187 certam
814 1152 854 1187 et
882 1150 1043 1195 firmam
1071 1147 1340 1186 harmonicae
1369 1150 1464 1185 tuae
1484 1145 1773 1196 dispositionis
1802 1145 1848 1183 in
1879 1144 2063 1183 motibus
2083 1144 2176 1182 istis
2198 1141 2389 1182 coelesti-

132 1204 211 1243 bus
242 1204 404 1258 videre,
448 1207 486 1245 si
514 1207 636 1245 modo
667 1205 865 1257 palmaria
895 1211 969 1244 tua
998 1206 1240 1257 hypothesis
1273 1206 1322 1245 de
1353 1206 1445 1244 loco
1477 1205 1587 1245 Solis
1617 1205 1662 1243 in
1695 1206 1834 1243 centro
1864 1203 2050 1241 universi
2079 1199 2390 1240 irrefutabiliter

134 1261 415 1303 demonstrata
446 1270 564 1304 esset.
609 1264 663 1303 Et
693 1266 810 1305 crede
840 1263 956 1312 mihi,
988 1268 1192 1317 quantum
1212 1265 1257 1302 in
1279 1264 1629 1303 demonstratione
1652 1262 1787 1301 dictae
1807 1266 1904 1300 tuae
1924 1260 2202 1311 hypotheseos
2223 1258 2388 1298 labora-

68 1321 73 1326 '
131 1321 258 1373 veris,
299 1325 459 1362 tantum
497 1323 731 1374 splendoris
763 1328 804 1363 et
833 1324 1096 1363 auctoritatis
1136 1326 1175 1361 et
1213 1323 1313 1362 fidei
1352 1329 1393 1361 et
1421 1323 1608 1361 veritatis
1646 1321 1703 1361 ad
1733 1320 2030 1360 Harmonicam
2060 1322 2177 1358 tuam
2207 1319 2389 1368 accedet,

132 1390 210 1418 nec
238 1391 342 1430 opus
372 1383 466 1435 erit,
508 1387 556 1421 ut
586 1382 783 1429 lectorem
811 1386 931 1422 tuum
959 1393 1032 1433 per
1065 1384 1147 1421 100
1180 1392 1312 1421 annos
1343 1385 1572 1449 exspecteS,
1615 1380 1689 1420 sed
1718 1380 1838 1418 vivus
1870 1378 2010 1428 etiam,
2057 1377 2172 1430 quod
2200 1378 2307 1416 nulli
2339 1378 2390 1416 ab

133 1437 347 1478 hominum
377 1442 574 1480 memoria
605 1442 803 1492 contigit,
842 1442 950 1481 inter
980 1441 1115 1480 sidera
1144 1439 1354 1493 refereris3
1396 1441 1486 1490 ipse
1517 1439 1646 1480 Orion
1685 1441 1726 1477 et
1755 1440 2035 1476 monstrorum
2068 1436 2245 1476 domitor
2275 1435 2387 1476 Her-

18 1482 19 1490 ἵ
67 1508 71 1511 ·
132 1497 243 1536 cules
273 1498 353 1537 tibi
384 1499 542 1553 cedent,
573 1512 649 1539 nec
677 1501 912 1554 principem
942 1500 1050 1538 inter
1080 1503 1192 1539 astra
1222 1499 1358 1538 locum
1390 1501 1431 1537 et
1461 1496 1600 1537 lumen
1630 1496 1895 1537 invidebunt.

273 1555 536 1608 Exemplaria
566 1559 724 1609 primae
753 1559 881 1609 partis
911 1558 1212 1597 Astronomiae
1236 1561 1335 1596 tuae
1374 1562 1448 1606 ego
1488 1560 1529 1596 et
1559 1556 1613 1598 D.
1644 1554 1902 1595 Phandlerus
1941 1553 2298 1604 accepimus.1n
2338 1564 2386 1592 οο

133 1615 371 1668 exemplari,
401 1617 517 1669 quod
546 1618 648 1656 mihi
679 1619 825 1670 cessit,
859 1617 997 1656 deficit
1027 1618 1133 1657 circa
1162 1618 1288 1655 finem
1317 1617 1476 1667 pagina
1504 1615 1649 1654 literae
1679 1615 1718 1654 V
1749 1616 1790 1653 et
1819 1613 1977 1664 pagina
2005 1613 2154 1652 literae
2185 1611 2231 1651 M
2263 1623 2385 1652 exce-

132 1672 216 1726 dit,
260 1684 396 1724 quam-
409 1676 574 1715 remitto
605 1680 647 1715 et
675 1676 728 1716 D.
761 1675 1031 1725 Megisserum
1060 1675 1228 1714 nomine
1258 1682 1351 1714 meo
1384 1674 1688 1729 officiosissime
1730 1673 1960 1712 salutatum
1992 1683 2085 1721 ora,
2126 1682 2304 1722 quaeso,
2342 1674 2391 1710 ut

132 1735 299 1782 recepta
328 1734 482 1783 pagina
510 1734 554 1772 M
585 1734 843 1774 deficientem
874 1746 968 1785 pag.
999 1735 1038 1773 V
1067 1735 1161 1786 tibi,
1192 1737 1239 1773 ut
1267 1734 1347 1782 hoc
1376 1734 1528 1772 nuncio
1561 1744 1651 1771 eam
1680 1732 1844 1783 mittas,
1876 1729 2038 1769 tradere
2069 1741 2152 1769 11011
2182 1733 2388 1779 gravetur.

277 1790 473 1830 Proxima
505 1791 640 1832 Crusii
670 1794 845 1843 epistola
874 1797 963 1832 tota
993 1795 1054 1832 est
1093 1792 1142 1831 de
1173 1792 1407 1832 Harmonia
1447 1794 1488 1830 et
1523 1791 1566 1830 in
1604 1790 1863 1842 praefatione
1894 1789 1950 1827 ad
1981 1789 2060 1828 1100
2091 1800 2195 1839 opus
2226 1789 2387 1836 legitur.

131 1847 247 1898 Quae
285 1848 394 1889 hanc
433 1853 703 1904 sequebatur,
751 1851 845 1890 data
876 1855 938 1891 est
968 1851 1158 1891 Genevae
1189 1846 1282 1905 ⁵s15.
1314 1850 1419 1899 Maji
1452 1851 1578 1892 1621.
1639 1849 1808 1889 0105105
1849 1851 2010 1897 narrat,
2053 1858 2096 1886 se
2133 1850 2177 1885 in
2209 1846 2390 1895 Galliam

131 1908 410 1957 profecturum
450 1910 643 1950 Lincium
682 1911 844 1949 venisse
880 1911 1025 1963 ibique
1065 1911 1335 1963 comperisse,
1386 1907 1615 1959 Keplerum
1652 1910 1698 1948 in
1738 1906 2114 1956 wurtembergiam
2157 1906 2390 1956 profectum

129 1977 240 2016 esse,
284 1965 376 2012 »vel
409 1968 453 2007 in
481 1965 636 2018 Anglia
666 1969 931 2020 peregrinari.
939 1983 958 2005 α
1023 1968 1212 2008 Genevae
1242 1970 1428 2007 moratus
1471 1972 1532 2007 est
1563 1967 1733 2008 Grusius
1774 1965 1888 2017 apud
1921 1963 2245 2014 Gringalletum,
2290 1963 2389 2003 inde

127 2023 310 2064 Parisios
342 2038 623 2082 concessurus,
655 2028 731 2067 ubi
752 2027 1010 2078 aliquamdiu
1041 2027 1264 2067 consistere
1294 2027 1338 2065 in
1359 2027 1573 2078 proposito
1605 2027 1762 2066 habuit.
1807 2024 1901 2074 „Ad
1923 2035 2072 2063 manus
2093 2035 2220 2076 meas,
2251 2023 2389 2075 refert,

129 2082 198 2122 hic
228 2081 526 2136 Campanellae
554 2085 663 2126 liber
694 2086 745 2125 de
777 2098 899 2126 501150
930 2097 1065 2125 rerum
1095 2086 1308 2138 pervenit,
1348 2085 1393 2123 in
1425 2097 1532 2139 quo,
1573 2085 1676 2138 quia
1714 2088 1857 2124 auctor
1896 2083 1978 2122 iste
2017 2080 2147 2121 multa
2179 2081 2391 2121 subtiliter

128 2139 179 2180 de
209 2142 352 2181 anima
381 2146 564 2184 omnium
607 2151 744 2185 rerum
784 2148 824 2184 et
868 2145 1069 2184 sentiente
1101 2147 1141 2184 et
1170 2142 1431 2193 intelligente
1463 2143 1669 2196 disputat,
1712 2147 1753 2182 et
1782 2143 1825 2182 in
1869 2153 1939 2195 eo,
1983 2141 2096 2194 quod
2128 2144 2175 2179 tu
2204 2141 2390 2180 animam

128 2199 277 2240 Terrae
306 2203 553 2242 sentientem
583 2215 631 2244 ac
660 2215 735 2243 500
766 2203 890 2243 modo
927 2201 1232 2253 intelligentem
1269 2204 1396 2242 etiam
1434 2203 1480 2241 in
1510 2203 1775 2242 Harmonicis
1815 2201 1900 2241 tuis
1939 2200 2218 2250 demonstras,
2254 2202 2391 2239 tecum

128 2261 346 2299 convenire
374 2261 550 2312 videtur,
581 2275 630 2302 eo
659 2262 861 2302 libentius
892 2263 1091 2313 scriptum
1121 2259 1230 2301 illud
1261 2262 1511 2312 perlegam.«

270 2318 429 2359 Ultima
458 2332 598 2360 earum
629 2333 735 2372 quae
767 2324 990 2371 supersunt
1020 2319 1157 2360 Crusii
1188 2321 1455 2372 epistolarum
1488 2320 1586 2359 data
1616 2317 1976 2369 est‘Arg'entorati
2008 2319 2090 2367 (15.
2111 2317 2213 2357 Nov.
2249 2313 2390 2369 1621).

127 2374 347 2416 Tumultus
381 2377 534 2419 Gallici
565 2378 755 2419 0105111111
786 2380 1062 2432 impulerunt,
1101 2383 1150 2418 ut
1178 2378 1295 2430 prius
1327 2390 1455 2431 quam
1484 2379 1568 2429 ipsi
1598 2377 1857 2429 propositum
1887 2377 2022 2416 fuerat
2050 2377 2095 2415 in
2128 2375 2391 2416 Germaniam

126 2435 292 2478 rediret.
337 2436 489 2487 Refert,
517 2439 565 2477 in
594 2439 742 2478 itinere
764 2439 931 2478 Geneva
950 2438 1132 2477 Parisios
1162 2438 1271 2477 facto
1295 2438 1536 2477 observasse
1566 2447 1610 2476 se
1642 2436 1872 2488 deliquium
1894 2435 2019 2488 Solis,
2050 2435 2158 2474 redit
2187 2435 2239 2474 ad
2258 2435 2390 2483 Prog-

127 2495 334 2534 nosticum
366 2494 537 2546 Kepleri
574 2498 617 2536 in
649 2508 779 2537 annos
813 2498 925 2536 1618
957 2500 999 2536 et
1027 2496 1139 2538 1619
1174 2496 1267 2547 (cfr
1298 2495 1381 2536 vol.
1413 2496 1445 2537 I.
1475 2507 1521 2547 p:
1547 2498 1631 2535 479
1665 2493 1761 2549 55),
1804 2495 1948 2534 turbas
1978 2494 2024 2533 in
2053 2494 2176 2533 rebus
2205 2493 2392 2544 politicis

128 2555 169 2591 et
199 2550 254 2593 ad
283 2554 407 2593 fldem
437 2556 743 2605 pertinentibus
773 2568 891 2606 aegre
929 2557 1009 2595 fert
1038 2559 1080 2595 et
1109 2556 1174 2594 his
1204 2557 1328 2594 finem
1360 2554 1479 2594 facit:
1530 2554 1673 2594 »Unde
1705 2565 1778 2603 ego
1811 2555 2098 2607 0011010111,οὺ
2129 2555 2174 2591 tu
2204 2551 2388 2592 Harmo-
2464 2598 2474 2608 ·

125 2610 261 2651 nicam
292 2615 405 2652 tuam
435 2613 727 2664 Evangelicam
759 2615 912 2664 ederes,
943 2610 1018 2653 au't
1049 2615 1086 2654 51
1115 2614 1204 2653 11011
1233 2617 1388 2667 posset,
1422 2617 1469 2652 ut
1501 2599 1711 2664 exemplar
1744 2613 1995 2670 descriptum
2026 2611 2178 2650 habere
2209 2621 2389 2663 possem,

125 2669 304 2710 libenter
334 2671 413 2710 tibi
445 2673 577 2722 pretio
608 2685 682 2724 pro
700 2685 747 2712 eo
779 2672 1018 2724 solveretur,
1050 2676 1091 2712 et
1121 2676 1229 2712 certe
1250 2684 1428 2723 aequum
1450 2671 1611 2724 fuisset,
1642 2675 1683 2710 te
1705 2669 1830 2711 simul
1861 2673 1934 2709 aut
1963 2664 2088 2709 'etiam
2119 2670 2234 2719 prius
2265 2670 2391 2718 hujus

129 2727 386 2768 Harmoniae
418 2730 602 2770 edendae
634 2743 775 2771 curam
805 2732 1013 2785 habuisse,
1045 2742 1172 2782 quam
1203 2729 1376 2770 alterius
1406 2732 1543 2784 istius,
1576 2742 1682 2783 quae
1713 2729 1859 2769 mundi
1879 2729 2004 2778 hujus
2025 2729 2285 2767 harmoniam
2315 2739 2390 2766 ex-

129 2787 270 2837 plicet.
330 2788 585 2828 Promissum
615 2791 826 2846 exemplar
855 2791 994 2843 quarti
1024 2790 1121 2829 libri
1155 2790 1447 2829 Astrouomiae
1477 2790 1567 2829 Deo
1595 2789 1719 2828 dante
1749 2789 1841 2839 ipse
1870 2798 1898 2826 a
1934 2790 1975 2826 te
2004 2790 2190 2837 repetam
2222 2797 2268 2825 eo
2299 2784 2386 2825 for-

133 2857 211 2886 san
238 2849 438 2900 tempore,
470 2859 554 2900 quo
585 2849 756 2888 minime
787 2848 941 2900 credis;
973 2849 1102 2888 satius
1135 2849 1247 2888 enim
1277 2852 1353 2901 est,
1379 2851 1469 2899 jam
1499 2848 1668 2893 sedibus
1698 2847 1866 2887 incertis
1899 2846 2132 2899 oberrare,
2142 2856 2267 2898 quam
2297 2843 2390 2884 loco

130 2904 302 2944 affixum
337 2910 490 2944 certam
521 2908 747 2956 perniciem
776 2908 867 2958 pati
898 2911 939 2947 et
969 2907 1135 2958 quidem
1168 2907 1257 2946 sine
1286 2907 1546 2947 necessitate.
1594 2906 1820 2956 Exemplar
1849 2904 2192 2948 Harmonicorum
2223 2906 2390 2943 tuorum

134 2961 303 3003 Parisiis
333 2964 436 3002 mihi
467 2966 687 3017 acquisivi.
696 2979 716 3001 ι
757 2988 802 2995 -

270 3021 385 3070 Quae
416 3034 540 3073 supra
565 3021 619 3074 (p.
643 3025 697 3063 32
721 3021 770 3076 5.)
801 3025 1066 3064 exhibuimus
1098 3024 1148 3063 de
1177 3022 1251 3063 lite
1282 3025 1391 3064 inter
1423 3023 1642 3073 Nagelinm
1672 3025 1714 3062 et
1743 3019 1983 3075 0111301001,
2039 3021 2090 3061 de
2121 3021 2270 3061 iisdem
2301 3023 2387 3072 agit

125 3077 418 3131 Philippus
449 3080 714 3122 Miillerus
744 3083 975 3134 Lipsiensis
1007 3081 1097 3136 (cfr.
1118 3083 1197 3122 vol.
1230 3083 1282 3123 11.
1315 3094 1356 3134 p.
1379 3083 1460 3122 481
1497 3085 1538 3122 et
1568 3082 1616 3124 V.
1649 3093 1691 3132 p.
1721 3082 1775 3120 66
1798 3085 1876 3127 55.)
1905 3081 1950 3119 10
1980 3080 2114 3120 literis
2146 3080 2202 3120 ad
2233 3079 2388 3131 Keple-

83 3187 90 3193 ,
127 3148 216 3187 rum
247 3138 372 3191 datis,
419 3141 572 3193 quibus
605 3142 728 3180 etiam
760 3141 810 3179 de
841 3141 1035 3192 Epitome
1064 3139 1234 3191 Kepleri
1265 3143 1306 3180 et
1338 3141 1568 3180 Harmonia
1609 3140 1787 3180 disserit.
1846 3139 2007 3189 Refert,
2048 3138 2263 3180 Seussium
2306 3140 2390 3190 ipsi

128 3198 452 3239 communicasse
498 3199 669 3250 Kepleri
709 3199 913 3250 Judicium
960 3200 1010 3250 de
1059 3198 1261 3250 »pagellis
1309 3200 1396 3239 suis
1443 3199 1822 3252 Antinagelianis,«
1872 3198 2160 3252 honorificum.
2221 3197 2385 3248 Pergit:

126 3253 259 3305 Hujus
289 3260 375 3295 tam
402 3260 541 3308 justae
573 3256 724 3298 causae
755 3258 1034 3309 patrocinium
1077 3269 1159 3297 non
1205 3258 1498 3311 suscepissem,
1538 3258 1572 3298 si
1604 3258 1752 3298 fuisset
1782 3258 1937 3310 absque
1968 3256 2014 3300 P.
2049 3255 2250 3309 Criigero,
2293 3268 2388 3308 per-

45 3320 51 3326 ·
128 3311 286 3353 erudito
317 3316 449 3356 amico
481 3328 587 3358 meo.
647 3317 697 3356 Ei
728 3328 793 3355 me
824 3316 902 3355 hoc
932 3316 1055 3355 modo
1094 3320 1311 3366 purgatum
1355 3316 1538 3367 oportuit
1579 3316 1629 3356 de
1661 3317 1899 3368 suspicione
1929 3315 2187 3366 improvisa,
2227 3316 2263 3354 si
2303 3327 2388 3354 non

128 3374 291 3421 apertae
321 3373 563 3415 collusionis
595 3386 687 3415 cum
718 3373 903 3428 Nagelio,
945 3375 1134 3426 proditae
1164 3378 1302 3414 tamen
1334 3376 1614 3414 astronomiae
1653 3379 1693 3414 et
1731 3385 1946 3414 caesorum
1975 3374 2238 3424 propriorum
2270 3374 2387 3412 vine-

117 3431 279 3472 torum.
321 3431 512 3484 Suspicio
544 3433 649 3473 haec
678 3431 742 3472 illi
775 3436 864 3472 orta
895 3438 969 3484 est,
1001 3433 1114 3486 quod
1144 3433 1212 3472 1110
1233 3432 1343 3483 apud
1373 3444 1450 3473 nos
1479 3434 1664 3484 imprimi
1694 3445 1843 3484 passus
1875 3434 1953 3473 sim
1986 3433 2148 3472 chartas
2181 3433 2385 3483 quasdam

132 3483 362 3529 latratrices
392 3492 435 3530 in
468 3493 759 3532 astronomiam
793 3496 833 3531 et
855 3490 1101 3544 Criigerum,
1135 3490 1279 3544 quales
1310 3489 1424 3532 illius
1456 3491 1636 3544 Nagelii,
1668 3493 1849 3533 hominis
1880 3502 1974 3531 vere
2006 3490 2160 3530 clavati
2190 3495 2231 3530 et
2260 3492 2386 3543 caeci,

130 3555 217 3586 esse
247 3547 399 3591 solentae
457 3550 640 3602 Pupugit
670 3550 715 3590 id
735 3549 973 3602 Griigerum,
1005 3563 1056 3590 ne
1089 3550 1272 3590 differret
1300 3551 1611 3620 responsionem
1639 3553 1683 3591 in
1706 3562 1858 3591 annum
1889 3550 2138 3602 proximum,
2171 3549 2243 3588 sed
2275 3551 2383 3588 anti-

125 3604 289 3703 ieipazt¹
318 3608 494 3658 epistola
523 3609 704 3662 quadam
734 3611 846 3661 typis
878 3610 1107 3661 exscripta,
1148 3610 1191 3648 111
1235 3620 1319 3662 qua
1348 3610 1593 3651 commissae
1634 3609 1943 3660 imprudentiae
1977 3620 2111 3661 paene
2141 3619 2233 3647 reus
2266 3620 2378 3662 agor,

145 3673 223 3701 mm
286 3668 328 3704 to
361 3677 471 3709 sane.
503 3689 560 3696 —

106 3755 114 3762 ,
267 3721 333 3762 De
362 3724 556 3776 Epitome
587 3718 770 3776 Kepleri
788 3727 891 3766 haec
920 3724 1125 3764 Mullerus
1157 3723 1309 3765 dubius
1341 3726 1479 3766 affort·
1522 3739 1616 3779 pag.
1649 3727 1731 3765 484
1763 3724 1915 3769 infers.
1957 3727 1991 3766 si
2034 3729 2210 3776 ponatur
2241 3723 2384 3763 eadem

134 3778 237 3818 ratio
268 3784 499 3832 superficiei
531 3784 699 3825 Saturni
731 3785 783 3823 ad
825 3785 1082 3834 superficiem
1115 3783 1285 3836 Terrae,
1327 3796 1436 3836 quae
1480 3789 1542 3825 est
1581 3785 1917 3838 intervallorum,
1963 3785 2140 3835 decupla
2176 3783 2384 3832 nimirum,

127 3839 218 3877 tum
247 3840 447 3883 tationem
476 3854 693 3895 corporum
725 3843 775 3885 ad
809 3854 899 3884 eam
930 3841 1019 3885 fore
1049 3843 1343 3900 trigecuplam‚
1374 3844 1415 3888 h.
1447 3855 1481 3885 0.
1513 3844 1853 3900 sesquialteram,
1887 3847 1934 3884 ut
1964 3844 2045 3898 ais,
2093 3843 2383 3885 diametrorum
