<?xml version="1.0" encoding="UTF-8"?>
<!DOCTYPE html PUBLIC "-//W3C//DTD XHTML 1.0 Transitional//EN"
    "http://www.w3.org/TR/xhtml1/DTD/xhtml1-transitional.dtd">
<html xmlns="http://www.w3.org/1999/xhtml" xml:lang="en" lang="en">
 <head>
  <title>
</title>
<meta http-equiv="Content-Type" content="text/html;charset=utf-8" />
  <meta name='ocr-system' content='tesseract 3.04.00' />
  <meta name='ocr-capabilities' content='ocr_page ocr_carea ocr_par ocr_line ocrx_word'/>
</head>
<body>
  <div class='ocr_page' id='page_1' title='image "./operaomniaedidit06kepluoft/operaomniaedidit06kepluoft_0420.png"; bbox 0 0 2554 4140; ppageno 0'>
   <div class='ocr_carea' id='block_1_1' title="bbox 185 140 1638 214">
    <p class='ocr_par' dir='ltr' id='par_1_1' title="bbox 185 140 1638 214">
     <span class='ocr_line' id='line_1_1' title="bbox 185 140 1638 214; baseline -0.009 -1"><span class='ocrx_word' id='word_1_1' title='bbox 185 140 189 146; x_wconf 30' lang='grc' dir='ltr'>Ι</span> <span class='ocrx_word' id='word_1_2' title='bbox 215 164 321 213; x_wconf 81' lang='grc'><strong>406</strong></span> <span class='ocrx_word' id='word_1_3' title='bbox 771 142 773 144; x_wconf 32' lang='grc'><strong>’</strong></span> <span class='ocrx_word' id='word_1_4' title='bbox 1049 155 1287 214; x_wconf 80' lang='lat' dir='ltr'><strong>&#39;Epitomes</strong></span> <span class='ocrx_word' id='word_1_5' title='bbox 1318 145 1638 202; x_wconf 82' lang='lat' dir='ltr'><strong>Astronomiae</strong></span> 
     </span>
    </p>
   </div>
   <div class='ocr_carea' id='block_1_2' title="bbox 176 290 2494 1156">
    <p class='ocr_par' dir='ltr' id='par_1_2' title="bbox 207 290 2479 589">
     <span class='ocr_line' id='line_1_2' title="bbox 214 290 2479 371; baseline -0.004 -14"><span class='ocrx_word' id='word_1_6' title='bbox 214 290 312 357; x_wconf 82' lang='lat' dir='ltr'><strong>non</strong></span> <span class='ocrx_word' id='word_1_7' title='bbox 350 310 566 356; x_wconf 86' lang='lat' dir='ltr'><strong>maneret</strong></span> <span class='ocrx_word' id='word_1_8' title='bbox 603 305 841 371; x_wconf 84' lang='lat' dir='ltr'><strong>parallela</strong></span> <span class='ocrx_word' id='word_1_9' title='bbox 879 305 1145 370; x_wconf 83' lang='lat' dir='ltr'><strong>horizonti.</strong></span> <span class='ocrx_word' id='word_1_10' title='bbox 1194 308 1243 352; x_wconf 90' lang='lat' dir='ltr'><strong>in</strong></span> <span class='ocrx_word' id='word_1_11' title='bbox 1259 302 1475 353; x_wconf 85' lang='lat' dir='ltr'><strong>statera</strong></span> <span class='ocrx_word' id='word_1_12' title='bbox 1512 317 1630 353; x_wconf 83' lang='lat' dir='ltr'><strong>vero</strong></span> <span class='ocrx_word' id='word_1_13' title='bbox 1668 303 1938 368; x_wconf 75' lang='lat' dir='ltr'><strong>ponderum</strong></span> <span class='ocrx_word' id='word_1_14' title='bbox 1975 304 2107 354; x_wconf 90' lang='lat' dir='ltr'><strong>linea</strong></span> <span class='ocrx_word' id='word_1_15' title='bbox 2142 306 2308 353; x_wconf 89' lang='lat' dir='ltr'><strong>manet</strong></span> <span class='ocrx_word' id='word_1_16' title='bbox 2341 302 2479 351; x_wconf 88' lang='lat' dir='ltr'><strong>bori-</strong></span> 
     </span>
     <span class='ocr_line' id='line_1_3' title="bbox 212 370 2478 443; baseline -0.002 -15"><span class='ocrx_word' id='word_1_17' title='bbox 212 382 346 429; x_wconf 83' lang='lat' dir='ltr'><strong>zonti</strong></span> <span class='ocrx_word' id='word_1_18' title='bbox 384 379 640 443; x_wconf 85' lang='lat' dir='ltr'><strong>parallela‚</strong></span> <span class='ocrx_word' id='word_1_19' title='bbox 681 378 768 428; x_wconf 85' lang='lat' dir='ltr'><strong>sed</strong></span> <span class='ocrx_word' id='word_1_20' title='bbox 801 380 978 441; x_wconf 81' lang='lat' dir='ltr'><strong>jugum</strong></span> <span class='ocrx_word' id='word_1_21' title='bbox 1017 378 1192 427; x_wconf 89' lang='lat' dir='ltr'><strong>dividit</strong></span> <span class='ocrx_word' id='word_1_22' title='bbox 1227 376 1587 440; x_wconf 82' lang='lat' dir='ltr'><strong>longitudinem</strong></span> <span class='ocrx_word' id='word_1_23' title='bbox 1623 377 1935 426; x_wconf 89' lang='lat' dir='ltr'><strong>brachiorum</strong></span> <span class='ocrx_word' id='word_1_24' title='bbox 1971 392 2069 426; x_wconf 90' lang='lat' dir='ltr'><strong>non</strong></span> <span class='ocrx_word' id='word_1_25' title='bbox 2101 379 2149 425; x_wconf 87' lang='lat' dir='ltr'><strong>in</strong></span> <span class='ocrx_word' id='word_1_26' title='bbox 2174 370 2353 436; x_wconf 86' lang='lat' dir='ltr'><strong>medio,</strong></span> <span class='ocrx_word' id='word_1_27' title='bbox 2389 374 2478 424; x_wconf 85' lang='lat' dir='ltr'><strong>sed</strong></span> 
     </span>
     <span class='ocr_line' id='line_1_4' title="bbox 207 444 2476 535; baseline -0.002 -35"><span class='ocrx_word' id='word_1_28' title='bbox 207 454 414 518; x_wconf 86' lang='lat' dir='ltr'><strong>propius</strong></span> <span class='ocrx_word' id='word_1_29' title='bbox 445 453 677 522; x_wconf 81' lang='lat' dir='ltr'>graviori</span> <span class='ocrx_word' id='word_1_30' title='bbox 721 451 950 516; x_wconf 77' lang='lat' dir='ltr'><strong>penderi,</strong></span> <span class='ocrx_word' id='word_1_31' title='bbox 1007 444 1079 500; x_wconf 81' lang='lat' dir='ltr'><strong>sic</strong></span> <span class='ocrx_word' id='word_1_32' title='bbox 1129 457 1186 499; x_wconf 86' lang='lat' dir='ltr'><strong>ut</strong></span> <span class='ocrx_word' id='word_1_33' title='bbox 1228 450 1431 500; x_wconf 90' lang='lat' dir='ltr'><strong>brachia</strong></span> <span class='ocrx_word' id='word_1_34' title='bbox 1478 454 1807 535; x_wconf 81' lang='lat' dir='ltr'><strong>permutatam</strong></span> <span class='ocrx_word' id='word_1_35' title='bbox 1848 450 2067 533; x_wconf 82' lang='lat' dir='ltr'><strong>habeant</strong></span> <span class='ocrx_word' id='word_1_36' title='bbox 2115 447 2476 514; x_wconf 69' lang='lat' dir='ltr'><strong>proportionem</strong></span> 
     </span>
     <span class='ocr_line' id='line_1_5' title="bbox 212 525 752 598; baseline 0 -24"><span class='ocrx_word' id='word_1_37' title='bbox 212 525 498 598; x_wconf 78' lang='lat' dir='ltr'><strong>ponderum</strong></span> <span class='ocrx_word' id='word_1_38' title='bbox 745 566 752 574; x_wconf 98' lang='lat'>.</span> 
     </span>
    </p>

    <p class='ocr_par' dir='ltr' id='par_1_3' title="bbox 176 567 2479 929">
     <span class='ocr_line' id='line_1_6' title="bbox 222 567 2477 662; baseline -0.003 -9"><span class='ocrx_word' id='word_1_39' title='bbox 222 652 225 653; x_wconf 5' lang='grc' dir='ltr'><strong>Β</strong></span> <span class='ocrx_word' id='word_1_40' title='bbox 328 607 390 652; x_wconf 82' lang='lat' dir='ltr'><strong>Ut</strong></span> <span class='ocrx_word' id='word_1_41' title='bbox 421 607 459 653; x_wconf 88' lang='lat' dir='ltr'><strong>si</strong></span> <span class='ocrx_word' id='word_1_42' title='bbox 489 603 770 652; x_wconf 76' lang='lat' dir='ltr'><strong>manubrium</strong></span> <span class='ocrx_word' id='word_1_43' title='bbox 800 606 942 651; x_wconf 83' lang='lat' dir='ltr'>librae</span> <span class='ocrx_word' id='word_1_44' title='bbox 972 605 1058 650; x_wconf 88' lang='lat' dir='ltr'><strong>DA</strong></span> <span class='ocrx_word' id='word_1_45' title='bbox 1089 604 1150 650; x_wconf 90' lang='lat' dir='ltr'><strong>sit</strong></span> <span class='ocrx_word' id='word_1_46' title='bbox 1178 575 1370 661; x_wconf 81' lang='lat' dir='ltr'><strong>aequale</strong></span> <span class='ocrx_word' id='word_1_47' title='bbox 1399 604 1600 650; x_wconf 85' lang='lat' dir='ltr'><strong>brachiis</strong></span> <span class='ocrx_word' id='word_1_48' title='bbox 1628 574 1726 661; x_wconf 85' lang='grc' dir='ltr'><strong>ΒΑ,</strong></span> <span class='ocrx_word' id='word_1_49' title='bbox 1758 567 1870 662; x_wconf 86' lang='lat' dir='ltr'><strong>AC,</strong></span> <span class='ocrx_word' id='word_1_50' title='bbox 1901 608 2072 648; x_wconf 86' lang='lat' dir='ltr'><strong>statera</strong></span> <span class='ocrx_word' id='word_1_51' title='bbox 2101 605 2167 649; x_wconf 88' lang='lat' dir='ltr'><strong>sic</strong></span> <span class='ocrx_word' id='word_1_52' title='bbox 2195 603 2477 659; x_wconf 71' lang='lat' dir='ltr'><strong>formabitur,</strong></span> 
     </span>
     <span class='ocr_line' id='line_1_7' title="bbox 209 638 2478 728; baseline -0.001 -13"><span class='ocrx_word' id='word_1_53' title='bbox 209 670 413 728; x_wconf 88' lang='lat' dir='ltr'><strong>pondera</strong></span> <span class='ocrx_word' id='word_1_54' title='bbox 442 671 544 725; x_wconf 88' lang='lat' dir='ltr'><strong>ista,</strong></span> <span class='ocrx_word' id='word_1_55' title='bbox 577 683 634 715; x_wconf 86' lang='lat' dir='ltr'><strong>ex</strong></span> <span class='ocrx_word' id='word_1_56' title='bbox 665 671 734 727; x_wconf 89' lang='grc' dir='ltr'><strong>Β,</strong></span> <span class='ocrx_word' id='word_1_57' title='bbox 753 671 785 715; x_wconf 91' lang='grc' dir='ltr'><strong>Ο</strong></span> <span class='ocrx_word' id='word_1_58' title='bbox 817 670 1132 728; x_wconf 82' lang='lat' dir='ltr'>dependentia,</span> <span class='ocrx_word' id='word_1_59' title='bbox 1163 683 1444 728; x_wconf 79' lang='lat' dir='ltr'><strong>suspensura</strong></span> <span class='ocrx_word' id='word_1_60' title='bbox 1463 670 1524 715; x_wconf 90' lang='lat' dir='ltr'><strong>ad</strong></span> <span class='ocrx_word' id='word_1_61' title='bbox 1552 638 1869 728; x_wconf 85' lang='lat' dir='ltr'><strong>aequilibrium</strong></span> <span class='ocrx_word' id='word_1_62' title='bbox 1888 670 2152 715; x_wconf 76' lang='lat' dir='ltr'><strong>horizontis.</strong></span> <span class='ocrx_word' id='word_1_63' title='bbox 2211 669 2286 715; x_wconf 85' lang='lat' dir='ltr'><strong>Ex</strong></span> <span class='ocrx_word' id='word_1_64' title='bbox 2314 670 2356 714; x_wconf 94' lang='lat' dir='ltr'><strong>D</strong></span> <span class='ocrx_word' id='word_1_65' title='bbox 2377 680 2478 726; x_wconf 90' lang='lat' dir='ltr'><strong>per-</strong></span> 
     </span>
     <span class='ocr_line' id='line_1_8' title="bbox 209 736 2479 794; baseline -0 -13"><span class='ocrx_word' id='word_1_66' title='bbox 209 737 516 794; x_wconf 85' lang='lat' dir='ltr'><strong>pendicularis</strong></span> <span class='ocrx_word' id='word_1_67' title='bbox 554 738 602 782; x_wconf 93' lang='lat' dir='ltr'><strong>in</strong></span> <span class='ocrx_word' id='word_1_68' title='bbox 611 738 709 782; x_wconf 90' lang='grc' dir='ltr'><strong>ΒΟ</strong></span> <span class='ocrx_word' id='word_1_69' title='bbox 740 737 896 794; x_wconf 88' lang='lat' dir='ltr'><strong>ducta,</strong></span> <span class='ocrx_word' id='word_1_70' title='bbox 940 749 1055 792; x_wconf 86' lang='lat' dir='ltr'><strong>quae</strong></span> <span class='ocrx_word' id='word_1_71' title='bbox 1087 736 1149 780; x_wconf 89' lang='lat' dir='ltr'><strong>sit</strong></span> <span class='ocrx_word' id='word_1_72' title='bbox 1177 737 1283 792; x_wconf 82' lang='grc' dir='ltr'><strong>ΒΚ,</strong></span> <span class='ocrx_word' id='word_1_73' title='bbox 1329 738 1417 783; x_wconf 89' lang='lat' dir='ltr'><strong>erit</strong></span> <span class='ocrx_word' id='word_1_74' title='bbox 1443 738 1752 794; x_wconf 82' lang='lat' dir='ltr'><strong>manubrium,</strong></span> <span class='ocrx_word' id='word_1_75' title='bbox 1791 742 1837 781; x_wconf 88' lang='lat' dir='ltr'><strong>et</strong></span> <span class='ocrx_word' id='word_1_76' title='bbox 1865 736 2064 793; x_wconf 27' lang='lat' dir='ltr'><strong>brachia.</strong></span> <span class='ocrx_word' id='word_1_77' title='bbox 2080 736 2177 794; x_wconf 82' lang='grc' dir='ltr'><strong>ΒΚ,</strong></span> <span class='ocrx_word' id='word_1_78' title='bbox 2208 736 2311 792; x_wconf 85' lang='lat' dir='ltr'><strong>KC3</strong></span> <span class='ocrx_word' id='word_1_79' title='bbox 2350 741 2398 780; x_wconf 87' lang='lat' dir='ltr'><strong>et</strong></span> <span class='ocrx_word' id='word_1_80' title='bbox 2426 741 2479 780; x_wconf 89' lang='lat' dir='ltr'><strong>ut</strong></span> 
     </span>
     <span class='ocr_line' id='line_1_9' title="bbox 208 801 2478 862; baseline -0.001 -15"><span class='ocrx_word' id='word_1_81' title='bbox 208 804 291 848; x_wconf 85' lang='lat' dir='ltr'><strong>DF</strong></span> <span class='ocrx_word' id='word_1_82' title='bbox 321 803 447 860; x_wconf 91' lang='lat' dir='ltr'><strong>prius</strong></span> <span class='ocrx_word' id='word_1_83' title='bbox 477 803 537 848; x_wconf 87' lang='lat' dir='ltr'><strong>ad</strong></span> <span class='ocrx_word' id='word_1_84' title='bbox 564 805 676 862; x_wconf 81' lang='lat' dir='ltr'><strong>FE,</strong></span> <span class='ocrx_word' id='word_1_85' title='bbox 693 803 759 849; x_wconf 91' lang='lat' dir='ltr'><strong>sic</strong></span> <span class='ocrx_word' id='word_1_86' title='bbox 785 803 861 848; x_wconf 88' lang='lat' dir='ltr'><strong>hic</strong></span> <span class='ocrx_word' id='word_1_87' title='bbox 889 803 972 847; x_wconf 90' lang='grc' dir='ltr'><strong>ΒΚ</strong></span> <span class='ocrx_word' id='word_1_88' title='bbox 1002 802 1061 846; x_wconf 88' lang='lat' dir='ltr'><strong>ad</strong></span> <span class='ocrx_word' id='word_1_89' title='bbox 1081 803 1177 848; x_wconf 89' lang='grc' dir='ltr'><strong>ΚΟ.</strong></span> <span class='ocrx_word' id='word_1_90' title='bbox 1238 803 1368 850; x_wconf 88' lang='lat' dir='ltr'><strong>Tunc</strong></span> <span class='ocrx_word' id='word_1_91' title='bbox 1398 810 1450 851; x_wconf 88' lang='lat' dir='ltr'><strong>ut</strong></span> <span class='ocrx_word' id='word_1_92' title='bbox 1476 804 1562 848; x_wconf 91' lang='grc' dir='ltr'><strong>ΒΚ</strong></span> <span class='ocrx_word' id='word_1_93' title='bbox 1589 805 1738 849; x_wconf 90' lang='lat' dir='ltr'><strong>minus</strong></span> <span class='ocrx_word' id='word_1_94' title='bbox 1766 803 2003 848; x_wconf 81' lang='lat' dir='ltr'><strong>brachium</strong></span> <span class='ocrx_word' id='word_1_95' title='bbox 2030 802 2088 848; x_wconf 89' lang='lat' dir='ltr'><strong>ad</strong></span> <span class='ocrx_word' id='word_1_96' title='bbox 2109 801 2189 847; x_wconf 90' lang='grc' dir='ltr'><strong>ΚΟ</strong></span> <span class='ocrx_word' id='word_1_97' title='bbox 2217 802 2381 858; x_wconf 89' lang='lat' dir='ltr'><strong>majus,</strong></span> <span class='ocrx_word' id='word_1_98' title='bbox 2412 801 2478 845; x_wconf 90' lang='lat' dir='ltr'><strong>sic</strong></span> 
     </span>
     <span class='ocr_line' id='line_1_10' title="bbox 176 867 2381 929; baseline 0 -17"><span class='ocrx_word' id='word_1_99' title='bbox 176 908 179 912; x_wconf 27' lang='lat'><strong>⁴</strong></span> <span class='ocrx_word' id='word_1_100' title='bbox 209 870 389 929; x_wconf 87' lang='lat' dir='ltr'><strong>pondus</strong></span> <span class='ocrx_word' id='word_1_101' title='bbox 418 869 462 914; x_wconf 92' lang='lat' dir='ltr'>H</span> <span class='ocrx_word' id='word_1_102' title='bbox 493 869 642 914; x_wconf 90' lang='lat' dir='ltr'><strong>minus</strong></span> <span class='ocrx_word' id='word_1_103' title='bbox 673 881 729 913; x_wconf 87' lang='lat' dir='ltr'><strong>ex</strong></span> <span class='ocrx_word' id='word_1_104' title='bbox 763 869 796 913; x_wconf 93' lang='grc' dir='ltr'><strong>Ο</strong></span> <span class='ocrx_word' id='word_1_105' title='bbox 828 867 1198 924; x_wconf 82' lang='lat' dir='ltr'><strong>suspendendum</strong></span> <span class='ocrx_word' id='word_1_106' title='bbox 1228 867 1287 912; x_wconf 87' lang='lat' dir='ltr'><strong>ad</strong></span> <span class='ocrx_word' id='word_1_107' title='bbox 1315 868 1497 925; x_wconf 76' lang='lat' dir='ltr'><strong>pondus</strong></span> <span class='ocrx_word' id='word_1_108' title='bbox 1527 870 1549 913; x_wconf 99' lang='grc' dir='ltr'>Ι</span> <span class='ocrx_word' id='word_1_109' title='bbox 1578 870 1727 926; x_wconf 86' lang='lat' dir='ltr'><strong>majus</strong></span> <span class='ocrx_word' id='word_1_110' title='bbox 1757 882 1815 914; x_wconf 88' lang='lat' dir='ltr'><strong>ex</strong></span> <span class='ocrx_word' id='word_1_111' title='bbox 1844 869 1883 914; x_wconf 93' lang='lat' dir='ltr'><strong>B</strong></span> <span class='ocrx_word' id='word_1_112' title='bbox 1911 867 2298 926; x_wconf 83' lang='lat' dir='ltr'><strong>suspendendum.</strong></span> <span class='ocrx_word' id='word_1_113' title='bbox 2374 905 2381 912; x_wconf 95' lang='lat'>.</span> 
     </span>
    </p>

    <p class='ocr_par' dir='ltr' id='par_1_4' title="bbox 210 942 2494 1156">
     <span class='ocr_line' id='line_1_11' title="bbox 355 942 2494 1011; baseline -0.001 -17"><span class='ocrx_word' id='word_1_114' title='bbox 355 944 752 996; x_wconf 72' lang='lat' dir='ltr'><strong>Monendus.est</strong></span> <span class='ocrx_word' id='word_1_115' title='bbox 787 943 956 1002; x_wconf 86' lang='lat' dir='ltr'><strong>lector,</strong></span> <span class='ocrx_word' id='word_1_116' title='bbox 996 943 1241 992; x_wconf 82' lang='lat' dir='ltr'><strong>difficilem</strong></span> <span class='ocrx_word' id='word_1_117' title='bbox 1281 958 1389 994; x_wconf 89' lang='lat' dir='ltr'><strong>esse</strong></span> <span class='ocrx_word' id='word_1_118' title='bbox 1428 946 1941 1009; x_wconf 87' lang='lat' dir='ltr'><strong>experimentationem</strong></span> <span class='ocrx_word' id='word_1_119' title='bbox 1974 944 2323 1005; x_wconf 79' lang='lat' dir='ltr'><strong>mechanicam,</strong></span> <span class='ocrx_word' id='word_1_120' title='bbox 2362 942 2494 1011; x_wconf 74' lang='lat' dir='ltr'><strong>quia=</strong></span> 
     </span>
     <span class='ocr_line' id='line_1_12' title="bbox 210 1015 2477 1103; baseline -0.001 -35"><span class='ocrx_word' id='word_1_121' title='bbox 210 1018 494 1070; x_wconf 88' lang='lat' dir='ltr'><strong>mechanice</strong></span> <span class='ocrx_word' id='word_1_122' title='bbox 533 1018 696 1067; x_wconf 89' lang='lat' dir='ltr'><strong>caveri</strong></span> <span class='ocrx_word' id='word_1_123' title='bbox 732 1030 832 1064; x_wconf 89' lang='lat' dir='ltr'><strong>non</strong></span> <span class='ocrx_word' id='word_1_124' title='bbox 870 1021 1033 1080; x_wconf 91' lang='lat' dir='ltr'><strong>potest</strong></span> <span class='ocrx_word' id='word_1_125' title='bbox 1070 1016 1261 1080; x_wconf 90' lang='lat' dir='ltr'><strong>pondus</strong></span> <span class='ocrx_word' id='word_1_126' title='bbox 1299 1022 1350 1066; x_wconf 88' lang='lat' dir='ltr'><strong>et</strong></span> <span class='ocrx_word' id='word_1_127' title='bbox 1384 1017 1656 1067; x_wconf 80' lang='lat' dir='ltr'><strong>crassitudo</strong></span> <span class='ocrx_word' id='word_1_128' title='bbox 1693 1020 1910 1103; x_wconf 79' lang='lat' dir='ltr'><strong>ipsorum</strong></span> <span class='ocrx_word' id='word_1_129' title='bbox 1949 1017 2284 1068; x_wconf 87' lang='lat' dir='ltr'><strong>brachiorum·</strong></span> <span class='ocrx_word' id='word_1_130' title='bbox 2326 1015 2477 1065; x_wconf 87' lang='lat' dir='ltr'><strong>debe-</strong></span> 
     </span>
     <span class='ocr_line' id='line_1_13' title="bbox 213 1087 2477 1156; baseline -0.002 -14"><span class='ocrx_word' id='word_1_131' title='bbox 213 1094 336 1142; x_wconf 86' lang='lat' dir='ltr'><strong>bant</strong></span> <span class='ocrx_word' id='word_1_132' title='bbox 381 1100 547 1141; x_wconf 88' lang='lat' dir='ltr'><strong>autem</strong></span> <span class='ocrx_word' id='word_1_133' title='bbox 598 1091 892 1152; x_wconf 84' lang='lat' dir='ltr'><strong>geometrice</strong></span> <span class='ocrx_word' id='word_1_134' title='bbox 941 1090 1235 1139; x_wconf 90' lang='lat' dir='ltr'><strong>constituere</strong></span> <span class='ocrx_word' id='word_1_135' title='bbox 1282 1104 1466 1140; x_wconf 87' lang='lat' dir='ltr'><strong>meram</strong></span> <span class='ocrx_word' id='word_1_136' title='bbox 1485 1091 1687 1140; x_wconf 85' lang='lat' dir='ltr'><strong>&#39;lineam</strong></span> <span class='ocrx_word' id='word_1_137' title='bbox 1723 1092 1827 1140; x_wconf 87' lang='lat' dir='ltr'><strong>sine</strong></span> <span class='ocrx_word' id='word_1_138' title='bbox 1866 1091 2082 1156; x_wconf 83' lang='lat' dir='ltr'><strong>pondere</strong></span> <span class='ocrx_word' id='word_1_139' title='bbox 2120 1094 2170 1140; x_wconf 87' lang='lat' dir='ltr'><strong>et</strong></span> <span class='ocrx_word' id='word_1_140' title='bbox 2202 1087 2477 1138; x_wconf 88' lang='lat' dir='ltr'><strong>latitudine.</strong></span> 
     </span>
    </p>
   </div>
   <div class='ocr_carea' id='block_1_3' title="bbox 206 1157 2476 1290">
    <p class='ocr_par' dir='ltr' id='par_1_5' title="bbox 206 1157 2476 1290">
     <span class='ocr_line' id='line_1_14' title="bbox 217 1157 2476 1228; baseline -0.001 -14"><span class='ocrx_word' id='word_1_141' title='bbox 217 1166 308 1214; x_wconf 86' lang='lat' dir='ltr'><strong>Cui</strong></span> <span class='ocrx_word' id='word_1_142' title='bbox 362 1157 734 1228; x_wconf 87' lang='lat' dir='ltr'><strong>impedimento</strong></span> <span class='ocrx_word' id='word_1_143' title='bbox 766 1161 1013 1225; x_wconf 90' lang='lat' dir='ltr'><strong>quomodo</strong></span> <span class='ocrx_word' id='word_1_144' title='bbox 1067 1177 1126 1211; x_wconf 90' lang='lat' dir='ltr'><strong>ex</strong></span> <span class='ocrx_word' id='word_1_145' title='bbox 1179 1167 1318 1226; x_wconf 84' lang='lat' dir='ltr'><strong>parte</strong></span> <span class='ocrx_word' id='word_1_146' title='bbox 1367 1163 1740 1225; x_wconf 85' lang='lat' dir='ltr'><strong>occurrendum,</strong></span> <span class='ocrx_word' id='word_1_147' title='bbox 1797 1164 2023 1215; x_wconf 85' lang='lat' dir='ltr'><strong>videatur</strong></span> <span class='ocrx_word' id='word_1_148' title='bbox 2072 1166 2121 1212; x_wconf 91' lang='lat' dir='ltr'><strong>in</strong></span> <span class='ocrx_word' id='word_1_149' title='bbox 2169 1160 2476 1212; x_wconf 88' lang='lat' dir='ltr'><strong>Archimede.</strong></span> 
     </span>
     <span class='ocr_line' id='line_1_15' title="bbox 206 1231 1024 1290; baseline -0.005 -14"><span class='ocrx_word' id='word_1_150' title='bbox 206 1236 286 1290; x_wconf 84' lang='lat' dir='ltr'><strong>(De</strong></span> <span class='ocrx_word' id='word_1_151' title='bbox 318 1235 790 1289; x_wconf 71' lang='lat' dir='ltr'><strong>Aequiponderantibus</strong></span> <span class='ocrx_word' id='word_1_152' title='bbox 819 1233 920 1275; x_wconf 86' lang='lat' dir='ltr'><strong>libri</strong></span> <span class='ocrx_word' id='word_1_153' title='bbox 951 1231 1024 1287; x_wconf 92' lang='lat' dir='ltr'><strong>II)</strong></span> 
     </span>
    </p>
   </div>
   <div class='ocr_carea' id='block_1_4' title="bbox 179 1292 2479 1652">
    <p class='ocr_par' dir='ltr' id='par_1_6' title="bbox 179 1292 2479 1652">
     <span class='ocr_line' id='line_1_16' title="bbox 366 1292 2479 1359; baseline -0 -16"><span class='ocrx_word' id='word_1_154' title='bbox 366 1295 525 1344; x_wconf 86' lang='lat' dir='ltr'><strong>Teneo</strong></span> <span class='ocrx_word' id='word_1_155' title='bbox 561 1308 859 1348; x_wconf 85' lang='lat' dir='ltr'><strong>mensuram</strong></span> <span class='ocrx_word' id='word_1_156' title='bbox 896 1292 1216 1359; x_wconf 79' lang='lat' dir='ltr'><strong>fortitudinis</strong></span> <span class='ocrx_word' id='word_1_157' title='bbox 1252 1308 1342 1343; x_wconf 90' lang='lat' dir='ltr'><strong>seu</strong></span> <span class='ocrx_word' id='word_1_158' title='bbox 1378 1296 1679 1344; x_wconf 84' lang='lat' dir='ltr'><strong>incrementi</strong></span> <span class='ocrx_word' id='word_1_159' title='bbox 1716 1295 2001 1355; x_wconf 74' lang='lat' dir='ltr'><strong>librationis</strong></span> <span class='ocrx_word' id='word_1_160' title='bbox 2037 1297 2095 1343; x_wconf 88' lang='lat' dir='ltr'><strong>in</strong></span> <span class='ocrx_word' id='word_1_161' title='bbox 2125 1293 2343 1358; x_wconf 82' lang='lat' dir='ltr'><strong>quolibet</strong></span> <span class='ocrx_word' id='word_1_162' title='bbox 2378 1294 2479 1342; x_wconf 81' lang='lat' dir='ltr'><strong>situ</strong></span> 
     </span>
     <span class='ocr_line' id='line_1_17' title="bbox 202 1366 2478 1433; baseline -0.002 -15"><span class='ocrx_word' id='word_1_163' title='bbox 202 1369 454 1432; x_wconf 79' lang='lat' dir='ltr'><strong>fibrarum</strong></span> <span class='ocrx_word' id='word_1_164' title='bbox 494 1369 716 1431; x_wconf 85' lang='lat' dir='ltr'><strong>corporis</strong></span> <span class='ocrx_word' id='word_1_165' title='bbox 750 1367 1004 1431; x_wconf 83' lang='lat' dir='ltr'><strong>planetae,</strong></span> <span class='ocrx_word' id='word_1_166' title='bbox 1040 1366 1311 1430; x_wconf 84' lang='lat' dir='ltr'><strong>petendam</strong></span> <span class='ocrx_word' id='word_1_167' title='bbox 1351 1383 1384 1416; x_wconf 93' lang='lat' dir='ltr'><strong>a</strong></span> <span class='ocrx_word' id='word_1_168' title='bbox 1421 1369 1782 1431; x_wconf 83' lang='lat' dir='ltr'><strong>complemento</strong></span> <span class='ocrx_word' id='word_1_169' title='bbox 1819 1369 2001 1433; x_wconf 71' lang='lat' dir='ltr'><strong>anquli</strong></span> <span class='ocrx_word' id='word_1_170' title='bbox 2035 1368 2194 1431; x_wconf 83' lang='lat' dir='ltr'><strong>fibrae</strong></span> <span class='ocrx_word' id='word_1_171' title='bbox 2231 1381 2346 1416; x_wconf 88' lang='lat' dir='ltr'><strong>cum</strong></span> <span class='ocrx_word' id='word_1_172' title='bbox 2384 1381 2478 1414; x_wconf 88' lang='lat' dir='ltr'><strong>ra-</strong></span> 
     </span>
     <span class='ocr_line' id='line_1_18' title="bbox 179 1439 2478 1507; baseline 0 -18"><span class='ocrx_word' id='word_1_173' title='bbox 179 1442 288 1502; x_wconf 30' lang='lat' dir='ltr'><strong>·dio</strong></span> <span class='ocrx_word' id='word_1_174' title='bbox 329 1441 485 1500; x_wconf 74' lang='lat' dir='ltr'><strong>Soli33</strong></span> <span class='ocrx_word' id='word_1_175' title='bbox 535 1443 660 1503; x_wconf 82' lang='lat' dir='ltr'><strong>quia</strong></span> <span class='ocrx_word' id='word_1_176' title='bbox 706 1454 825 1490; x_wconf 85' lang='lat' dir='ltr'><strong>vero</strong></span> <span class='ocrx_word' id='word_1_177' title='bbox 862 1440 1132 1504; x_wconf 78' lang='lat' dir='ltr'><strong>difficulter</strong></span> <span class='ocrx_word' id='word_1_178' title='bbox 1166 1446 1416 1503; x_wconf 78' lang='lat' dir='ltr'><strong>patescere</strong></span> <span class='ocrx_word' id='word_1_179' title='bbox 1454 1441 1656 1490; x_wconf 86' lang='lat' dir='ltr'><strong>videtur</strong></span> <span class='ocrx_word' id='word_1_180' title='bbox 1691 1442 1771 1491; x_wconf 77' lang='lat' dir='ltr'><strong>hic</strong></span> <span class='ocrx_word' id='word_1_181' title='bbox 1808 1442 2059 1507; x_wconf 75' lang='lat' dir='ltr'><strong>anyulus,</strong></span> <span class='ocrx_word' id='word_1_182' title='bbox 2098 1456 2152 1491; x_wconf 90' lang='lat' dir='ltr'><strong>eo</strong></span> <span class='ocrx_word' id='word_1_183' title='bbox 2191 1439 2330 1504; x_wconf 80' lang='lat' dir='ltr'><strong>quod</strong></span> <span class='ocrx_word' id='word_1_184' title='bbox 2371 1453 2478 1489; x_wconf 82' lang='lat' dir='ltr'><strong>non</strong></span> 
     </span>
     <span class='ocr_line' id='line_1_19' title="bbox 206 1506 2476 1580; baseline -0.001 -17"><span class='ocrx_word' id='word_1_185' title='bbox 206 1520 410 1563; x_wconf 81' lang='lat' dir='ltr'><strong>tantum</strong></span> <span class='ocrx_word' id='word_1_186' title='bbox 449 1528 631 1576; x_wconf 83' lang='lat' dir='ltr'><strong>corpus</strong></span> <span class='ocrx_word' id='word_1_187' title='bbox 669 1506 907 1562; x_wconf 76' lang='lat' dir='ltr'><strong>continue</strong></span> <span class='ocrx_word' id='word_1_188' title='bbox 943 1514 1256 1577; x_wconf 77' lang='lat' dir='ltr'><strong>transfertur</strong></span> <span class='ocrx_word' id='word_1_189' title='bbox 1293 1512 1353 1562; x_wconf 84' lang='lat' dir='ltr'><strong>de</strong></span> <span class='ocrx_word' id='word_1_190' title='bbox 1389 1514 1496 1563; x_wconf 88' lang='lat' dir='ltr'><strong>loco</strong></span> <span class='ocrx_word' id='word_1_191' title='bbox 1534 1516 1592 1562; x_wconf 84' lang='lat' dir='ltr'><strong>in</strong></span> <span class='ocrx_word' id='word_1_192' title='bbox 1629 1515 1826 1580; x_wconf 84' lang='lat' dir='ltr'><strong>locum,</strong></span> <span class='ocrx_word' id='word_1_193' title='bbox 1862 1515 1949 1564; x_wconf 80' lang='lat' dir='ltr'><strong>sed</strong></span> <span class='ocrx_word' id='word_1_194' title='bbox 1984 1517 2138 1564; x_wconf 82' lang='lat' dir='ltr'><strong>etiam</strong></span> <span class='ocrx_word' id='word_1_195' title='bbox 2175 1515 2283 1575; x_wconf 82' lang='lat' dir='ltr'><strong>ejus</strong></span> <span class='ocrx_word' id='word_1_196' title='bbox 2317 1512 2476 1575; x_wconf 73' lang='lat' dir='ltr'><strong>fibrae</strong></span> 
     </span>
     <span class='ocr_line' id='line_1_20' title="bbox 205 1554 2475 1652; baseline -0.002 -16"><span class='ocrx_word' id='word_1_197' title='bbox 205 1578 552 1648; x_wconf 75' lang='lat' dir='ltr'><strong>inclinantur,</strong></span> <span class='ocrx_word' id='word_1_198' title='bbox 610 1598 855 1635; x_wconf 82' lang='lat' dir='ltr'><strong>mensura</strong></span> <span class='ocrx_word' id='word_1_199' title='bbox 908 1586 1029 1634; x_wconf 81' lang='lat' dir='ltr'><strong>haec</strong></span> <span class='ocrx_word' id='word_1_200' title='bbox 1074 1588 1268 1634; x_wconf 82' lang='lat' dir='ltr'><strong>incerta</strong></span> <span class='ocrx_word' id='word_1_201' title='bbox 1314 1602 1468 1650; x_wconf 85' lang='lat' dir='ltr'><strong>eoque</strong></span> <span class='ocrx_word' id='word_1_202' title='bbox 1516 1589 1690 1652; x_wconf 84' lang='lat' dir='ltr'><strong>inepta</strong></span> <span class='ocrx_word' id='word_1_203' title='bbox 1739 1554 1940 1638; x_wconf 62' lang='lat' dir='ltr'><strong>videtur</strong></span> <span class='ocrx_word' id='word_1_204' title='bbox 1988 1586 2088 1638; x_wconf 86' lang='lat' dir='ltr'><strong>ad</strong></span> <span class='ocrx_word' id='word_1_205' title='bbox 2110 1602 2279 1637; x_wconf 81' lang='lat' dir='ltr'><strong>usum.</strong></span> <span class='ocrx_word' id='word_1_206' title='bbox 2368 1585 2475 1633; x_wconf 93' lang='lat' dir='ltr'><strong>Imo</strong></span> 
     </span>
    </p>
   </div>
   <div class='ocr_carea' id='block_1_5' title="bbox 129 1652 2478 1725">
    <p class='ocr_par' dir='ltr' id='par_1_7' title="bbox 129 1652 2478 1725">
     <span class='ocr_line' id='line_1_21' title="bbox 129 1652 2478 1725; baseline -0.002 -14"><span class='ocrx_word' id='word_1_207' title='bbox 129 1714 134 1719; x_wconf 69' lang='grc'>,</span> <span class='ocrx_word' id='word_1_208' title='bbox 205 1658 404 1724; x_wconf 82' lang='lat' dir='ltr'><strong>propter</strong></span> <span class='ocrx_word' id='word_1_209' title='bbox 442 1659 569 1708; x_wconf 90' lang='lat' dir='ltr'><strong>hanc</strong></span> <span class='ocrx_word' id='word_1_210' title='bbox 609 1661 767 1724; x_wconf 89' lang='lat' dir='ltr'><strong>ipsam</strong></span> <span class='ocrx_word' id='word_1_211' title='bbox 806 1652 1173 1709; x_wconf 86' lang='lat' dir='ltr'><strong>inclinationem</strong></span> <span class='ocrx_word' id='word_1_212' title='bbox 1210 1658 1442 1709; x_wconf 88' lang='lat' dir='ltr'><strong>fibrarum</strong></span> <span class='ocrx_word' id='word_1_213' title='bbox 1480 1659 1692 1725; x_wconf 86' lang='lat' dir='ltr'><strong>angulus</strong></span> <span class='ocrx_word' id='word_1_214' title='bbox 1719 1663 1811 1711; x_wconf 90' lang='lat' dir='ltr'><strong>iste</strong></span> <span class='ocrx_word' id='word_1_215' title='bbox 1836 1662 1886 1709; x_wconf 91' lang='lat' dir='ltr'><strong>in</strong></span> <span class='ocrx_word' id='word_1_216' title='bbox 1912 1675 2078 1711; x_wconf 86' lang='lat' dir='ltr'><strong>arcum</strong></span> <span class='ocrx_word' id='word_1_217' title='bbox 2105 1660 2292 1710; x_wconf 87' lang='lat' dir='ltr'><strong>orbitae</strong></span> <span class='ocrx_word' id='word_1_218' title='bbox 2314 1662 2478 1722; x_wconf 86' lang='lat' dir='ltr'><strong>potest</strong></span> 
     </span>
    </p>
   </div>
   <div class='ocr_carea' id='block_1_6' title="bbox 158 1730 2554 3200">
    <p class='ocr_par' dir='ltr' id='par_1_8' title="bbox 158 1730 2477 1857">
     <span class='ocr_line' id='line_1_22' title="bbox 209 1730 2477 1796; baseline -0.001 -14"><span class='ocrx_word' id='word_1_219' title='bbox 209 1734 444 1795; x_wconf 88' lang='lat' dir='ltr'><strong>converti,</strong></span> <span class='ocrx_word' id='word_1_220' title='bbox 486 1739 540 1781; x_wconf 89' lang='lat' dir='ltr'><strong>ut</strong></span> <span class='ocrx_word' id='word_1_221' title='bbox 579 1747 647 1780; x_wconf 82' lang='lat' dir='ltr'><strong>ex</strong></span> <span class='ocrx_word' id='word_1_222' title='bbox 676 1732 771 1781; x_wconf 91' lang='lat' dir='ltr'><strong>hoc</strong></span> <span class='ocrx_word' id='word_1_223' title='bbox 809 1743 926 1782; x_wconf 88' lang='lat' dir='ltr'><strong>arcu</strong></span> <span class='ocrx_word' id='word_1_224' title='bbox 963 1730 1168 1796; x_wconf 84' lang='lat' dir='ltr'><strong>prodeat</strong></span> <span class='ocrx_word' id='word_1_225' title='bbox 1206 1731 1335 1782; x_wconf 87' lang='lat' dir='ltr'><strong>idem</strong></span> <span class='ocrx_word' id='word_1_226' title='bbox 1374 1733 1525 1795; x_wconf 88' lang='lat' dir='ltr'><strong>sinus,</strong></span> <span class='ocrx_word' id='word_1_227' title='bbox 1566 1732 1738 1785; x_wconf 89' lang='lat' dir='ltr'><strong>eadem</strong></span> <span class='ocrx_word' id='word_1_228' title='bbox 1777 1733 1964 1786; x_wconf 88' lang='lat' dir='ltr'><strong>scilicet</strong></span> <span class='ocrx_word' id='word_1_229' title='bbox 1988 1739 2234 1795; x_wconf 84' lang='lat' dir='ltr'><strong>mensura,</strong></span> <span class='ocrx_word' id='word_1_230' title='bbox 2275 1747 2374 1795; x_wconf 87' lang='lat' dir='ltr'><strong>qua</strong></span> <span class='ocrx_word' id='word_1_231' title='bbox 2397 1746 2477 1780; x_wconf 89' lang='lat' dir='ltr'><strong>ra-</strong></span> 
     </span>
     <span class='ocr_line' id='line_1_23' title="bbox 158 1803 1405 1857; baseline 0.001 -2"><span class='ocrx_word' id='word_1_232' title='bbox 158 1818 163 1823; x_wconf 87' lang='lat'><strong>·</strong></span> <span class='ocrx_word' id='word_1_233' title='bbox 206 1809 338 1856; x_wconf 88' lang='lat' dir='ltr'><strong>tione</strong></span> <span class='ocrx_word' id='word_1_234' title='bbox 376 1805 440 1855; x_wconf 88' lang='lat' dir='ltr'><strong>ad</strong></span> <span class='ocrx_word' id='word_1_235' title='bbox 480 1820 622 1855; x_wconf 88' lang='lat' dir='ltr'><strong>usum</strong></span> <span class='ocrx_word' id='word_1_236' title='bbox 660 1805 749 1854; x_wconf 89' lang='lat' dir='ltr'><strong>illa</strong></span> <span class='ocrx_word' id='word_1_237' title='bbox 784 1805 840 1854; x_wconf 87' lang='lat' dir='ltr'><strong>fit</strong></span> <span class='ocrx_word' id='word_1_238' title='bbox 878 1803 1405 1857; x_wconf 85' lang='lat' dir='ltr'><strong>accommodatissima.</strong></span> 
     </span>
    </p>

    <p class='ocr_par' dir='ltr' id='par_1_9' title="bbox 203 1870 2485 2529">
     <span class='ocr_line' id='line_1_24' title="bbox 285 1870 2474 1944; baseline -0.001 -17"><span class='ocrx_word' id='word_1_239' title='bbox 285 1870 292 1877; x_wconf 74' lang='grc'><strong>”</strong></span> <span class='ocrx_word' id='word_1_240' title='bbox 349 1879 488 1929; x_wconf 87' lang='lat' dir='ltr'><strong>Doce</strong></span> <span class='ocrx_word' id='word_1_241' title='bbox 525 1885 571 1927; x_wconf 87' lang='lat' dir='ltr'><strong>et</strong></span> <span class='ocrx_word' id='word_1_242' title='bbox 607 1879 898 1929; x_wconf 85' lang='lat' dir='ltr'><strong>demonstra</strong></span> <span class='ocrx_word' id='word_1_243' title='bbox 935 1879 1069 1928; x_wconf 85' lang='lat' dir='ltr'><strong>hanc</strong></span> <span class='ocrx_word' id='word_1_244' title='bbox 1106 1881 1484 1930; x_wconf 81' lang='lat' dir='ltr'><strong>conversionem</strong></span> <span class='ocrx_word' id='word_1_245' title='bbox 1521 1881 1704 1944; x_wconf 76' lang='lat' dir='ltr'><strong>anyuli</strong></span> <span class='ocrx_word' id='word_1_246' title='bbox 1741 1880 1861 1929; x_wconf 84' lang='lat' dir='ltr'><strong>dicti</strong></span> <span class='ocrx_word' id='word_1_247' title='bbox 1898 1882 1955 1929; x_wconf 85' lang='lat' dir='ltr'><strong>in</strong></span> <span class='ocrx_word' id='word_1_248' title='bbox 1994 1879 2230 1928; x_wconf 83' lang='lat' dir='ltr'><strong>orbitam.</strong></span> <span class='ocrx_word' id='word_1_249' title='bbox 2294 1876 2474 1927; x_wconf 88' lang='lat' dir='ltr'><strong>Memi-</strong></span> 
     </span>
     <span class='ocr_line' id='line_1_25' title="bbox 207 1951 2473 2018; baseline -0 -17"><span class='ocrx_word' id='word_1_250' title='bbox 207 1953 334 2003; x_wconf 84' lang='lat' dir='ltr'><strong>neris</strong></span> <span class='ocrx_word' id='word_1_251' title='bbox 374 1953 529 2013; x_wconf 89' lang='lat' dir='ltr'><strong>initio,</strong></span> <span class='ocrx_word' id='word_1_252' title='bbox 569 1966 679 2001; x_wconf 90' lang='lat' dir='ltr'><strong>cum</strong></span> <span class='ocrx_word' id='word_1_253' title='bbox 712 1951 915 2016; x_wconf 89' lang='lat' dir='ltr'><strong>planeta</strong></span> <span class='ocrx_word' id='word_1_254' title='bbox 952 1957 1026 2002; x_wconf 88' lang='lat' dir='ltr'><strong>est</strong></span> <span class='ocrx_word' id='word_1_255' title='bbox 1065 1954 1114 2000; x_wconf 93' lang='lat' dir='ltr'><strong>in</strong></span> <span class='ocrx_word' id='word_1_256' title='bbox 1153 1951 1423 2016; x_wconf 87' lang='lat' dir='ltr'><strong>apsidibus,</strong></span> <span class='ocrx_word' id='word_1_257' title='bbox 1463 1952 1557 2003; x_wconf 89' lang='lat' dir='ltr'><strong>hoc</strong></span> <span class='ocrx_word' id='word_1_258' title='bbox 1596 1959 1670 2004; x_wconf 87' lang='lat' dir='ltr'><strong>est</strong></span> <span class='ocrx_word' id='word_1_259' title='bbox 1707 1955 1756 2001; x_wconf 92' lang='lat' dir='ltr'><strong>in</strong></span> <span class='ocrx_word' id='word_1_260' title='bbox 1795 1953 2034 2018; x_wconf 85' lang='lat' dir='ltr'><strong>principio</strong></span> <span class='ocrx_word' id='word_1_261' title='bbox 2074 1952 2276 2009; x_wconf 86' lang='lat' dir='ltr'><strong>orbitae,</strong></span> <span class='ocrx_word' id='word_1_262' title='bbox 2315 1964 2473 2015; x_wconf 84' lang='lat' dir='ltr'><strong>angu-</strong></span> 
     </span>
     <span class='ocr_line' id='line_1_26' title="bbox 203 2023 2485 2078; baseline -0.001 -3"><span class='ocrx_word' id='word_1_263' title='bbox 203 2028 303 2075; x_wconf 89' lang='lat' dir='ltr'><strong>lum</strong></span> <span class='ocrx_word' id='word_1_264' title='bbox 353 2027 477 2075; x_wconf 87' lang='lat' dir='ltr'><strong>inter</strong></span> <span class='ocrx_word' id='word_1_265' title='bbox 528 2024 719 2073; x_wconf 87' lang='lat' dir='ltr'><strong>radium</strong></span> <span class='ocrx_word' id='word_1_266' title='bbox 757 2025 886 2074; x_wconf 88' lang='lat' dir='ltr'><strong>Solis</strong></span> <span class='ocrx_word' id='word_1_267' title='bbox 936 2031 984 2074; x_wconf 91' lang='lat' dir='ltr'><strong>et</strong></span> <span class='ocrx_word' id='word_1_268' title='bbox 1036 2024 1207 2074; x_wconf 88' lang='lat' dir='ltr'><strong>fibram</strong></span> <span class='ocrx_word' id='word_1_269' title='bbox 1254 2038 1361 2074; x_wconf 89' lang='lat' dir='ltr'><strong>esse</strong></span> <span class='ocrx_word' id='word_1_270' title='bbox 1398 2033 1602 2078; x_wconf 84' lang='lat' dir='ltr'><strong>rectum.</strong></span> <span class='ocrx_word' id='word_1_271' title='bbox 1676 2025 1890 2076; x_wconf 86' lang='lat' dir='ltr'><strong>Rursum</strong></span> <span class='ocrx_word' id='word_1_272' title='bbox 1927 2026 2052 2075; x_wconf 90' lang='lat' dir='ltr'><strong>libro</strong></span> <span class='ocrx_word' id='word_1_273' title='bbox 2091 2024 2181 2074; x_wconf 90' lang='lat' dir='ltr'><strong>IV.</strong></span> <span class='ocrx_word' id='word_1_274' title='bbox 2220 2024 2304 2074; x_wconf 81' lang='lat' dir='ltr'><strong>fol.</strong></span> <span class='ocrx_word' id='word_1_275' title='bbox 2346 2023 2485 2074; x_wconf 56' lang='lat'><strong>379,</strong></span> 
     </span>
     <span class='ocr_line' id='line_1_27' title="bbox 207 2096 2476 2163; baseline -0.002 -14"><span class='ocrx_word' id='word_1_276' title='bbox 207 2106 456 2149; x_wconf 90' lang='lat' dir='ltr'><strong>ostensum</strong></span> <span class='ocrx_word' id='word_1_277' title='bbox 503 2104 598 2156; x_wconf 91' lang='lat' dir='ltr'><strong>est,</strong></span> <span class='ocrx_word' id='word_1_278' title='bbox 655 2098 826 2147; x_wconf 87' lang='lat' dir='ltr'><strong>fibram</strong></span> <span class='ocrx_word' id='word_1_279' title='bbox 864 2096 953 2159; x_wconf 88' lang='lat' dir='ltr'><strong>NQ</strong></span> <span class='ocrx_word' id='word_1_280' title='bbox 1008 2097 1138 2146; x_wconf 90' lang='lat' dir='ltr'><strong>illius</strong></span> <span class='ocrx_word' id='word_1_281' title='bbox 1187 2098 1372 2161; x_wconf 86' lang='lat' dir='ltr'><strong>figurae</strong></span> <span class='ocrx_word' id='word_1_282' title='bbox 1421 2100 1473 2147; x_wconf 89' lang='lat' dir='ltr'><strong>in</strong></span> <span class='ocrx_word' id='word_1_283' title='bbox 1522 2101 1683 2163; x_wconf 88' lang='lat' dir='ltr'><strong>ipsum</strong></span> <span class='ocrx_word' id='word_1_284' title='bbox 1721 2098 1888 2150; x_wconf 88' lang='lat' dir='ltr'><strong>Solem</strong></span> <span class='ocrx_word' id='word_1_285' title='bbox 1927 2099 1972 2147; x_wconf 86' lang='lat' dir='ltr'><strong>A</strong></span> <span class='ocrx_word' id='word_1_286' title='bbox 2011 2097 2184 2162; x_wconf 80' lang='lat' dir='ltr'><strong>dirigi,</strong></span> <span class='ocrx_word' id='word_1_287' title='bbox 2238 2111 2326 2147; x_wconf 89' lang='lat' dir='ltr'><strong>seu</strong></span> <span class='ocrx_word' id='word_1_288' title='bbox 2365 2111 2476 2147; x_wconf 91' lang='lat' dir='ltr'><strong>cum</strong></span> 
     </span>
     <span class='ocr_line' id='line_1_28' title="bbox 204 2168 2469 2239; baseline -0.001 -19"><span class='ocrx_word' id='word_1_289' title='bbox 204 2171 341 2239; x_wconf 85' lang='lat' dir='ltr'><strong>radio</strong></span> <span class='ocrx_word' id='word_1_290' title='bbox 380 2171 510 2221; x_wconf 87' lang='lat' dir='ltr'><strong>Solis</strong></span> <span class='ocrx_word' id='word_1_291' title='bbox 548 2170 641 2220; x_wconf 91' lang='lat' dir='ltr'><strong>NA</strong></span> <span class='ocrx_word' id='word_1_292' title='bbox 681 2172 831 2231; x_wconf 92' lang='lat' dir='ltr'><strong>uniri,</strong></span> <span class='ocrx_word' id='word_1_293' title='bbox 885 2177 1141 2219; x_wconf 91' lang='lat' dir='ltr'><strong>consumto</strong></span> <span class='ocrx_word' id='word_1_294' title='bbox 1182 2171 1276 2220; x_wconf 92' lang='lat' dir='ltr'><strong>hoc</strong></span> <span class='ocrx_word' id='word_1_295' title='bbox 1315 2170 1522 2235; x_wconf 81' lang='lat' dir='ltr'><strong>angulo,</strong></span> <span class='ocrx_word' id='word_1_296' title='bbox 1572 2187 1683 2222; x_wconf 88' lang='lat' dir='ltr'><strong>cum</strong></span> <span class='ocrx_word' id='word_1_297' title='bbox 1722 2178 1799 2222; x_wconf 87' lang='lat' dir='ltr'><strong>est</strong></span> <span class='ocrx_word' id='word_1_298' title='bbox 1833 2177 2061 2236; x_wconf 87' lang='lat' dir='ltr'><strong>peractus</strong></span> <span class='ocrx_word' id='word_1_299' title='bbox 2100 2168 2346 2234; x_wconf 83' lang='lat' dir='ltr'><strong>quadrans</strong></span> <span class='ocrx_word' id='word_1_300' title='bbox 2388 2184 2469 2219; x_wconf 88' lang='lat' dir='ltr'><strong>or-</strong></span> 
     </span>
     <span class='ocr_line' id='line_1_29' title="bbox 206 2243 2475 2309; baseline -0.001 -14"><span class='ocrx_word' id='word_1_301' title='bbox 206 2246 337 2295; x_wconf 87' lang='lat' dir='ltr'><strong>bitae</strong></span> <span class='ocrx_word' id='word_1_302' title='bbox 363 2244 450 2293; x_wconf 90' lang='lat' dir='ltr'><strong>PN</strong></span> <span class='ocrx_word' id='word_1_303' title='bbox 487 2244 550 2292; x_wconf 89' lang='lat' dir='ltr'><strong>ab</strong></span> <span class='ocrx_word' id='word_1_304' title='bbox 590 2243 760 2307; x_wconf 87' lang='lat' dir='ltr'><strong>apside</strong></span> <span class='ocrx_word' id='word_1_305' title='bbox 786 2244 842 2304; x_wconf 93' lang='lat' dir='ltr'><strong>P,</strong></span> <span class='ocrx_word' id='word_1_306' title='bbox 884 2250 938 2291; x_wconf 91' lang='lat' dir='ltr'><strong>ut</strong></span> <span class='ocrx_word' id='word_1_307' title='bbox 974 2245 1044 2292; x_wconf 89' lang='lat' dir='ltr'><strong>ita</strong></span> <span class='ocrx_word' id='word_1_308' title='bbox 1082 2258 1223 2293; x_wconf 87' lang='lat' dir='ltr'><strong>arcus</strong></span> <span class='ocrx_word' id='word_1_309' title='bbox 1264 2244 1452 2294; x_wconf 86' lang='lat' dir='ltr'><strong>orbitae</strong></span> <span class='ocrx_word' id='word_1_310' title='bbox 1489 2245 1553 2294; x_wconf 87' lang='lat' dir='ltr'><strong>ab</strong></span> <span class='ocrx_word' id='word_1_311' title='bbox 1592 2244 1763 2309; x_wconf 84' lang='lat' dir='ltr'><strong>apside</strong></span> <span class='ocrx_word' id='word_1_312' title='bbox 1802 2247 2030 2295; x_wconf 86' lang='lat' dir='ltr'><strong>metiatur</strong></span> <span class='ocrx_word' id='word_1_313' title='bbox 2065 2243 2475 2307; x_wconf 87' lang='lat' dir='ltr'><strong>complementum</strong></span> 
     </span>
     <span class='ocr_line' id='line_1_30' title="bbox 205 2315 2474 2381; baseline -0.001 -15"><span class='ocrx_word' id='word_1_314' title='bbox 205 2318 352 2381; x_wconf 88' lang='lat' dir='ltr'><strong>hujus</strong></span> <span class='ocrx_word' id='word_1_315' title='bbox 405 2316 590 2380; x_wconf 86' lang='lat' dir='ltr'><strong>anguli.</strong></span> <span class='ocrx_word' id='word_1_316' title='bbox 666 2317 839 2366; x_wconf 88' lang='lat' dir='ltr'><strong>Restat</strong></span> <span class='ocrx_word' id='word_1_317' title='bbox 889 2318 1035 2379; x_wconf 89' lang='lat' dir='ltr'><strong>igitur</strong></span> <span class='ocrx_word' id='word_1_318' title='bbox 1085 2317 1179 2365; x_wconf 91' lang='lat' dir='ltr'><strong>hoc</strong></span> <span class='ocrx_word' id='word_1_319' title='bbox 1218 2316 1671 2380; x_wconf 87' lang='lat' dir='ltr'><strong>demonstrandum,</strong></span> <span class='ocrx_word' id='word_1_320' title='bbox 1725 2320 1875 2367; x_wconf 89' lang='lat' dir='ltr'><strong>etiam</strong></span> <span class='ocrx_word' id='word_1_321' title='bbox 1915 2317 2125 2381; x_wconf 82' lang='lat' dir='ltr'><strong>angulos</strong></span> <span class='ocrx_word' id='word_1_322' title='bbox 2163 2315 2474 2366; x_wconf 88' lang='lat' dir='ltr'><strong>intermedios</strong></span> 
     </span>
     <span class='ocr_line' id='line_1_31' title="bbox 206 2389 2481 2452; baseline -0.001 -12"><span class='ocrx_word' id='word_1_323' title='bbox 206 2391 358 2440; x_wconf 87' lang='lat' dir='ltr'><strong>fibrae</strong></span> <span class='ocrx_word' id='word_1_324' title='bbox 400 2405 510 2440; x_wconf 91' lang='lat' dir='ltr'><strong>cum</strong></span> <span class='ocrx_word' id='word_1_325' title='bbox 549 2389 690 2450; x_wconf 89' lang='lat' dir='ltr'><strong>Sole,</strong></span> <span class='ocrx_word' id='word_1_326' title='bbox 736 2396 790 2438; x_wconf 91' lang='lat' dir='ltr'><strong>ut</strong></span> <span class='ocrx_word' id='word_1_327' title='bbox 826 2389 979 2451; x_wconf 88' lang='grc' dir='ltr'>ΗΙΑ,</span> <span class='ocrx_word' id='word_1_328' title='bbox 1020 2391 1144 2439; x_wconf 90' lang='lat' dir='ltr'><strong>inter</strong></span> <span class='ocrx_word' id='word_1_329' title='bbox 1182 2395 1367 2439; x_wconf 87' lang='lat' dir='ltr'><strong>rectum</strong></span> <span class='ocrx_word' id='word_1_330' title='bbox 1408 2396 1458 2440; x_wconf 89' lang='lat' dir='ltr'><strong>et</strong></span> <span class='ocrx_word' id='word_1_331' title='bbox 1494 2390 1700 2452; x_wconf 89' lang='lat' dir='ltr'><strong>nullum,</strong></span> <span class='ocrx_word' id='word_1_332' title='bbox 1740 2406 1771 2440; x_wconf 90' lang='lat' dir='ltr'><strong>a</strong></span> <span class='ocrx_word' id='word_1_333' title='bbox 1807 2390 1983 2440; x_wconf 89' lang='lat' dir='ltr'><strong>mediis</strong></span> <span class='ocrx_word' id='word_1_334' title='bbox 2021 2390 2231 2440; x_wconf 89' lang='lat' dir='ltr'><strong>arcubus</strong></span> <span class='ocrx_word' id='word_1_335' title='bbox 2271 2389 2481 2450; x_wconf 66' lang='lat' dir='ltr'><strong>orbitae,</strong></span> 
     </span>
     <span class='ocr_line' id='line_1_32' title="bbox 212 2460 2292 2529; baseline -0.001 -16"><span class='ocrx_word' id='word_1_336' title='bbox 212 2469 266 2513; x_wconf 92' lang='lat' dir='ltr'><strong>ut</strong></span> <span class='ocrx_word' id='word_1_337' title='bbox 303 2464 386 2525; x_wconf 89' lang='grc' dir='ltr'><strong>ΡΙ,</strong></span> <span class='ocrx_word' id='word_1_338' title='bbox 426 2464 552 2513; x_wconf 88' lang='lat' dir='ltr'><strong>inter</strong></span> <span class='ocrx_word' id='word_1_339' title='bbox 588 2462 775 2513; x_wconf 86' lang='grc' dir='ltr'>ιιιιΙΙιιιιι</span> <span class='ocrx_word' id='word_1_340' title='bbox 816 2469 864 2512; x_wconf 91' lang='lat' dir='ltr'><strong>et</strong></span> <span class='ocrx_word' id='word_1_341' title='bbox 902 2462 1238 2526; x_wconf 90' lang='lat' dir='ltr'><strong>quadrantem,</strong></span> <span class='ocrx_word' id='word_1_342' title='bbox 1278 2465 1349 2512; x_wconf 88' lang='lat' dir='ltr'><strong>sic</strong></span> <span class='ocrx_word' id='word_1_343' title='bbox 1388 2463 1636 2529; x_wconf 87' lang='lat' dir='ltr'><strong>compleri,</strong></span> <span class='ocrx_word' id='word_1_344' title='bbox 1677 2469 1732 2514; x_wconf 91' lang='grc' dir='ltr'><strong>ιιι</strong></span> <span class='ocrx_word' id='word_1_345' title='bbox 1764 2463 1925 2528; x_wconf 88' lang='lat' dir='ltr'><strong>juncti</strong></span> <span class='ocrx_word' id='word_1_346' title='bbox 1961 2463 2144 2513; x_wconf 83' lang='lat' dir='ltr'><strong>faciant</strong></span> <span class='ocrx_word' id='word_1_347' title='bbox 2184 2460 2292 2512; x_wconf 84' lang='lat'>90⁰.</span> 
     </span>
    </p>

    <p class='ocr_par' dir='ltr' id='par_1_10' title="bbox 204 2541 2554 3200">
     <span class='ocr_line' id='line_1_33' title="bbox 378 2541 2487 2618; baseline 0 -26"><span class='ocrx_word' id='word_1_348' title='bbox 378 2548 818 2618; x_wconf 77' lang='lat' dir='ltr'><strong>Demonstraturque</strong></span> <span class='ocrx_word' id='word_1_349' title='bbox 850 2546 934 2590; x_wconf 90' lang='lat' dir='ltr'><strong>sic:</strong></span> <span class='ocrx_word' id='word_1_350' title='bbox 977 2545 1056 2591; x_wconf 83' lang='lat' dir='ltr'><strong>fol.</strong></span> <span class='ocrx_word' id='word_1_351' title='bbox 1087 2547 1186 2592; x_wconf 86' lang='lat'>380.</span> <span class='ocrx_word' id='word_1_352' title='bbox 1219 2551 1291 2591; x_wconf 90' lang='lat' dir='ltr'><strong>est</strong></span> <span class='ocrx_word' id='word_1_353' title='bbox 1321 2545 1516 2603; x_wconf 88' lang='lat' dir='ltr'><strong>dictum,</strong></span> <span class='ocrx_word' id='word_1_354' title='bbox 1550 2547 1668 2594; x_wconf 90' lang='lat' dir='ltr'><strong>sicut</strong></span> <span class='ocrx_word' id='word_1_355' title='bbox 1698 2553 1770 2594; x_wconf 89' lang='lat' dir='ltr'><strong>est</strong></span> <span class='ocrx_word' id='word_1_356' title='bbox 1798 2547 1854 2593; x_wconf 89' lang='lat' dir='ltr'><strong>IS</strong></span> <span class='ocrx_word' id='word_1_357' title='bbox 1886 2546 1945 2592; x_wconf 87' lang='lat' dir='ltr'><strong>ad</strong></span> <span class='ocrx_word' id='word_1_358' title='bbox 1975 2547 2070 2600; x_wconf 89' lang='lat' dir='ltr'><strong>NB,</strong></span> <span class='ocrx_word' id='word_1_359' title='bbox 2097 2548 2169 2592; x_wconf 89' lang='lat' dir='ltr'><strong>sic</strong></span> <span class='ocrx_word' id='word_1_360' title='bbox 2199 2558 2299 2592; x_wconf 87' lang='lat' dir='ltr'><strong>esse</strong></span> <span class='ocrx_word' id='word_1_361' title='bbox 2330 2541 2487 2593; x_wconf 87' lang='lat' dir='ltr'><strong>sinum</strong></span> 
     </span>
     <span class='ocr_line' id='line_1_34' title="bbox 205 2600 2485 2671; baseline -0.001 -13"><span class='ocrx_word' id='word_1_362' title='bbox 205 2612 358 2670; x_wconf 85' lang='lat' dir='ltr'><strong>anguli</strong></span> <span class='ocrx_word' id='word_1_363' title='bbox 387 2612 486 2656; x_wconf 88' lang='lat' dir='ltr'><strong>HIS</strong></span> <span class='ocrx_word' id='word_1_364' title='bbox 518 2611 576 2656; x_wconf 87' lang='lat' dir='ltr'><strong>ad</strong></span> <span class='ocrx_word' id='word_1_365' title='bbox 608 2611 754 2655; x_wconf 89' lang='lat' dir='ltr'><strong>sinum</strong></span> <span class='ocrx_word' id='word_1_366' title='bbox 786 2610 939 2667; x_wconf 87' lang='lat' dir='ltr'><strong>anguli</strong></span> <span class='ocrx_word' id='word_1_367' title='bbox 973 2611 1094 2666; x_wconf 79' lang='lat' dir='ltr'><strong>QNB</strong></span> <span class='ocrx_word' id='word_1_368' title='bbox 1125 2611 1237 2657; x_wconf 81' lang='lat' dir='ltr'><strong>sere</strong></span> <span class='ocrx_word' id='word_1_369' title='bbox 1284 2612 1337 2657; x_wconf 90' lang='lat' dir='ltr'><strong>Id</strong></span> <span class='ocrx_word' id='word_1_370' title='bbox 1375 2618 1538 2671; x_wconf 89' lang='lat' dir='ltr'><strong>captus</strong></span> <span class='ocrx_word' id='word_1_371' title='bbox 1570 2625 1709 2659; x_wconf 88' lang='lat' dir='ltr'><strong>causa</strong></span> <span class='ocrx_word' id='word_1_372' title='bbox 1740 2612 1807 2658; x_wconf 90' lang='lat' dir='ltr'><strong>sic</strong></span> <span class='ocrx_word' id='word_1_373' title='bbox 1835 2618 2103 2671; x_wconf 84' lang='lat' dir='ltr'><strong>usurpatum</strong></span> <span class='ocrx_word' id='word_1_374' title='bbox 2133 2613 2221 2659; x_wconf 81' lang='lat' dir='ltr'><strong>fuit</strong></span> <span class='ocrx_word' id='word_1_375' title='bbox 2259 2612 2316 2661; x_wconf 87' lang='lat' dir='ltr'><strong>de</strong></span> <span class='ocrx_word' id='word_1_376' title='bbox 2345 2611 2401 2657; x_wconf 84' lang='lat' dir='ltr'><strong>IS</strong></span> <span class='ocrx_word' id='word_1_377' title='bbox 2430 2600 2485 2658; x_wconf 88' lang='lat' dir='ltr'><strong>et</strong></span> 
     </span>
     <span class='ocr_line' id='line_1_35' title="bbox 204 2669 2475 2737; baseline 0 -12"><span class='ocrx_word' id='word_1_378' title='bbox 204 2680 310 2736; x_wconf 90' lang='lat' dir='ltr'><strong>NB,</strong></span> <span class='ocrx_word' id='word_1_379' title='bbox 353 2677 557 2735; x_wconf 85' lang='lat' dir='ltr'><strong>quamvis</strong></span> <span class='ocrx_word' id='word_1_380' title='bbox 587 2676 630 2721; x_wconf 91' lang='lat' dir='ltr'><strong>vi</strong></span> <span class='ocrx_word' id='word_1_381' title='bbox 660 2675 984 2733; x_wconf 86' lang='lat' dir='ltr'><strong>speculationis</strong></span> <span class='ocrx_word' id='word_1_382' title='bbox 1024 2677 1241 2735; x_wconf 85' lang='lat' dir='ltr'><strong>physicae</strong></span> <span class='ocrx_word' id='word_1_383' title='bbox 1279 2691 1433 2724; x_wconf 83' lang='lat' dir='ltr'><strong>verum</strong></span> <span class='ocrx_word' id='word_1_384' title='bbox 1473 2681 1532 2726; x_wconf 91' lang='lat' dir='ltr'><strong>sit</strong></span> <span class='ocrx_word' id='word_1_385' title='bbox 1569 2679 1725 2737; x_wconf 85' lang='lat' dir='ltr'><strong>potius</strong></span> <span class='ocrx_word' id='word_1_386' title='bbox 1763 2679 1820 2726; x_wconf 91' lang='lat' dir='ltr'><strong>de</strong></span> <span class='ocrx_word' id='word_1_387' title='bbox 1851 2679 2024 2725; x_wconf 88' lang='lat' dir='ltr'><strong>sinibus</strong></span> <span class='ocrx_word' id='word_1_388' title='bbox 2065 2680 2332 2737; x_wconf 84' lang='lat' dir='ltr'><strong>angulorum</strong></span> <span class='ocrx_word' id='word_1_389' title='bbox 2361 2669 2475 2728; x_wconf 79' lang='lat' dir='ltr'><strong>IAP.</strong></span> 
     </span>
     <span class='ocr_line' id='line_1_36' title="bbox 204 2742 2477 2804; baseline -0 -13"><span class='ocrx_word' id='word_1_390' title='bbox 204 2747 341 2792; x_wconf 91' lang='lat' dir='ltr'><strong>NAP</strong></span> <span class='ocrx_word' id='word_1_391' title='bbox 401 2743 506 2789; x_wconf 90' lang='lat' dir='ltr'><strong>Jam</strong></span> <span class='ocrx_word' id='word_1_392' title='bbox 543 2757 649 2788; x_wconf 87' lang='lat' dir='ltr'><strong>vero</strong></span> <span class='ocrx_word' id='word_1_393' title='bbox 683 2742 816 2788; x_wconf 90' lang='lat' dir='ltr'><strong>etiam</strong></span> <span class='ocrx_word' id='word_1_394' title='bbox 848 2742 972 2788; x_wconf 87' lang='lat' dir='ltr'><strong>sinus</strong></span> <span class='ocrx_word' id='word_1_395' title='bbox 1004 2743 1106 2788; x_wconf 93' lang='lat' dir='ltr'><strong>AIB</strong></span> <span class='ocrx_word' id='word_1_396' title='bbox 1140 2749 1211 2789; x_wconf 88' lang='lat' dir='ltr'><strong>est</strong></span> <span class='ocrx_word' id='word_1_397' title='bbox 1241 2744 1299 2789; x_wconf 88' lang='lat' dir='ltr'><strong>ad</strong></span> <span class='ocrx_word' id='word_1_398' title='bbox 1330 2745 1477 2790; x_wconf 87' lang='lat' dir='ltr'><strong>sinum</strong></span> <span class='ocrx_word' id='word_1_399' title='bbox 1506 2745 1629 2790; x_wconf 92' lang='lat' dir='ltr'><strong>ANB</strong></span> <span class='ocrx_word' id='word_1_400' title='bbox 1660 2745 1835 2804; x_wconf 86' lang='lat' dir='ltr'><strong>anguli,</strong></span> <span class='ocrx_word' id='word_1_401' title='bbox 1878 2746 1996 2791; x_wconf 89' lang='lat' dir='ltr'><strong>sicut</strong></span> <span class='ocrx_word' id='word_1_402' title='bbox 2034 2745 2160 2792; x_wconf 88' lang='lat' dir='ltr'><strong>sinus</strong></span> <span class='ocrx_word' id='word_1_403' title='bbox 2191 2745 2345 2803; x_wconf 81' lang='lat' dir='ltr'><strong>anguli</strong></span> <span class='ocrx_word' id='word_1_404' title='bbox 2373 2744 2477 2791; x_wconf 86' lang='lat' dir='ltr'><strong>IAP</strong></span> 
     </span>
     <span class='ocr_line' id='line_1_37' title="bbox 205 2809 2471 2870; baseline 0 -14"><span class='ocrx_word' id='word_1_405' title='bbox 205 2812 262 2856; x_wconf 88' lang='lat' dir='ltr'><strong>ad</strong></span> <span class='ocrx_word' id='word_1_406' title='bbox 293 2811 440 2856; x_wconf 89' lang='lat' dir='ltr'><strong>sinum</strong></span> <span class='ocrx_word' id='word_1_407' title='bbox 471 2810 621 2865; x_wconf 87' lang='lat' dir='ltr'><strong>anguli</strong></span> <span class='ocrx_word' id='word_1_408' title='bbox 650 2809 787 2854; x_wconf 88' lang='lat' dir='ltr'><strong>NAP</strong></span> <span class='ocrx_word' id='word_1_409' title='bbox 850 2809 926 2865; x_wconf 91' lang='lat' dir='ltr'><strong>(Ut</strong></span> <span class='ocrx_word' id='word_1_410' title='bbox 957 2809 1075 2855; x_wconf 91' lang='lat' dir='ltr'><strong>enim</strong></span> <span class='ocrx_word' id='word_1_411' title='bbox 1091 2811 1154 2855; x_wconf 94' lang='lat' dir='ltr'><strong>BI</strong></span> <span class='ocrx_word' id='word_1_412' title='bbox 1184 2810 1243 2856; x_wconf 87' lang='lat' dir='ltr'><strong>ad</strong></span> <span class='ocrx_word' id='word_1_413' title='bbox 1263 2811 1357 2870; x_wconf 91' lang='lat' dir='ltr'><strong>BA,</strong></span> <span class='ocrx_word' id='word_1_414' title='bbox 1389 2812 1456 2859; x_wconf 91' lang='lat' dir='ltr'><strong>sic</strong></span> <span class='ocrx_word' id='word_1_415' title='bbox 1485 2811 1611 2857; x_wconf 91' lang='lat' dir='ltr'><strong>sinus</strong></span> <span class='ocrx_word' id='word_1_416' title='bbox 1641 2811 1747 2858; x_wconf 87' lang='grc' dir='ltr'><strong>ΒΑῙ</strong></span> <span class='ocrx_word' id='word_1_417' title='bbox 1769 2811 1827 2858; x_wconf 86' lang='lat' dir='ltr'><strong>ad</strong></span> <span class='ocrx_word' id='word_1_418' title='bbox 1858 2811 2005 2857; x_wconf 89' lang='lat' dir='ltr'><strong>sinum</strong></span> <span class='ocrx_word' id='word_1_419' title='bbox 2026 2811 2142 2863; x_wconf 81' lang='lat' dir='ltr'><strong>BIA,</strong></span> <span class='ocrx_word' id='word_1_420' title='bbox 2173 2817 2219 2859; x_wconf 90' lang='lat' dir='ltr'><strong>et</strong></span> <span class='ocrx_word' id='word_1_421' title='bbox 2247 2818 2299 2859; x_wconf 87' lang='lat' dir='ltr'><strong>ut</strong></span> <span class='ocrx_word' id='word_1_422' title='bbox 2318 2811 2471 2859; x_wconf 87' lang='lat' dir='ltr'><strong>eadem</strong></span> 
     </span>
     <span class='ocr_line' id='line_1_38' title="bbox 206 2862 2483 2947; baseline 0.001 -26"><span class='ocrx_word' id='word_1_423' title='bbox 206 2878 266 2921; x_wconf 92' lang='lat' dir='ltr'><strong>BI</strong></span> <span class='ocrx_word' id='word_1_424' title='bbox 295 2877 367 2922; x_wconf 88' lang='lat' dir='ltr'><strong>vel</strong></span> <span class='ocrx_word' id='word_1_425' title='bbox 397 2877 481 2922; x_wconf 93' lang='lat' dir='ltr'><strong>BN</strong></span> <span class='ocrx_word' id='word_1_426' title='bbox 512 2875 570 2921; x_wconf 88' lang='lat' dir='ltr'><strong>ad</strong></span> <span class='ocrx_word' id='word_1_427' title='bbox 599 2876 703 2931; x_wconf 91' lang='lat' dir='ltr'><strong>BA,</strong></span> <span class='ocrx_word' id='word_1_428' title='bbox 750 2875 814 2920; x_wconf 90' lang='lat' dir='ltr'><strong>sic</strong></span> <span class='ocrx_word' id='word_1_429' title='bbox 850 2876 976 2921; x_wconf 91' lang='lat' dir='ltr'><strong>sinus</strong></span> <span class='ocrx_word' id='word_1_430' title='bbox 1007 2878 1130 2922; x_wconf 91' lang='lat' dir='ltr'><strong>BAN</strong></span> <span class='ocrx_word' id='word_1_431' title='bbox 1161 2878 1219 2923; x_wconf 89' lang='lat' dir='ltr'><strong>ad</strong></span> <span class='ocrx_word' id='word_1_432' title='bbox 1251 2879 1399 2924; x_wconf 89' lang='lat' dir='ltr'><strong>sinum</strong></span> <span class='ocrx_word' id='word_1_433' title='bbox 1430 2879 1575 2938; x_wconf 88' lang='lat' dir='ltr'><strong>BNA;</strong></span> <span class='ocrx_word' id='word_1_434' title='bbox 1617 2885 1669 2926; x_wconf 91' lang='lat' dir='ltr'><strong>ut</strong></span> <span class='ocrx_word' id='word_1_435' title='bbox 1708 2880 1848 2938; x_wconf 83' lang='lat' dir='ltr'><strong>igitur</strong></span> <span class='ocrx_word' id='word_1_436' title='bbox 1886 2879 2012 2925; x_wconf 89' lang='lat' dir='ltr'><strong>sinus</strong></span> <span class='ocrx_word' id='word_1_437' title='bbox 2042 2877 2146 2924; x_wconf 89' lang='grc' dir='ltr'><strong>ΒΑῙ</strong></span> <span class='ocrx_word' id='word_1_438' title='bbox 2184 2877 2256 2924; x_wconf 79' lang='lat' dir='ltr'><strong>vel</strong></span> <span class='ocrx_word' id='word_1_439' title='bbox 2285 2877 2386 2924; x_wconf 90' lang='lat' dir='ltr'><strong>IAP</strong></span> <span class='ocrx_word' id='word_1_440' title='bbox 2415 2862 2483 2947; x_wconf 67' lang='lat' dir='ltr'><strong>ad}</strong></span> 
     </span>
     <span class='ocr_line' id='line_1_39' title="bbox 209 2927 2470 3004; baseline 0.001 -18"><span class='ocrx_word' id='word_1_441' title='bbox 209 2942 359 2986; x_wconf 90' lang='lat' dir='ltr'><strong>sinum</strong></span> <span class='ocrx_word' id='word_1_442' title='bbox 390 2942 512 2987; x_wconf 91' lang='lat' dir='ltr'><strong>BAN</strong></span> <span class='ocrx_word' id='word_1_443' title='bbox 542 2943 612 2988; x_wconf 87' lang='lat' dir='ltr'><strong>vel</strong></span> <span class='ocrx_word' id='word_1_444' title='bbox 643 2941 777 2999; x_wconf 90' lang='lat' dir='ltr'><strong>NAP,</strong></span> <span class='ocrx_word' id='word_1_445' title='bbox 811 2943 875 2988; x_wconf 88' lang='lat' dir='ltr'><strong>sic</strong></span> <span class='ocrx_word' id='word_1_446' title='bbox 906 2943 1031 2988; x_wconf 88' lang='lat' dir='ltr'><strong>sinus</strong></span> <span class='ocrx_word' id='word_1_447' title='bbox 1053 2943 1156 2987; x_wconf 91' lang='lat' dir='ltr'><strong>AIB</strong></span> <span class='ocrx_word' id='word_1_448' title='bbox 1188 2943 1246 2989; x_wconf 87' lang='lat' dir='ltr'><strong>ad</strong></span> <span class='ocrx_word' id='word_1_449' title='bbox 1279 2944 1425 2989; x_wconf 91' lang='lat' dir='ltr'><strong>sinum</strong></span> <span class='ocrx_word' id='word_1_450' title='bbox 1448 2946 1597 3004; x_wconf 89' lang='lat' dir='ltr'><strong>ANB.)</strong></span> <span class='ocrx_word' id='word_1_451' title='bbox 1659 2945 1783 3002; x_wconf 88' lang='lat' dir='ltr'><strong>Ergo</strong></span> <span class='ocrx_word' id='word_1_452' title='bbox 1816 2944 2090 3003; x_wconf 86' lang='lat' dir='ltr'><strong>comparatis</strong></span> <span class='ocrx_word' id='word_1_453' title='bbox 2120 2945 2240 2991; x_wconf 89' lang='lat' dir='ltr'><strong>inter</strong></span> <span class='ocrx_word' id='word_1_454' title='bbox 2269 2956 2319 2991; x_wconf 89' lang='lat' dir='ltr'><strong>se</strong></span> <span class='ocrx_word' id='word_1_455' title='bbox 2338 2927 2470 2990; x_wconf 84' lang='lat' dir='ltr'><strong>mem·</strong></span> 
     </span>
     <span class='ocr_line' id='line_1_40' title="bbox 207 2992 2554 3068; baseline 0.001 -18"><span class='ocrx_word' id='word_1_456' title='bbox 207 3007 300 3051; x_wconf 87' lang='lat' dir='ltr'><strong>bris</strong></span> <span class='ocrx_word' id='word_1_457' title='bbox 331 3007 608 3064; x_wconf 87' lang='lat' dir='ltr'><strong>praemissis,</strong></span> <span class='ocrx_word' id='word_1_458' title='bbox 640 3007 891 3052; x_wconf 85' lang='lat' dir='ltr'><strong>invenietur</strong></span> <span class='ocrx_word' id='word_1_459' title='bbox 921 3008 1020 3053; x_wconf 91' lang='lat' dir='ltr'><strong>HIS</strong></span> <span class='ocrx_word' id='word_1_460' title='bbox 1051 3009 1253 3065; x_wconf 88' lang='lat' dir='ltr'><strong>aequalis</strong></span> <span class='ocrx_word' id='word_1_461' title='bbox 1287 3009 1455 3068; x_wconf 83' lang='lat' dir='ltr'><strong>angulo</strong></span> <span class='ocrx_word' id='word_1_462' title='bbox 1486 3011 1614 3068; x_wconf 89' lang='lat' dir='ltr'><strong>AIB,</strong></span> <span class='ocrx_word' id='word_1_463' title='bbox 1643 3017 1689 3058; x_wconf 90' lang='lat' dir='ltr'><strong>et</strong></span> <span class='ocrx_word' id='word_1_464' title='bbox 1720 3010 1804 3067; x_wconf 81' lang='lat' dir='ltr'><strong>QN</strong></span> <span class='ocrx_word' id='word_1_465' title='bbox 1809 3011 1842 3055; x_wconf 89' lang='lat' dir='ltr'><strong>B</strong></span> <span class='ocrx_word' id='word_1_466' title='bbox 1875 3010 2039 3068; x_wconf 85' lang='lat' dir='ltr'><strong>angulo</strong></span> <span class='ocrx_word' id='word_1_467' title='bbox 2070 3010 2210 3067; x_wconf 91' lang='lat' dir='ltr'><strong>ANB,</strong></span> <span class='ocrx_word' id='word_1_468' title='bbox 2241 2992 2482 3056; x_wconf 60' lang='lat' dir='ltr'><strong>detractis-&#39;s</strong></span> <span class='ocrx_word' id='word_1_469' title='bbox 2553 3050 2554 3053; x_wconf 75' lang='grc'>,</span> 
     </span>
     <span class='ocr_line' id='line_1_41' title="bbox 208 3073 2554 3152; baseline 0.002 -35"><span class='ocrx_word' id='word_1_470' title='bbox 208 3086 295 3130; x_wconf 91' lang='lat' dir='ltr'><strong>que</strong></span> <span class='ocrx_word' id='word_1_471' title='bbox 328 3073 618 3130; x_wconf 86' lang='lat' dir='ltr'><strong>aequalibus,</strong></span> <span class='ocrx_word' id='word_1_472' title='bbox 661 3073 745 3118; x_wconf 89' lang='lat' dir='ltr'><strong>erit</strong></span> <span class='ocrx_word' id='word_1_473' title='bbox 785 3074 877 3118; x_wconf 88' lang='lat' dir='ltr'><strong>SIB</strong></span> <span class='ocrx_word' id='word_1_474' title='bbox 915 3073 1119 3131; x_wconf 87' lang='lat' dir='ltr'><strong>aequalis</strong></span> <span class='ocrx_word' id='word_1_475' title='bbox 1161 3076 1331 3152; x_wconf 73' lang='lat' dir='ltr'><strong>angulo</strong></span> <span class='ocrx_word' id='word_1_476' title='bbox 1359 3076 1467 3120; x_wconf 92' lang='grc' dir='ltr'><strong>ΗΙΑ</strong></span> <span class='ocrx_word' id='word_1_477' title='bbox 1509 3077 1651 3135; x_wconf 85' lang='lat' dir='ltr'><strong>(sicut</strong></span> <span class='ocrx_word' id='word_1_478' title='bbox 1688 3077 1923 3134; x_wconf 83' lang='lat' dir='ltr'><strong>analogice</strong></span> <span class='ocrx_word' id='word_1_479' title='bbox 1962 3077 2083 3123; x_wconf 85' lang='lat' dir='ltr'><strong>BNB</strong></span> <span class='ocrx_word' id='word_1_480' title='bbox 2121 3075 2287 3135; x_wconf 78' lang='lat' dir='ltr'><strong>angulo</strong></span> <span class='ocrx_word' id='word_1_481' title='bbox 2316 3074 2488 3131; x_wconf 71' lang='lat' dir='ltr'><strong>ANA),</strong></span> <span class='ocrx_word' id='word_1_482' title='bbox 2552 3102 2554 3108; x_wconf 65' lang='lat'><strong>,</strong></span> 
     </span>
     <span class='ocr_line' id='line_1_42' title="bbox 210 3139 2554 3200; baseline 0 -16"><span class='ocrx_word' id='word_1_483' title='bbox 210 3139 300 3184; x_wconf 85' lang='lat' dir='ltr'><strong>Sed</strong></span> <span class='ocrx_word' id='word_1_484' title='bbox 328 3140 469 3196; x_wconf 88' lang='lat' dir='ltr'><strong>ipsius</strong></span> <span class='ocrx_word' id='word_1_485' title='bbox 502 3139 593 3184; x_wconf 88' lang='lat' dir='ltr'><strong>SIB</strong></span> <span class='ocrx_word' id='word_1_486' title='bbox 637 3152 849 3185; x_wconf 86' lang='lat' dir='ltr'><strong>mensura</strong></span> <span class='ocrx_word' id='word_1_487' title='bbox 879 3146 950 3186; x_wconf 91' lang='lat' dir='ltr'><strong>est</strong></span> <span class='ocrx_word' id='word_1_488' title='bbox 979 3141 1063 3197; x_wconf 91' lang='lat' dir='ltr'><strong>IN,</strong></span> <span class='ocrx_word' id='word_1_489' title='bbox 1109 3141 1213 3197; x_wconf 89' lang='lat' dir='ltr'><strong>quia</strong></span> <span class='ocrx_word' id='word_1_490' title='bbox 1243 3142 1389 3198; x_wconf 90' lang='lat' dir='ltr'><strong>ipsius</strong></span> <span class='ocrx_word' id='word_1_491' title='bbox 1421 3144 1515 3190; x_wconf 88' lang='lat' dir='ltr'><strong>SBI</strong></span> <span class='ocrx_word' id='word_1_492' title='bbox 1546 3157 1759 3191; x_wconf 89' lang='lat' dir='ltr'><strong>mensura</strong></span> <span class='ocrx_word' id='word_1_493' title='bbox 1790 3150 1860 3191; x_wconf 89' lang='lat' dir='ltr'><strong>est</strong></span> <span class='ocrx_word' id='word_1_494' title='bbox 1889 3145 1973 3200; x_wconf 91' lang='grc' dir='ltr'><strong>ΡΙ,</strong></span> <span class='ocrx_word' id='word_1_495' title='bbox 2011 3155 2119 3199; x_wconf 80' lang='lat' dir='ltr'><strong>ergo</strong></span> <span class='ocrx_word' id='word_1_496' title='bbox 2163 3141 2298 3188; x_wconf 86' lang='lat' dir='ltr'><strong>etiam</strong></span> <span class='ocrx_word' id='word_1_497' title='bbox 2329 3139 2476 3200; x_wconf 81' lang='lat' dir='ltr'><strong>ipsius</strong></span> <span class='ocrx_word' id='word_1_498' title='bbox 2550 3153 2554 3184; x_wconf 77' lang='grc' dir='ltr'><strong>ι</strong></span> 
     </span>
    </p>
   </div>
   <div class='ocr_carea' id='block_1_7' title="bbox 210 3203 2554 3345">
    <p class='ocr_par' dir='ltr' id='par_1_11' title="bbox 210 3203 2554 3322">
     <span class='ocr_line' id='line_1_43' title="bbox 210 3203 2554 3269; baseline 0.003 -21"><span class='ocrx_word' id='word_1_499' title='bbox 210 3203 317 3247; x_wconf 94' lang='grc' dir='ltr'><strong>ΗΙΑ</strong></span> <span class='ocrx_word' id='word_1_500' title='bbox 350 3218 561 3268; x_wconf 85' lang='lat' dir='ltr'><strong>mensura</strong></span> <span class='ocrx_word' id='word_1_501' title='bbox 591 3206 676 3251; x_wconf 91' lang='lat' dir='ltr'><strong>erit</strong></span> <span class='ocrx_word' id='word_1_502' title='bbox 705 3207 791 3263; x_wconf 93' lang='lat' dir='ltr'><strong>IN,</strong></span> <span class='ocrx_word' id='word_1_503' title='bbox 825 3206 1204 3262; x_wconf 90' lang='lat' dir='ltr'><strong>complementum</strong></span> <span class='ocrx_word' id='word_1_504' title='bbox 1235 3220 1366 3253; x_wconf 87' lang='lat' dir='ltr'><strong>arcus</strong></span> <span class='ocrx_word' id='word_1_505' title='bbox 1398 3210 1472 3256; x_wconf 91' lang='grc' dir='ltr'><strong>ΡΙ.</strong></span> <span class='ocrx_word' id='word_1_506' title='bbox 1534 3211 1655 3256; x_wconf 88' lang='lat' dir='ltr'><strong>Dato</strong></span> <span class='ocrx_word' id='word_1_507' title='bbox 1684 3211 1822 3269; x_wconf 86' lang='lat' dir='ltr'><strong>igitur</strong></span> <span class='ocrx_word' id='word_1_508' title='bbox 1854 3224 1964 3257; x_wconf 91' lang='lat' dir='ltr'><strong>arcu</strong></span> <span class='ocrx_word' id='word_1_509' title='bbox 1994 3209 2167 3255; x_wconf 90' lang='lat' dir='ltr'><strong>orbitae</strong></span> <span class='ocrx_word' id='word_1_510' title='bbox 2198 3208 2281 3262; x_wconf 87' lang='grc' dir='ltr'><strong>ΡΙ,</strong></span> <span class='ocrx_word' id='word_1_511' title='bbox 2322 3206 2479 3261; x_wconf 72' lang='lat' dir='ltr'><strong>statim¹</strong></span> <span class='ocrx_word' id='word_1_512' title='bbox 2550 3223 2554 3245; x_wconf 77' lang='lat'><strong>‹·</strong></span> 
     </span>
     <span class='ocr_line' id='line_1_44' title="bbox 211 3269 2030 3345; baseline 0.003 -31"><span class='ocrx_word' id='word_1_513' title='bbox 211 3269 343 3345; x_wconf 81' lang='lat' dir='ltr'><strong>datur</strong></span> <span class='ocrx_word' id='word_1_514' title='bbox 374 3275 420 3315; x_wconf 92' lang='lat' dir='ltr'><strong>et</strong></span> <span class='ocrx_word' id='word_1_515' title='bbox 450 3271 504 3315; x_wconf 88' lang='lat' dir='ltr'><strong>SI</strong></span> <span class='ocrx_word' id='word_1_516' title='bbox 536 3273 661 3318; x_wconf 89' lang='lat' dir='ltr'><strong>sinus</strong></span> <span class='ocrx_word' id='word_1_517' title='bbox 691 3272 814 3318; x_wconf 91' lang='lat' dir='ltr'><strong>illius</strong></span> <span class='ocrx_word' id='word_1_518' title='bbox 845 3286 992 3330; x_wconf 88' lang='lat' dir='ltr'><strong>arcus,</strong></span> <span class='ocrx_word' id='word_1_519' title='bbox 1025 3286 1238 3319; x_wconf 90' lang='lat' dir='ltr'><strong>mensura</strong></span> <span class='ocrx_word' id='word_1_520' title='bbox 1267 3275 1439 3322; x_wconf 91' lang='lat' dir='ltr'><strong>scilicet</strong></span> <span class='ocrx_word' id='word_1_521' title='bbox 1469 3276 1734 3322; x_wconf 86' lang='lat' dir='ltr'><strong>incrementi</strong></span> <span class='ocrx_word' id='word_1_522' title='bbox 1762 3275 2030 3322; x_wconf 83' lang='lat' dir='ltr'><strong>h&#39;brationis.</strong></span> 
     </span>
    </p>
   </div>
   <div class='ocr_carea' id='block_1_8' title="bbox 685 3393 2547 3486">
    <p class='ocr_par' dir='ltr' id='par_1_12' title="bbox 685 3393 2547 3486">
     <span class='ocr_line' id='line_1_45' title="bbox 685 3393 2547 3486; baseline 0.006 -46"><span class='ocrx_word' id='word_1_523' title='bbox 685 3393 751 3440; x_wconf 90' lang='grc' dir='ltr'><strong>ΙΙ.</strong></span> <span class='ocrx_word' id='word_1_524' title='bbox 803 3393 891 3443; x_wconf 90' lang='lat' dir='ltr'><strong>De</strong></span> <span class='ocrx_word' id='word_1_525' title='bbox 939 3406 1170 3443; x_wconf 89' lang='lat' dir='ltr'><strong>summa</strong></span> <span class='ocrx_word' id='word_1_526' title='bbox 1216 3394 1615 3446; x_wconf 86' lang='lat' dir='ltr'><strong>librationis</strong></span> <span class='ocrx_word' id='word_1_527' title='bbox 1664 3402 1990 3462; x_wconf 88' lang='lat' dir='ltr'><strong>peractae.</strong></span> <span class='ocrx_word' id='word_1_528' title='bbox 2448 3452 2473 3486; x_wconf 45' lang='grc' dir='ltr'><strong>,ἰ</strong></span> <span class='ocrx_word' id='word_1_529' title='bbox 2541 3433 2547 3470; x_wconf 60' lang='lat'>4</span> 
     </span>
    </p>
   </div>
   <div class='ocr_carea' id='block_1_9' title="bbox 140 3496 2545 3943">
    <p class='ocr_par' dir='ltr' id='par_1_13' title="bbox 140 3496 2545 3943">
     <span class='ocr_line' id='line_1_46' title="bbox 276 3496 2545 3575; baseline 0.005 -23"><span class='ocrx_word' id='word_1_530' title='bbox 276 3535 281 3542; x_wconf 42' lang='grc' dir='ltr'>ι</span> <span class='ocrx_word' id='word_1_531' title='bbox 365 3505 525 3554; x_wconf 85' lang='lat' dir='ltr'><strong>Teneo</strong></span> <span class='ocrx_word' id='word_1_532' title='bbox 562 3521 856 3557; x_wconf 86' lang='lat' dir='ltr'><strong>mensuram</strong></span> <span class='ocrx_word' id='word_1_533' title='bbox 890 3511 1188 3559; x_wconf 85' lang='lat' dir='ltr'><strong>incrementi</strong></span> <span class='ocrx_word' id='word_1_534' title='bbox 1226 3513 1306 3560; x_wconf 85' lang='lat' dir='ltr'><strong>vel</strong></span> <span class='ocrx_word' id='word_1_535' title='bbox 1343 3514 1532 3575; x_wconf 75' lang='lat' dir='ltr'><strong>viyoris</strong></span> <span class='ocrx_word' id='word_1_536' title='bbox 1569 3513 1855 3562; x_wconf 82' lang='lat' dir='ltr'><strong>librationis</strong></span> <span class='ocrx_word' id='word_1_537' title='bbox 1891 3512 1962 3561; x_wconf 84' lang='lat' dir='ltr'><strong>ad</strong></span> <span class='ocrx_word' id='word_1_538' title='bbox 1997 3512 2208 3575; x_wconf 81' lang='lat' dir='ltr'><strong>quodvis</strong></span> <span class='ocrx_word' id='word_1_539' title='bbox 2242 3523 2475 3563; x_wconf 57' lang='lat' dir='ltr'><strong>momen*</strong></span> <span class='ocrx_word' id='word_1_540' title='bbox 2538 3496 2545 3550; x_wconf 59' lang='lat'>5</span> 
     </span>
     <span class='ocr_line' id='line_1_47' title="bbox 211 3579 2541 3650; baseline 0.003 -23"><span class='ocrx_word' id='word_1_541' title='bbox 211 3586 353 3628; x_wconf 85' lang='lat' dir='ltr'><strong>tum&#39;:</strong></span> <span class='ocrx_word' id='word_1_542' title='bbox 398 3579 549 3626; x_wconf 84' lang='lat' dir='ltr'><strong>velim</strong></span> <span class='ocrx_word' id='word_1_543' title='bbox 598 3583 718 3628; x_wconf 84' lang='lat' dir='ltr'><strong>vero</strong></span> <span class='ocrx_word' id='word_1_544' title='bbox 770 3585 895 3630; x_wconf 85' lang='lat' dir='ltr'><strong>scire</strong></span> <span class='ocrx_word' id='word_1_545' title='bbox 941 3598 1237 3633; x_wconf 86' lang='lat' dir='ltr'><strong>mensuram</strong></span> <span class='ocrx_word' id='word_1_546' title='bbox 1272 3588 1439 3646; x_wconf 87' lang='lat' dir='ltr'><strong>partis</strong></span> <span class='ocrx_word' id='word_1_547' title='bbox 1473 3586 1534 3634; x_wconf 83' lang='lat' dir='ltr'><strong>de</strong></span> <span class='ocrx_word' id='word_1_548' title='bbox 1571 3586 1838 3635; x_wconf 80' lang='lat' dir='ltr'><strong>libratione</strong></span> <span class='ocrx_word' id='word_1_549' title='bbox 1870 3592 2110 3647; x_wconf 82' lang='lat' dir='ltr'><strong>peractae</strong></span> <span class='ocrx_word' id='word_1_550' title='bbox 2147 3601 2182 3634; x_wconf 86' lang='lat' dir='ltr'><strong>a</strong></span> <span class='ocrx_word' id='word_1_551' title='bbox 2215 3587 2467 3649; x_wconf 63' lang='lat' dir='ltr'><strong>principio</strong></span> <span class='ocrx_word' id='word_1_552' title='bbox 2536 3615 2541 3650; x_wconf 66' lang='lat'>3</span> 
     </span>
     <span class='ocr_line' id='line_1_48' title="bbox 211 3650 2540 3722; baseline 0.002 -21"><span class='ocrx_word' id='word_1_553' title='bbox 211 3651 371 3715; x_wconf 81' lang='lat' dir='ltr'><strong>usque</strong></span> <span class='ocrx_word' id='word_1_554' title='bbox 407 3650 478 3699; x_wconf 83' lang='lat' dir='ltr'><strong>ad</strong></span> <span class='ocrx_word' id='word_1_555' title='bbox 511 3650 642 3699; x_wconf 83' lang='lat' dir='ltr'><strong>illud</strong></span> <span class='ocrx_word' id='word_1_556' title='bbox 676 3660 1004 3703; x_wconf 83' lang='lat' dir='ltr'><strong>momentum.</strong></span> <span class='ocrx_word' id='word_1_557' title='bbox 1078 3657 1152 3706; x_wconf 88' lang='lat' dir='ltr'><strong>Ea</strong></span> <span class='ocrx_word' id='word_1_558' title='bbox 1189 3656 1398 3706; x_wconf 89' lang='lat' dir='ltr'><strong>habetur</strong></span> <span class='ocrx_word' id='word_1_559' title='bbox 1435 3673 1494 3707; x_wconf 87' lang='lat' dir='ltr'><strong>ex</strong></span> <span class='ocrx_word' id='word_1_560' title='bbox 1534 3657 1750 3720; x_wconf 79' lang='lat' dir='ltr'><strong>eJusdem</strong></span> <span class='ocrx_word' id='word_1_561' title='bbox 1788 3672 1929 3707; x_wconf 89' lang='lat' dir='ltr'><strong>arcus</strong></span> <span class='ocrx_word' id='word_1_562' title='bbox 1967 3658 2028 3708; x_wconf 92' lang='lat' dir='ltr'><strong>de</strong></span> <span class='ocrx_word' id='word_1_563' title='bbox 2067 3657 2227 3707; x_wconf 89' lang='lat' dir='ltr'><strong>orbita</strong></span> <span class='ocrx_word' id='word_1_564' title='bbox 2263 3657 2472 3707; x_wconf 71' lang='lat' dir='ltr'><strong>confecti</strong></span> <span class='ocrx_word' id='word_1_565' title='bbox 2535 3657 2540 3722; x_wconf 83' lang='lat'><strong>.&#39;</strong></span> 
     </span>
     <span class='ocr_line' id='line_1_49' title="bbox 212 3721 2538 3807; baseline 0.002 -34"><span class='ocrx_word' id='word_1_566' title='bbox 212 3726 321 3773; x_wconf 88' lang='lat' dir='ltr'><strong>sinu</strong></span> <span class='ocrx_word' id='word_1_567' title='bbox 336 3732 520 3784; x_wconf 62' lang='lat' dir='ltr'><strong>(verso.</strong></span> <span class='ocrx_word' id='word_1_568' title='bbox 581 3723 706 3772; x_wconf 89' lang='lat' dir='ltr'><strong>Nam</strong></span> <span class='ocrx_word' id='word_1_569' title='bbox 744 3725 870 3772; x_wconf 89' lang='lat' dir='ltr'><strong>sicut</strong></span> <span class='ocrx_word' id='word_1_570' title='bbox 906 3721 959 3774; x_wconf 82' lang='lat' dir='ltr'><strong>se</strong></span> <span class='ocrx_word' id='word_1_571' title='bbox 998 3728 1294 3788; x_wconf 70' lang='lat' dir='ltr'><strong>habettota</strong></span> <span class='ocrx_word' id='word_1_572' title='bbox 1329 3730 1524 3793; x_wconf 89' lang='lat' dir='ltr'><strong>longior</strong></span> <span class='ocrx_word' id='word_1_573' title='bbox 1561 3730 1794 3779; x_wconf 88' lang='lat' dir='ltr'><strong>diameter</strong></span> <span class='ocrx_word' id='word_1_574' title='bbox 1833 3730 2033 3794; x_wconf 83' lang='lat' dir='ltr'><strong>ellipsis·</strong></span> <span class='ocrx_word' id='word_1_575' title='bbox 2058 3731 2122 3780; x_wconf 90' lang='lat' dir='ltr'><strong>ad</strong></span> <span class='ocrx_word' id='word_1_576' title='bbox 2159 3731 2464 3780; x_wconf 82' lang='lat' dir='ltr'><strong>librationem</strong></span> <span class='ocrx_word' id='word_1_577' title='bbox 2531 3723 2538 3807; x_wconf 61' lang='lat' dir='ltr'>J</span> 
     </span>
     <span class='ocr_line' id='line_1_50' title="bbox 212 3795 2535 3871; baseline 0.002 -25"><span class='ocrx_word' id='word_1_578' title='bbox 212 3802 394 3860; x_wconf 85' lang='lat' dir='ltr'><strong>totam,</strong></span> <span class='ocrx_word' id='word_1_579' title='bbox 447 3810 536 3846; x_wconf 86' lang='lat' dir='ltr'><strong>seu</strong></span> <span class='ocrx_word' id='word_1_580' title='bbox 582 3795 714 3871; x_wconf 82' lang='lat' dir='ltr'><strong>quod</strong></span> <span class='ocrx_word' id='word_1_581' title='bbox 767 3796 935 3845; x_wconf 84' lang='lat' dir='ltr'><strong>eodem</strong></span> <span class='ocrx_word' id='word_1_582' title='bbox 987 3801 1137 3862; x_wconf 87' lang='lat' dir='ltr'><strong>redit,</strong></span> <span class='ocrx_word' id='word_1_583' title='bbox 1185 3798 1545 3853; x_wconf 85' lang='lat' dir='ltr'><strong>semidiameter</strong></span> <span class='ocrx_word' id='word_1_584' title='bbox 1582 3803 1772 3852; x_wconf 82' lang='lat' dir='ltr'><strong>orbitae</strong></span> <span class='ocrx_word' id='word_1_585' title='bbox 1810 3802 1872 3852; x_wconf 89' lang='lat' dir='ltr'><strong>ad</strong></span> <span class='ocrx_word' id='word_1_586' title='bbox 1910 3805 2344 3863; x_wconf 86' lang='lat' dir='ltr'><strong>eccentricitatem‚</strong></span> <span class='ocrx_word' id='word_1_587' title='bbox 2394 3802 2466 3851; x_wconf 79' lang='lat' dir='ltr'><strong>sic</strong></span> <span class='ocrx_word' id='word_1_588' title='bbox 2530 3809 2535 3815; x_wconf 79' lang='grc'><strong><em>’</em></strong></span> 
     </span>
     <span class='ocr_line' id='line_1_51' title="bbox 140 3869 2533 3943; baseline 0.002 -20"><span class='ocrx_word' id='word_1_589' title='bbox 140 3890 143 3893; x_wconf 95' lang='grc'><strong><em>·</em></strong></span> <span class='ocrx_word' id='word_1_590' title='bbox 215 3871 360 3923; x_wconf 81' lang='lat' dir='ltr'><strong>etiam</strong></span> <span class='ocrx_word' id='word_1_591' title='bbox 411 3884 464 3920; x_wconf 88' lang='lat' dir='ltr'><strong>se</strong></span> <span class='ocrx_word' id='word_1_592' title='bbox 510 3869 660 3923; x_wconf 81' lang='lat' dir='ltr'><strong>babet</strong></span> <span class='ocrx_word' id='word_1_593' title='bbox 711 3869 846 3919; x_wconf 87' lang='lat' dir='ltr'><strong>sinus</strong></span> <span class='ocrx_word' id='word_1_594' title='bbox 897 3883 1066 3919; x_wconf 87' lang='lat' dir='ltr'><strong>versus</strong></span> <span class='ocrx_word' id='word_1_595' title='bbox 1104 3873 1309 3936; x_wconf 87' lang='lat' dir='ltr'><strong>ejusque</strong></span> <span class='ocrx_word' id='word_1_596' title='bbox 1348 3890 1514 3938; x_wconf 73' lang='lat' dir='ltr'><strong>arene,</strong></span> <span class='ocrx_word' id='word_1_597' title='bbox 1567 3875 1626 3926; x_wconf 85' lang='lat' dir='ltr'><strong>de</strong></span> <span class='ocrx_word' id='word_1_598' title='bbox 1665 3875 1826 3926; x_wconf 84' lang='lat' dir='ltr'><strong>orbita</strong></span> <span class='ocrx_word' id='word_1_599' title='bbox 1863 3876 1926 3927; x_wconf 90' lang='lat' dir='ltr'><strong>ab</strong></span> <span class='ocrx_word' id='word_1_600' title='bbox 1964 3876 2137 3940; x_wconf 81' lang='lat' dir='ltr'><strong>apside</strong></span> <span class='ocrx_word' id='word_1_601' title='bbox 2173 3875 2463 3943; x_wconf 72' lang='lat' dir='ltr'><strong>incipientis,</strong></span> <span class='ocrx_word' id='word_1_602' title='bbox 2530 3869 2533 3905; x_wconf 61' lang='lat'>3</span> 
     </span>
    </p>
   </div>
  </div>
 </body>
</html>
