2554 4140
219 130 323 183 328
848 98 854 109 ³
1050 129 1286 186 Epitomes
1315 128 1632 174 Astronomiae

362 278 598 340 Alterum,
638 277 769 339 quod
807 278 1027 340 sequitur
1063 292 1123 327 ex
1148 278 1425 342 praemissis
1458 276 1608 339 longo
1635 275 2060 326 demonstrationis
2084 278 2284 338 ambitu,
2323 292 2468 341 quem

220 351 332 401 vide
381 353 431 398 in
479 364 590 399 meo
627 349 926 414 Hipparche,
948 346 1016 415 ⁵¹)
1067 355 1165 398 est»
1191 349 1311 397 hoc:
1367 348 1498 411 quod
1535 349 1628 398 hac
1666 351 1852 399 ratione
1889 351 2245 398 semidiameter
2283 352 2468 401 orbitae

218 425 387 473 Lunae
426 437 512 471 seu
552 422 784 471 distantia
820 422 981 472 medio
1020 422 1127 471 loco
1162 421 1537 485 proportionalis
1575 421 1630 469 fit
1667 423 1790 470 inter
1817 422 2097 470 distantiam
2122 438 2208 471 seu
2235 422 2468 472 semidia-

217 502 423 546 metrum
461 496 591 543 orbis
630 494 842 544 Telluris
893 501 942 544 et
979 496 1103 543 inter
1141 493 1553 542 semidiametrum
1591 497 1803 558 corporis
1843 495 2077 543 Telluris:
2134 501 2186 543 ut
2223 497 2349 543 sicut
2387 511 2468 545 se-

219 567 522 617 midiameter
559 567 738 616 Terrae
777 573 851 616 est
887 567 950 616 ad
988 566 1399 616 semidiametrum
1437 566 1567 614 orbis
1605 565 1800 627 Lunae,
1853 569 1923 615 sic
1959 567 2083 615 haec
2120 570 2183 615 sit
2219 568 2283 615 ad
2321 570 2468 616 semi-

219 641 506 689 diametrum
564 640 694 688 orbis
753 640 963 689 Telluris
1019 639 1098 687 vel
1157 638 1302 686 Solis.
1392 637 1489 686 Hic
1553 640 1727 687 iterum
1791 646 1866 687 est
1922 639 2090 701 aliqua
2143 642 2468 703 proportionis

221 714 473 775 utriusque
512 712 802 774 aequalitaS,
843 715 989 761 etiam
1029 726 1080 759 se
1119 712 1227 774 ipsa
1264 710 1564 771 verisimilis,
1603 713 1718 773 quia
1757 710 1886 773 quod
1927 717 2002 760 est
2037 711 2140 760 Soli
2180 714 2309 761 orbis
2345 712 2469 761 Ter-

220 800 317 847 rae,
358 786 486 834 circa
525 784 688 834 Solem
726 787 930 848 posituS,
970 783 1020 831 id
1059 789 1133 831 est
1169 782 1349 832 Terrae
1389 784 1520 832 orbis
1556 783 1742 844 Lunae,
1783 786 1910 832 circa
1948 784 2148 833 Terram
2185 787 2388 847 positus.

363 859 449 905 An
485 859 637 906 etiam
669 858 1034 906 observationes
1071 856 1457 918 adstipulantur
1491 856 1608 904 huic
1644 858 1914 906 intervallo
1951 856 2124 905 Lunae
2167 863 2214 906 et
2248 858 2473 906 Terrae?

220 931 429 979 Omnino
483 929 546 978 ad
597 945 836 992 unguem:
887 927 1262 977 nam'Braheus
1299 928 1469 978 Lunae
1520 930 1778 992 perigaeae
1818 929 2099 978 distantiam
2137 945 2168 979 a
2204 930 2355 979 Terra
2392 932 2470 978 in-

219 1005 354 1052 venit
401 1003 547 1066 paulo
600 1004 756 1050 minus
807 1016 952 1063 quam
994 1003 1061 1050 54
1099 1000 1270 1049 semid.
1311 1000 1490 1050 Terrae
1540 1004 1588 1048 in
1637 1000 1852 1063 quadris,
1903 1016 2153 1066 apogaeae
2203 1003 2252 1049 in
2301 1002 2470 1068 iisdem

220 1075 416 1138 quadris
454 1074 685 1136 majorem
724 1088 872 1136 quam
914 1074 1033 1134 59‚·
1058 1075 1294 1122 minorem
1333 1073 1480 1136 paulo
1528 1089 1673 1136 quarn
1715 1077 1811 1134 60,
1863 1088 1971 1123 cum
2011 1089 2071 1124 ex
2108 1075 2183 1123 his
2222 1076 2470 1139 principiis

220 1148 500 1197 conficiatur
536 1146 622 1195 illa
660 1145 854 1208 quidem
896 1147 978 1207 54,
1017 1147 1113 1195 ista
1153 1160 1267 1195 vero
1309 1146 1393 1194 59.

369 1219 629 1284 Quomodo
658 1221 775 1279 jam
813 1233 874 1268 ex
908 1221 1082 1282 positis
1119 1219 1464 1268 axiomatibus
1501 1224 1547 1266 et
1583 1219 1840 1280 conclusis,
1882 1222 2201 1269 aoeiomatum
2240 1221 2466 1280 aemulis,

218 1293 461 1342 elicienda
499 1298 567 1340 est
604 1294 864 1354 quantitas
888 1292 1260 1340 semidiametri
1299 1290 1519 1339 Lunae?
1571 1292 1621 1351 1)
1662 1290 1859 1341 Statuta
1897 1292 2067 1341 Lunae
2108 1291 2470 1342 semidiametro
2543 1293 2547 1302 '

219 1366 563 1430 particularum
608 1365 833 1425 100000,
874 1372 927 1412 ut
954 1366 1017 1412 sit
1042 1363 1354 1414 intervallum
1391 1370 1663 1412 centrorum
1690 1363 1860 1414 Lunae
1900 1370 1948 1413 et
1973 1365 2151 1415 Terrae
2180 1366 2465 1413 22918166

221 1439 392 1488 talium
430 1436 798 1500 particularum.
849 1439 1003 1487 cubus
1054 1437 1114 1486 de
1158 1438 1392 1496 100000,
1440 1435 1491 1484 id
1531 1443 1606 1484 est
1648 1437 2470 1495 1000000000000000,mu1ti-

215 1511 469 1574 plicandus
508 1515 582 1558 est
618 1510 667 1556 in
707 1524 961 1559 numerum
999 1509 1245 1560 intervalli
1287 1509 1596 1569 22918166,
1649 1514 1697 1557 et
1734 1509 1849 1558 sacti
1887 1510 2026 1558 radix
2063 1509 2355 1573 biquadrata
2394 1515 2468 1559 est

217 1582 535 1643 extrahenda,
575 1597 701 1644 quae
741 1584 829 1631 erit
869 1583 1108 1644 389085,
1157 1581 1419 1631 ostendens
1458 1582 1779 1643 quantitatem
1817 1568 2164 1632 semidiametri
2202 1582 2381 1631 Terrae
2418 1585 2467 1630 in

217 1656 391 1705 iisdem
427 1655 695 1719 particulis.
770 1655 896 1704 Nam
945 1656 1072 1704 sicut
1127 1654 1366 1715 389085,
1413 1653 1774 1704 semidiameter
1812 1655 2049 1721 Telluris,
2100 1657 2372 1704 continetur
2421 1656 2470 1703 in

219 1730 529 1789 22918166,
580 1727 839 1777 intervallo
887 1727 1082 1787 Lunae,
1143 1729 1207 1776 59
1250 1727 1440 1776 vicibus
1492 1726 1641 1790 paulo
1678 1729 1869 1793 minus,
1923 1730 1993 1777 sic
2030 1730 2179 1779 etiam
2218 1729 2372 1777 cubus
2410 1726 2469 1777 de

218 1802 431 1851 389085
473 1801 742 1850 continebit
780 1800 959 1850 cubum
999 1800 1059 1850 de
1103 1801 1340 1860 100000,
1384 1800 1448 1847 59
1492 1801 1684 1850 vicibus
1722 1801 1871 1863 paulo
1910 1803 2087 1863 minus,
2128 1807 2176 1851 et
2213 1803 2284 1850 sic
2322 1802 2469 1850 etiam

218 1875 397 1937 globus
435 1874 642 1923 Telluris
682 1873 884 1936 globum
921 1873 1110 1922 Lunae.
1186 1873 1265 1922 Ita
1302 1870 1659 1922 semidiameter
1697 1876 1911 1938 corporis
1950 1874 2162 1925 Telluris
2201 1875 2469 1924 continebit

217 1947 628 1997 semidiametrum
667 1948 880 2010 corporis
919 1945 1091 1996 Lunae
1129 1947 1287 1994 minus
1326 1959 1472 2008 quam
1512 1952 1699 2009 quater.

363 2020 414 2080 2)
455 2019 610 2068 Aliter
658 2025 706 2068 et
755 2019 1022 2082 simplicius
1070 2034 1129 2068 ex
1172 2012 1402 2068 concluso
1438 2020 1721 2081 posteriori:
1775 2024 2038 2082 quaeratur
2074 2019 2134 2070 de
2175 2021 2314 2069 3469
2356 2033 2466 2068 cum

218 2095 415 2153 triente,
464 2106 530 2141 sc.
585 2090 644 2140 de
691 2091 949 2141 intervallo
989 2091 1144 2152 Solis,
1192 2090 1329 2149 radi-x
1384 2091 1645 2153 quadrata,
1687 2106 1827 2154 -quae
1865 2094 1958 2141 erit
1997 2094 2062 2141 59
2101 2092 2251 2156 paulo
2290 2093 2466 2154 minue,

220 2171 356 2214 tanta
394 2171 466 2214 est
505 2164 736 2212 distantia
772 2164 968 2225 Lunae,
1022 2163 1239 2227 qualium
1289 2163 1648 2214 semidiameter
1684 2164 1894 2214 Telluris
1933 2171 2007 2214 est
2054 2170 2092 2213 l.
2140 2166 2309 2214 Diviso
2341 2179 2468 2214 vero
2522 2177 2526 2182 ·

222 2240 346 2288 cubo
385 2236 730 2287 semidiametri
772 2237 982 2286 Telluris
1026 2240 1048 2284 1
1092 2251 1178 2299 per
1218 2237 1282 2285 59
1324 2242 1372 2284 et
1409 2237 1674 2299 quotientis
1713 2236 1875 2287 radice
1915 2240 2088 2287 cubica
2127 2243 2311 2299 sumta,
2351 2252 2471 2301 pro-

225 2311 353 2360 ditur
392 2309 747 2359 semidiameter
787 2311 998 2373 corporis
1038 2309 1207 2358 Lunae
1244 2311 1294 2357 in
1333 2308 1504 2359 eadem
1543 2309 1860 2360 dimensione.

369 2383 512 2446 Quae
546 2383 662 2431 hinc
699 2385 976 2431 exstruitur
1020 2384 1283 2444 proportio
1329 2381 1696 2433 diametrorum
1733 2383 1862 2432 Solis
1906 2388 1953 2430 et
1991 2381 2210 2431 Lunae?
2244 2381 2463 2443 Eadem,

222 2471 348 2518 quae
388 2462 461 2504 est
499 2455 628 2503 orbis
667 2455 797 2504 Solis
836 2454 900 2504 ad
938 2456 1102 2505 orbem
1143 2455 1339 2515 Lunae,
1379 2454 1459 2504 vel
1496 2454 1643 2518 hujus
1682 2454 1744 2504 ad
1783 2469 1958 2518 corpus
1997 2454 2234 2517 Telluris,
2284 2455 2469 2505 scilicet

224 2543 351 2592 quae
399 2534 473 2577 est
521 2530 644 2576 inter
693 2541 922 2578 numeros
962 2529 1026 2577 59
1066 2528 1216 2590 paulo
1253 2529 1412 2576 minus
1452 2534 1501 2577 et
1544 2531 1586 2580 1.
1659 2528 1835 2591 Itaque
1873 2541 2049 2591 corpus
2087 2527 2217 2577 Solis
2256 2531 2469 2579 continet

224 2615 478 2665 corporum
515 2600 684 2650 Lunae
721 2599 833 2664 plus
870 2614 1016 2663 quam
1058 2601 1267 2650 ducenta
1303 2600 1471 2649 millia.

372 2674 516 2738 Quae
550 2675 814 2736 yloborum
846 2675 1258 2735 planetariorum
1295 2676 1428 2722 inter
1463 2688 1512 2722 se
1549 2679 1731 2722 mutuo
1773 2680 1842 2721 est
1876 2675 2139 2736 proportio
2157 2672 2182 2720 Ρ
2223 2672 2356 2721 Nihil
2395 2678 2468 2722 est

222 2748 378 2810 magis
415 2752 618 2796 naturae
655 2752 1061 2807 consentaneum,
1115 2761 1262 2809 quam
1300 2751 1355 2795 ut
1391 2745 1518 2795 idem
1557 2747 1621 2794 sit
1659 2745 1777 2794 ordo
1815 2745 2230 2808 magnitudinum,
2273 2748 2356 2808 qui
2395 2752 2468 2796 est

223 2825 270 2868 et
316 2818 652 2883 sphaerarum,
708 2825 762 2868 ut
811 2835 870 2868 ex
918 2834 1003 2868 sex
1053 2820 1292 2883 primariis
1343 2819 1553 2882 planetis
1598 2819 1797 2867 minimo
1838 2821 1903 2868 sit
1941 2833 2140 2881 corpore
2179 2818 2463 2880 Mercurius,
2516 2811 2520 2818 Χ

224 2894 338 2954 quia
377 2893 574 2940 intimus
613 2898 687 2941 est
724 2897 773 2941 et
810 2892 976 2941 orbem
1013 2893 1412 2956 angustissimum
1463 2892 1676 2952 obtinet3
1727 2894 1947 2955 proxime
1985 2891 2141 2954 major
2179 2893 2243 2940 sit
2282 2891 2463 2952 Venus,
2523 2944 2525 2949 ,

222 2964 306 3013 sed
344 2965 504 3013 adhuc
542 2968 695 3013 minor
732 2964 949 3025 Tellure,
1005 2967 1120 3027 quia
1169 2966 1447 3028 angustiore
1487 2979 1634 3028 quam
1670 2965 1793 3015 haec
1831 2966 1947 3014 orbe
1987 2966 2230 3025 circumit,
2284 2965 2465 3023 laxiore

224 3042 382 3085 tamen
423 3053 567 3099 quam
608 3038 900 3102 Mercurius,
940 3038 1135 3087 Tellure
1173 3039 1390 3101 proxime
1428 3038 1492 3086 sit
1530 3037 1685 3100 major
1722 3036 1898 3101 globus
1938 3037 2124 3097 Martis,
2166 3038 2284 3100 quia
2321 3037 2466 3101 hujus

226 3109 355 3157 orbis
388 3109 491 3171 jam
529 3116 600 3159 est
639 3112 846 3159 exterior
884 3116 934 3159 et
969 3110 1190 3173 amplior,
1228 3111 1529 3174 superiorum
1568 3116 1730 3160 tamen
1770 3112 1920 3171 imus3
1960 3124 2147 3159 rursum
2175 3110 2331 3172 major
2355 3109 2467 3172 glo-

224 3181 315 3230 bus
354 3180 522 3242 Jovis‚
577 3184 878 3246 superiorum
930 3183 1146 3245 medius,
1197 3183 1405 3247 denique
1454 3183 1693 3232 maximus
1742 3176 1995 3231 mobilium
2034 3182 2231 3231 Saturni
2273 3181 2463 3246 globus,

225 3254 340 3317 quia
379 3260 452 3302 est
488 3253 769 3305 altissimus.
2553 3293 2554 3317 3

369 3325 490 3373 Cum
528 3333 691 3377 autem
728 3334 824 3377 tres
862 3330 959 3378 sint
996 3328 1321 3378 dimensiones
1359 3343 1630 3392 corporum,
1671 3328 1749 3378 vel
1774 3326 2039 3378 secundum
2068 3326 2344 3389 diametros,
2383 3326 2476 3376 vel⁴
2550 3326 2554 3367 ἑ

219 3396 485 3448 secundum
534 3401 838 3462 superficies,
888 3401 967 3451 vel
1003 3401 1270 3452 secundum
1308 3403 1469 3465 spatia
1506 3401 1854 3466 superficiebus
1895 3406 2123 3450 contenta
2161 3414 2246 3449 seu
2287 3414 2464 3464 corpu·
2552 3459 2554 3462 Ι

221 3471 448 3531 lentiam,
500 3475 548 3518 et
585 3471 923 3522 diametrorum
962 3474 1156 3537 quidem
1195 3477 1442 3538 proportio
1482 3474 1632 3538 dupla
1669 3475 1759 3535 sit,
1810 3488 1935 3535 quae
1974 3479 2048 3521 est
2085 3473 2460 3536 superficierum,

222 3544 367 3608 tripla
404 3557 529 3605 quae
569 3557 846 3606 corporum:
899 3554 1275 3597 consentaneum
1327 3553 1425 3607 est,
1477 3548 1776 3611 proportioni
1816 3545 2179 3594 intervallorum
2219 3560 2364 3594 unam
2404 3559 2461 3593 ex
2546 3544 2554 3585 ἑ

222 3617 298 3665 his
335 3616 488 3664 tribus
527 3614 780 3678 globorum
819 3620 1233 3669 accommodatam
1273 3635 1392 3669 esse.
1458 3621 1608 3669 Verbi
1645 3633 1812 3683 causa,
1854 3633 1962 3667 cum
2001 3618 2238 3667 Saturnus
2275 3619 2338 3666 sit
2375 3616 2462 3666 de·
2544 3625 2551 3662 ἐ

224 3688 366 3753 euplo
404 3689 503 3738 fere
542 3687 684 3737 altior
721 3703 751 3736 a
777 3688 906 3750 Sole,
948 3706 1093 3752 quam
1119 3692 1315 3742 Tellus:
1356 3699 1442 3741 aut
1482 3692 1714 3741 diameter
1747 3691 1944 3740 Saturni
1983 3693 2072 3740 erit
2109 3691 2317 3754 decupla
2354 3687 2461 3742 dia-
2544 3696 2550 3725 ²

226 3760 365 3810 metri
392 3760 617 3822 Telluris,
658 3760 934 3823 superficies
962 3765 1232 3833 superficiei
1257 3765 1465 3815 Telluris
1490 3764 1731 3828 centupla,
1773 3777 1946 3827 corpus
1982 3762 2311 3827 millecuplum
2352 3775 2460 3811 cor·
2506 3784 2509 3789 »
2541 3767 2548 3797 ³

223 3836 354 3900 poris
394 3833 619 3897 TelluriS,
658 3839 744 3885 aut
780 3832 974 3889 Saturni
1013 3827 1291 3902 superficies
1329 3839 1419 3890 erit
1456 3836 1663 3904 decupla
1699 3836 1970 3900 superficiei
1995 3835 2220 3900 Telluris,
2259 3839 2314 3885 ut
2351 3847 2458 3884 cor-
2540 3838 2546 3869 ²

2309 4070 2318 4108 {
2396 4060 2529 4097 mags
