2554 4140
846 151 984 198 Liber
1010 151 1201 197 Primus,
1261 151 1374 198 Pars
1404 149 1624 197 Secunda.
1764 133 1771 138 ”
2106 158 2112 169 ”
2264 157 2362 204 143

115 302 262 366 igitur
296 299 607 363 sphaericum
646 302 817 349 ceteris
855 300 1021 364 figuris
1074 316 1225 350 causa
1262 306 1311 350 et
1345 313 1519 348 norma
1553 298 1845 366 definitionis
1896 314 1982 348 seu
2033 298 2366 362 descriptionis

112 372 431 433 scientificae,
470 387 556 421 seu
595 375 974 436 proportionum.
1055 373 1151 423 Sed
1204 379 1254 424 et
1287 374 1424 436 ipsae
1460 373 1827 435 proportionum
1877 372 2047 422 harum
2089 371 2363 436 pulchritu-

113 447 248 495 dines
285 459 384 493 non
426 444 582 505 aliter,
623 447 717 493 nisi
755 445 990 495 beneficio
1029 446 1192 496 circuli
1231 446 1588 494 constituuntur
1625 449 1675 493 et
1711 443 2072 507 intelliguntur,
2115 445 2362 495 divinam-

111 534 207 582 que
244 532 350 566 eam
387 518 748 581 proportionem
787 518 954 567 dicunt
990 521 1084 582 ipsi
1121 524 1412 582 geometrae.

259 590 496 651 Ostende,
536 593 690 638 inesse
728 595 783 639 in
819 592 1081 653 sphaerico
1116 590 1414 641 adorandae
1447 589 2039 651 Trinitatisimayinem.
2102 590 2159 637 In
2186 590 2365 654 sphae-

111 665 211 712 rico
248 665 342 711 tria
366 669 505 711 sunt.-
544 669 782 726 centrum,
821 664 1102 727 superficies
1142 671 1190 714 et
1214 663 1488 727 aequalitas
1515 660 1771 723 intervalli,
1812 674 2015 723 quorum
2052 677 2148 711 uno
2186 670 2365 727 negato

111 744 271 784 cetera
310 742 538 784 corruunt
574 742 790 800 suntque
828 736 1058 786 distincta
1094 739 1218 786 inter
1255 752 1323 798 se,
1361 743 1418 785 ut
1454 749 1603 784 unum
1640 749 1737 784 non
1775 735 1840 782 sit
1875 733 2094 784 alterum.

254 807 486 857 Centrum
524 815 598 857 est
635 812 777 872 quasi
818 813 952 874 origo
991 811 1259 873 sphaerici,
1313 825 1427 858 nam
1479 807 1756 872 superficies
1801 805 2085 869 intelligitur
2136 822 2166 856 a
2204 814 2366 857 centro

108 896 203 930 non
243 881 422 944 egredi,
461 881 549 930 sed
587 896 783 944 egressa
821 898 928 931 esse
966 882 1109 933 lineis
1146 885 1288 932 rectis
1338 896 1537 931 numero
1576 880 1776 928 infinitis
1829 894 1914 942 per
1944 879 2280 929 intermedium
2318 883 2366 928 in

108 969 275 1003 omnes
313 954 502 1018 plagae,
540 954 675 1004 nullo
713 957 789 1004 sui
828 957 1036 1018 vestigio
1073 955 1241 1004 relicto
1279 957 1327 1002 in
1365 953 1676 1014 intermedio,
1714 958 1895 1016 puncto
1928 966 1981 1001 se
2019 954 2068 1000 in
2105 953 2232 1002 hanc
2258 969 2365 1002 am-

107 1025 396 1091 plitudinem
434 1029 818 1077 communicante
857 1029 921 1077 ad
960 1027 1311 1090 aequalitatem
1355 1042 1509 1090 usque
1547 1025 1915 1076 intervallorum
1955 1027 2202 1088 omnium;
2241 1041 2368 1089 quae

114 1102 260 1163 longe
300 1100 398 1149 alia
434 1102 560 1149 ratio
598 1103 848 1162 geniturae
888 1107 977 1166 cst,
1017 1115 1164 1164 quam
1203 1100 1316 1161 illa,
1368 1115 1515 1163 quam
1553 1105 1831 1162 geometrae
1869 1105 2038 1162 eaptus
2077 1110 2227 1148 eausa
2264 1105 2367 1149 tra-

107 1173 240 1234 dunt,
280 1188 429 1236 supra
465 1172 549 1221 fol.
594 1175 713 1221 1411
793 1174 852 1222 Et
889 1181 1020 1233 nota,
1061 1172 1194 1237 quod
1231 1175 1412 1222 creatio
1437 1173 1594 1222 lineae
1618 1178 1780 1221 rectae
1801 1174 1960 1232 uniuS,
1999 1174 2132 1235 prius
2168 1171 2362 1234 tradita,

107 1252 180 1296 est
228 1245 366 1295 finita
413 1247 575 1308 imago
631 1246 778 1308 hujus
826 1249 1078 1309 geniturae
1129 1246 1371 1307 infinitae,
1426 1245 1699 1309 superficiei
1746 1244 2029 1307 sphaericae
2084 1259 2144 1293 ex
2183 1250 2365 1294 centro·

108 1319 339 1368 Centrum
389 1333 444 1367 se
500 1320 607 1381 ipso
647 1326 721 1368 est
768 1319 1015 1369 invisibile
1053 1324 1102 1368 et
1139 1320 1604 1383 impervestigabile,
1656 1324 1950 1368 monstratur
1987 1331 2102 1367 vero
2150 1317 2366 1381 undique

105 1392 231 1440 flexu
257 1390 654 1454 aequabilissimo
680 1392 967 1455 superficiei,
1007 1392 1251 1442 mediante
1279 1387 1628 1455 aequabilitate
1654 1390 1914 1440 intervalli.
1991 1391 2167 1454 Itaque
2193 1405 2367 1454 super·-

106 1464 240 1513 fieies
280 1471 355 1512 est
392 1464 639 1513 character
689 1472 738 1514 et
774 1467 937 1527 imago
977 1467 1128 1515 centri
1179 1472 1228 1515 et
1265 1466 1407 1528 quasi
1453 1464 1613 1528 fulgor
1659 1465 1723 1513 ab
1752 1478 1821 1514 eo
1875 1471 1923 1513 et
1962 1466 2043 1513 via
2094 1463 2158 1513 ad
2193 1464 2269 1525 id3
2319 1470 2367 1513 et

106 1539 189 1600 qui
228 1536 534 1600 superficiem
571 1537 719 1600 videt,
760 1539 802 1586 is
841 1552 900 1586 eo
938 1540 1046 1601 ipso
1086 1545 1135 1588 et
1172 1543 1416 1599 centrum,
1455 1552 1554 1587 non
1591 1537 1746 1587 aliter.

247 1609 566 1659 Intervallum
601 1609 805 1660 resultat
853 1625 913 1659 ex
953 1613 1314 1676 comparatione
1355 1613 1505 1660 centri
1556 1625 1665 1659 cum
1705 1608 1986 1672 superficie,
2039 1614 2088 1658 et
2135 1610 2206 1658 sic
2243 1584 2361 1672 pro-

105 1681 232 1731 cedit
270 1683 333 1731 ab
371 1689 578 1746 utroque
614 1690 956 1746 mensuratque
1006 1690 1054 1734 et
1092 1689 1332 1734 scrutatur
1370 1674 1661 1748 profundum
1709 1682 1856 1745 hujus
1893 1681 2094 1745 figurae.
2173 1679 2361 1743 Quodsi

105 1770 204 1818 qua
239 1755 396 1819 figura
432 1755 617 1814 solida
635 1757 715 1806 vel
763 1756 912 1820 plana
953 1756 1240 1807 describitur
1289 1759 1416 1805 intra
1454 1756 1783 1820 sphaericum,
1836 1753 1920 1803 illa
1972 1753 2244 1818 superficiei
2283 1756 2362 1802 in-

36 1831 44 1837 '
107 1829 277 1876 nititur
314 1843 413 1877 non
454 1828 554 1878 alio
591 1830 685 1877 nisi
725 1829 1017 1892 quibusdam
1064 1830 1279 1879 terminis
1318 1829 1518 1891 ultimis,
1575 1829 1668 1878 hoc
1709 1835 1782 1879 est
1830 1829 2047 1890 punctis,
2107 1832 2210 1875 tota
2248 1842 2364 1876 vero

104 1901 423 1964 amplitudine
472 1916 559 1951 seu
611 1904 822 1966 eorporis
874 1918 960 1951 seu
1013 1903 1234 1966 planitiei
1285 1902 1558 1952 extenditur
1606 1916 1691 1965 per
1736 1900 2047 1951 intervallum
2099 1906 2146 1949 et
2191 1902 2240 1947 in
2278 1900 2363 1948 illo

28 2036 30 2038 v
102 1979 416 2023 sustentatur.
490 1975 665 2038 Itaque
703 1990 733 2024 a
772 1981 935 2025 centro
973 1992 1059 2039 per
1095 1975 1407 2026 intervallum
1445 1977 1493 2023 in
1519 1975 1821 2059 superficiem
1846 1975 2013 2023 innixa
2050 1978 2163 2022 sunt
2201 1975 2363 2022 omnia

101 2047 291 2111 reliqua
328 2059 534 2110 corpora
567 2047 824 2111 regularia.

247 2119 300 2168 N
299 2121 463 2168 ullum
513 2119 605 2168 tibi
651 2128 876 2183 superest
921 2128 1284 2185 aryumentum
1336 2121 1666 2171 rotunditatis
1702 2120 1908 2180 mundi,
1958 2125 2164 2180 praeter
2201 2119 2362 2181 expli-

102 2199 220 2241 cata
259 2193 363 2243 duo
393 2194 753 2255 principalia?
825 2193 965 2244 Adde
1004 2195 1098 2243 hoc
1146 2196 1295 2245 etiam
1333 2209 1393 2244 ex
1431 2194 1753 2254 astronomia,
1808 2197 2187 2242 consentaneum
2238 2206 2359 2253 esse,

102 2272 157 2314 ut
205 2280 304 2314 non
355 2266 636 2328 ignobiliori
688 2266 843 2329 figura
889 2269 1171 2318 terminetur
1217 2273 1372 2317 totum
1427 2282 1573 2331 quam
1623 2272 1799 2330 partes.
1878 2265 1942 2313 At
1987 2271 2150 2328 partes
2196 2264 2363 2313 mundi

102 2341 395 2402 praecipuae
434 2345 547 2387 sunt
584 2339 852 2402 globosae3
908 2340 957 2388 id
1001 2341 1106 2404 jam
1145 2342 1402 2404 probatum
1440 2346 1514 2390 est
1566 2338 1624 2389 de
1663 2339 1840 2399 Terra,
1894 2340 1964 2386 sic
2003 2337 2166 2387 circuli
2203 2337 2359 2400 figura

106 2414 316 2460 cernitur
352 2410 438 2460 Sol
475 2426 682 2477 semper,
720 2412 860 2461 Luna
897 2414 1198 2477 plerumque,
1238 2415 1365 2464 idem
1404 2413 1643 2462 affirmant
1681 2412 1740 2461 de
1779 2410 1994 2476 planetis*
2027 2412 2223 2469 ceteris,
2278 2412 2360 2473 qui

103 2484 391 2549 perspicillis
429 2483 538 2533 illos
576 2484 847 2534 artificiosis
887 2486 1275 2550 contemplantur
1312 2488 1560 2538 attentius.
1638 2484 1800 2548 Quare
1851 2489 2228 2534 consentaneum
2272 2490 2360 2546 est,

103 2565 158 2606 ut
196 2564 326 2606 tetus
368 2558 513 2606 etiam
550 2557 759 2606 mundus
798 2560 1009 2608 exterius
1047 2562 1110 2609 sit
1146 2560 1395 2624 globosus.

251 2630 352 2689 Sol,
394 2629 551 2678 Luna
589 2637 636 2679 et
674 2631 920 2681 Planetae
957 2640 1213 2695 apparent
1248 2634 1420 2697 forma
1459 2632 1724 2681 circularis
1762 2631 1882 2679 disci
1891 2647 1911 2691 ,-
1949 2643 2056 2678 non
2091 2634 2209 2676 sunt
2246 2643 2362 2691 erqo

102 2702 247 2751 solidi
297 2703 447 2765 ylobi.
521 2703 630 2751 Non
684 2707 930 2767 sequitur,
984 2705 1096 2755 illos
1143 2712 1401 2769 propterea
1449 2719 1562 2755 vere
1613 2704 1785 2768 planos
1837 2702 1997 2751 discos
2041 2711 2178 2750 esse:
2235 2700 2360 2749 Nam

103 2777 252 2838 optici
291 2775 638 2838 demonstrant,
680 2779 825 2826 etiam
865 2777 1038 2841 globos
1078 2778 1278 2841 solidos,
1318 2781 1359 2828 si
1398 2794 1428 2827 a
1464 2778 1733 2841 longinquo
1761 2777 2073 2840 aspiciantur,
2114 2775 2269 2838 aspici
2306 2780 2359 2823 ut

99 2846 258 2897 discos
297 2849 568 2897 circulares.

249 2920 388 2970 Unde
425 2936 545 2971 vero
582 2923 800 2983 conjicis,
841 2924 950 2974 illos
988 2938 1084 2972 esse
1115 2926 1289 2985 potius
1325 2924 1492 2987 ylebos
1528 2922 1722 2984 solid03,
1767 2936 1924 2983 quam
1975 2920 2132 2971 discos
2168 2921 2352 2984 planos

96 2995 404 3043 circulares?
478 2995 692 3042 Primum
729 3011 788 3045 ex
826 2997 1187 3060 comparatione
1227 3011 1334 3045 cum
1372 2997 1535 3055 Terra,
1581 3010 1641 3043 ne
1681 3008 1882 3058 corpora
1921 2993 2154 3043 coelestia
2193 2995 2351 3043 circu-

97 3066 290 3116 laritate
339 3069 630 3132 participent
680 3069 1028 3132 imperfectius,
1088 3084 1237 3132 quam
1275 3069 1439 3118 Terra.
1513 3066 1703 3117 Deinde
1755 3081 1813 3115 ex
1865 3067 2042 3115 virtute
2083 3080 2352 3130 corporum.

102 3137 187 3188 Sol
226 3141 352 3189 enim
393 3146 580 3189 tantum
617 3141 740 3189 lucis
780 3147 828 3190 et
866 3141 1038 3190 caloris
1078 3142 1277 3191 fundere
1318 3141 1377 3191 de
1405 3156 1456 3190 se
1493 3155 1590 3189 non
1628 3144 1808 3204 posset,
1848 3140 1889 3187 si
1917 3152 2114 3203 corpore
2155 3147 2355 3200 careret,

96 3214 137 3260 si
174 3227 306 3263 mera
343 3213 621 3278 superficies
660 3214 809 3276 plana
848 3221 990 3263 essct.
1065 3214 1230 3263 Tertio
1269 3214 1554 3277 probabitur
1594 3215 1643 3261 in
1669 3212 1820 3261 altera
1844 3217 1982 3275 parte
2008 3214 2351 3274 astronomiae,

96 3283 258 3334 Solem
298 3286 526 3335 convolvi
566 3288 696 3336 circa
733 3302 875 3335 suum
915 3301 1055 3336 axem
1094 3293 1143 3335 et
1182 3286 1409 3336 credibile
1449 3292 1522 3335 est
1562 3285 1689 3336 idem
1716 3286 1862 3334 etiam
1902 3284 1960 3334 de
1992 3287 2206 3349 quinque
2244 3286 2356 3349 pla-

94 3359 235 3408 netis.
311 3359 659 3408 Demonstrant
698 3361 844 3422 igitur
883 3360 1049 3423 optici,
1088 3360 1130 3407 si
1170 3373 1343 3423 corpus
1371 3358 1686 3409 convolutum
1713 3373 1904 3422 semper
1944 3360 2120 3408 retinet
2144 3360 2355 3423 speciem

97 3429 216 3479 disci
256 3432 516 3492 circularis,
557 3432 606 3480 id
647 3447 753 3481 esse
791 3432 1066 3495 globosum.
1146 3430 1355 3493 Quarto,
1395 3432 1557 3481 lumen
1598 3432 1791 3493 Lunae,
1835 3431 2039 3480 Veneris
2081 3437 2128 3481 et
2168 3437 2355 3480 cetero-

93 3516 198 3551 rum
245 3505 549 3569 planetarum
602 3512 676 3554 est
726 3504 1048 3554 adventitium
1101 3518 1159 3551 ex
1197 3503 1327 3553 Sole.
1404 3504 1455 3561 Si
1508 3519 1621 3568 ergo
1665 3504 1807 3553 Luna
1852 3504 1933 3554 vel
1970 3504 2139 3554 Venus
2191 3504 2353 3553 discus

96 3582 252 3642 esset,
304 3577 446 3626 simul
487 3578 839 3627 illuminaretur
878 3580 924 3624 in
965 3592 1060 3625 una
1098 3576 1377 3639 superficie,
1432 3584 1482 3626 at
1531 3577 1624 3627 hoc
1674 3591 1771 3626 non
1810 3582 2034 3643 apparet:
2091 3591 2204 3626 nam
2241 3592 2354 3640 pars

96 3646 364 3699 illuminata
410 3652 565 3713 primo
620 3658 693 3699 est
746 3666 894 3710 cava,
945 3648 1117 3698 deinde
1165 3651 1460 3699 nanciscitur
1510 3653 1720 3714 speciem
1770 3649 1890 3699 disci
1929 3651 2123 3711 bisecti,
2179 3656 2352 3712 postea

64 3721 271 3783 ‘gibbus
310 3724 566 3784 enascitur,
609 3723 819 3786 denique
858 3723 1068 3786 perfecte
1110 3721 1334 3785 impletur
1373 3723 1595 3772 circulus.
1674 3723 1811 3772 Haec
1849 3729 2025 3773 autem*
2065 3725 2352 3783 contingunt

95 3794 221 3843 circa
257 3795 456 3859 globum
498 3811 558 3846 ex
597 3796 799 3846 dimidia
837 3802 975 3859 parte
1016 3793 1353 3858 illuminatum,
1394 3798 1436 3846 si
1476 3798 1663 3846 eminus
1690 3797 1991 3860 inspiciatur,
2032 3801 2086 3844 ut
2125 3794 2351 3844 docemur

96 3865 140 3913 in
181 3869 370 3931 optieis.
