2554 4140
852 81 1234 151 ‘LiberxPrimus
1295 66 1406 128 Pars
1436 82 1626 139 Quarta.
2280 89 2378 148 167

43 201 45 235 ἶ
125 235 277 286 Terra
310 207 430 295 tota;
469 234 710 295 quatenus
749 236 879 290 tota,
931 233 1056 295 quia
1083 232 1207 282 nihil
1243 237 1318 283 est
1355 235 1491 282 extra
1527 231 1750 295 Terram,
1801 232 1936 297 quod
1970 217 2106 283 illam
2153 200 2381 295 attrahat,

43 351 45 362 .
125 325 158 359 a
193 322 292 372 qua
335 305 570 357 tractione
619 303 806 355 dicatur
855 306 1035 368 gravis.
1104 305 1276 356 -Tertio
1326 306 1455 355 iners
1505 304 1701 368 quidem
1751 311 1824 355 est
1874 295 2025 357 Terra
2076 305 2141 356 ad
2190 311 2381 355 motum

43 418 45 427 .
126 380 378 444 eidemque
423 376 618 427 aliunde
659 377 805 426 ‘illato
855 376 1212 441 quadamtenus
1264 378 1470 449 resistit,
1524 382 1576 426 at
1623 377 1744 427 talia
1790 383 1927 428 sunt'
1955 381 2120 430 omnia
2158 393 2377 444 corpora,

43 503 45 519 4
125 459 363 517 quatenus
401 464 627 514 corpora3
666 463 762 498 non
799 457 1008 507 meretur
1044 453 1191 514 igitur
1216 451 1366 501 Terra
1402 465 1519 516 prae
1557 450 1668 508 aliis
1707 452 1990 515 corporibus
2027 453 2192 502 locum
2229 453 2381 502 centri

123 525 218 575 hac
262 525 450 574 inertia.
535 523 762 586 Denique
812 525 861 571 in
913 523 1132 574 doctrina
1180 524 1397 574 theorica
1443 524 1755 589 probabitur,
1811 524 2011 574 Terram
2060 525 2119 576 de
2167 525 2278 575 loco
2329 527 2379 574 in

44 598 45 602 ’
76 614 82 616 ’
126 597 289 648 locum
324 595 595 658 transserri3
648 610 745 659 quo
785 598 972 661 posito,
1020 599 1276 647 invertitur
1313 602 1676 662 argumentum,
1725 602 1783 646 ut
1819 597 1970 647 Terra
2018 598 2080 647 ob
2117 598 2170 647 id
2199 601 2379 667 ipsum,

125 672 242 734 quia
276 668 440 719 locum
476 674 657 730 mutat,
703 670 750 716 in
792 675 954 719 centro
994 685 1101 721 esse
1138 685 1237 721 non
1273 671 1452 736 possit..
1521 668 1703 720 Saltem
1751 671 1801 717 in
1839 685 2067 735 praesens
2114 671 2208 721 hoc
2245 679 2381 727 motu

129 747 352 792 manente
389 742 439 790 in
477 741 649 804 dubio,
708 744 973 792 necessitas
1024 745 1170 794 etiam
1210 745 1479 809 argumenti
1520 742 1804 807 dissolvitur
1849 743 1912 794 ab
1968 745 2074 808 ejus
2113 746 2275 807 quiete
2318 745 2381 795 ad

126 816 288 894 locum
325 816 376 863 in
415 822 580 865 centro
619 814 940 880 procedentis.
2237 845 2239 847 ·
