2554 4140
850 166 987 211 Liber
1016 166 1213 211 Tertius.
1274 166 1385 210 Pars
1419 164 1603 222 Quarta.
2244 163 2346 211 267

102 317 331 376 noctium,
372 319 420 363 et
457 314 504 359 in
546 326 711 361 eorum
738 313 898 362 medio
937 314 1159 363 fruuntur
1184 313 1601 376 aequinoctiorum
1641 311 1862 359 binorum
1891 314 2169 373 conspectu,
2209 322 2354 371 prae-

104 397 174 438 ter
211 388 471 437 solstitium
512 387 769 434 aestivum.
847 388 912 434 At
950 387 1204 436 hibernum
1243 386 1531 443 solstitium,
1572 399 1657 432 seu
1697 383 1826 432 Solis
1863 385 1912 430 in
1950 384 2163 431 maxima
2202 380 2354 430 decli-

102 463 299 509 natione
336 457 605 506 meridiana
643 460 950 508 consistentis
981 462 1370 509 observationem
1410 458 1561 520 longa
1594 456 1690 504 illis
1728 470 1825 504 nox
1863 462 1911 505 et
1937 462 2093 505 terrae
2131 453 2352 518 glacialis

101 533 298 581 horizon
337 530 639 593 superjectus
679 532 924 580 occultant
962 540 1009 581 et
1048 534 1272 595 eripiunt.
1351 531 1411 579 Et
1437 531 1610 580 aestivi
1649 527 1844 591 quidem
1871 527 2069 576 solstitii
2108 528 2203 576 duo
2243 533 2356 575 sunt

101 611 399 667 argumenta,
440 603 644 652 alterum
685 606 731 650 in
770 605 986 666 meridie,
1026 607 1066 653 si
1107 605 1190 654 Sol
1225 605 1328 668 jam
1366 618 1462 652 non
1503 602 1645 651 altior
1682 600 1768 649 fiat
1806 615 1953 664 quam
1991 600 2166 665 pridie,
2226 599 2352 649 alte-

100 693 204 726 rum
239 679 289 724 in
330 677 555 740 opposita
594 676 690 725 diei
727 684 876 741 parte,
919 693 1044 741 quae
1080 685 1275 727 nostrae
1314 675 1577 740 respondet
1613 673 1803 722 mediae
1829 675 1974 734 nocti,
2015 675 2055 721 si
2083 673 2166 721 Sol
2208 675 2353 721 etiam

102 759 218 799 tunc
254 751 595 798 consistentem
633 763 786 813 prope
825 752 1134 800 nanciscatur
1174 751 1506 810 altitudinem,
1547 761 1773 812 quaeque
1813 752 1924 795 ante
1965 752 2012 794 et
2050 751 2161 809 post
2199 747 2355 794 minor

105 821 506 880 deprehendatur.

246 895 348 944 Sub
386 894 519 958 pole,
559 895 640 957 qui
679 894 868 943 medius
909 888 1062 945 zonae
1099 895 1304 958 frigidae
1344 897 1466 944 situs
1507 899 1604 954 est,
1660 893 1855 942 unicum
1893 905 2083 941 rursum
2121 891 2266 954 idque
2307 893 2354 938 in

102 974 204 1015 tota
243 967 675 1016 circumvolutione
714 967 924 1017 Telluris
966 968 1270 1018 observabile
1310 975 1383 1018 est
1421 962 1713 1027 solstitium,
1753 968 1857 1014 sine
1897 965 2170 1014 discrimine
2209 966 2354 1012 meri-

104 1039 198 1088 diei
235 1039 316 1090 vel
353 1040 542 1089 mediae
580 1042 754 1089 noctis.
831 1041 933 1089 Nec
971 1042 1098 1089 enim
1137 1041 1281 1090 altior
1319 1048 1391 1090 est
1429 1039 1524 1088 illis
1563 1039 1648 1088 Sol
1688 1053 1786 1088 una
1832 1039 1953 1088 hora
1999 1052 2145 1101 quam
2186 1037 2352 1096 altera,

105 1127 195 1162 nec
231 1113 404 1178 plagas
443 1113 723 1172 Terrarum,
781 1120 834 1160 ut
873 1128 987 1173 nOS,
1037 1114 1097 1162 ad
1137 1114 1266 1163 Solis
1305 1115 1614 1176 siderumque
1662 1118 1845 1161 motum
1886 1111 2187 1173 discernunt;
2236 1112 2359 1175 perit

100 1185 231 1249 apud
270 1188 401 1250 ipsos
440 1188 596 1234 omnis
637 1185 921 1234 vicissitudo
963 1187 1146 1235 dierum
1186 1194 1233 1235 et
1272 1187 1484 1236 noctium
1511 1187 1815 1245 nostratium,
1854 1184 1990 1233 nulla
2017 1184 2357 1248 aequinoctio-

102 1273 206 1306 rum
228 1267 302 1307 est
320 1260 537 1319 scientia,
565 1258 701 1307 nulla
719 1259 911 1307 solstitii
935 1259 1147 1324 hiberni3
1189 1259 1314 1309 idem
1337 1267 1410 1308 est
1435 1261 1554 1323 ipsis
1581 1257 1698 1319 dies,
1728 1257 1861 1321 quod
1885 1264 2063 1318 aestaS,
2092 1257 2219 1305 idern
2245 1270 2357 1316 nox,

102 1331 233 1394 quod
283 1332 466 1392 hiemS,
520 1334 740 1380 semestri
787 1339 1044 1396 utrumque
1082 1332 1413 1395 longitudine,
1470 1331 1598 1381 Solis
1645 1333 1696 1379 in
1723 1330 1895 1380 'medio
1935 1331 2135 1380 aestatis
2175 1336 2223 1378 et
2263 1329 2357 1378 diei

102 1410 238 1452 tanta
276 1404 508 1464 altitudo,
550 1411 734 1467 quanta
771 1405 946 1454 Italiae
986 1407 1034 1452 in
1073 1405 1234 1454 media
1272 1405 1448 1454 hieme.
1527 1405 1648 1454 Cum
1687 1419 1776 1453 nos
1814 1405 2051 1454 habemus
2090 1404 2358 1466 aequinoc-

101 1479 245 1537 tium,
295 1477 388 1526 hoc
439 1483 513 1525 est
561 1492 669 1526 cum
716 1480 857 1526 nobis
896 1479 981 1527 Sol
1031 1477 1230 1527 dimidio
1271 1479 1367 1528 diei
1406 1479 1642 1527 naturalis
1682 1484 1847 1527 manet
1890 1478 2208 1541 conspicuuS,
2265 1477 2358 1538 ipsi

103 1549 410 1598 dimidiatum
449 1549 577 1598 Solis
617 1565 791 1613 corpus
846 1552 1176 1614 conspiciunt:
1234 1554 1276 1600 si
1313 1559 1474 1601 tamen
1521 1552 1647 1601 ae'ris
1697 1551 1919 1600 refractio
1958 1553 2171 1599 rationes
2212 1549 2359 1597 hasce

76 1614 197 1671 ‘snon
237 1624 415 1672 turbat.
494 1622 884 1672 Consentaneum
937 1626 1063 1672 enim
1104 1631 1177 1673 est
1215 1625 1302 1686 iis,
1352 1640 1477 1688 quae
1518 1624 1752 1673 Hollandi
1803 1626 1848 1671 in
1889 1638 2014 1672 zona
2043 1621 2228 1686 ¹frigida
2267 1621 2359 1670 ob-

17 1691 25 1698 ’
93 1702 382 1756 servarunt,
431 1710 578 1758 saepe
618 1696 743 1757 fieri,
796 1703 848 1744 ut
888 1696 998 1757 Sol,
1058 1701 1281 1760 quamv-is
1320 1698 1572 1758 australis,
1627 1699 1673 1744 in
1714 1704 1845 1745 curta
1885 1697 2049 1760 aliqua
2097 1696 2358 1745 horizontis

103 1769 250 1832 plaga
288 1767 454 1835 (quam
493 1770 736 1817 montibus
777 1770 1112 1818 tantummodo
1151 1777 1322 1819 notent
1358 1786 1557 1820 necesse
1597 1769 1690 1833 est)
1746 1769 1823 1819 vel
1864 1772 2008 1819 etiam
2051 1772 2096 1816 in
2137 1768 2359 1831 pluribus

101 1841 288 1905 plagiS‚
338 1841 518 1890 incidat
555 1845 601 1888 in
643 1845 1016 1905 evaporationes
1055 1843 1263 1892 Telluris
1302 1852 1545 1904 recenteS,
1600 1842 1760 1892 adhuc
1796 1842 2092 1906 pellucidam,
2146 1841 2361 1891 nondum

40 1964 48 1974 ,
101 1915 289 1964 scilicet
324 1915 584 1978 frigoribus
638 1915 870 1975 domitaS,
920 1931 1102 1979 perque
1149 1916 1260 1965 illos
1299 1917 1464 1966 radios
1513 1917 1744 1965 retractos
1783 1917 1945 1965 subito
1994 1931 2045 1964 se
2086 1917 2272 1978 ingerat
2311 1916 2359 1961 in

104 1981 443 2050 conspectum,
492 1989 762 2050 iterumque
811 1989 1036 2037 revoluta
1075 1989 1225 2038 Terra
1276 1996 1323 2038 et
1370 1992 1571 2039 sicciore
1622 1989 1768 2053 plaga
1820 1989 2037 2051 obJecta,
2096 1988 2357 2051 dispareat.

103 2059 350 2122 Quantum
389 2067 551 2109 autem
584 2061 765 2123 *glaciei
803 2063 1086 2124 niviumque
1124 2078 1211 2125 per
1248 2064 1486 2125 integrum
1527 2069 1755 2112 semestre
1794 2063 2046 2111 absentiae
2085 2061 2215 2110 Solis
2255 2060 2358 2109 col-

102 2133 298 2202 ligatur,
339 2140 522 2201 quanta
561 2135 635 2181 vis
674 2136 736 2182 sit
776 2134 905 2183 illius
943 2135 1146 2195 hiemis,
1196 2136 1393 2185 cuilibet
1431 2136 1573 2184 facile
1613 2142 1686 2185 est
1725 2138 1999 2196 aestimare,
2042 2140 2089 2184 et
2127 2132 2360 2183 Hollandi

45 2260 51 2266 ,
104 2207 322 2255 nonnulli
354 2209 399 2253 in
427 2222 527 2255 rem
566 2214 871 2268 praesentem
897 2215 1150 2256 venerunt.
1227 2210 1299 2256 Ac
1339 2211 1428 2258 etsi
1454 2210 1634 2271 frigora
1673 2207 1794 2258 haec
1819 2209 2018 2258 Terram
2043 2208 2361 2256 incrustantia

101 2292 199 2327 non
236 2286 491 2342 penetrant
530 2281 758 2328 interiora
797 2281 902 2343 ejus
942 2284 1154 2340 viscera,
1208 2284 1299 2330 etsi
1339 2282 1488 2331 Terra
1528 2285 1655 2330 intus
1696 2282 1903 2330 naturali
1943 2280 2175 2330 facultate
2215 2280 2360 2344 calet,

104 2354 192 2400 etsi
223 2344 318 2400 “Sol
365 2367 594 2414 praesens
640 2358 743 2401 toto
782 2356 1002 2402 semestri
1041 2354 1346 2418 glaciemque
1397 2358 1747 2404 circumvectus
1794 2351 2115 2418 aequabiliter
2154 2367 2359 2416 eamque

104 2440 161 2472 ex
202 2426 333 2473 omni
372 2425 775 2494 laterelambens,
816 2425 1010 2490 liquans
1049 2434 1196 2490 atque
1236 2442 1542 2488 eonsumem,
1585 2427 1770 2491 aliquid
1799 2443 1916 2477 sane
1954 2428 2145 2492 proficit
2183 2426 2360 2475 adde-

107 2497 383 2564 pellendam
421 2497 655 2557 hiemem,
697 2505 856 2547 tamen
897 2499 1057 2548 adhuc
1093 2500 1352 2562 supersunt
1390 2503 1525 2550 venti
1564 2502 1725 2565 frigidi
1769 2516 1826 2549 ex
1865 2501 2184 2562 circumjectis
2222 2500 2392 2559 locis„

0 2586 25 2624 χ
100 2569 245 2619 solari
288 2572 459 2618 tractui
501 2571 818 2635 vicinis-(ubi
843 2575 915 2619 vis
955 2572 1129 2635 glaciei
1170 2573 1362 2637 maior),
1402 2576 1657 2637 spir-antee,
1699 2576 1778 2637 qui
1821 2574 1914 2623 hoc
1952 2575 2193 2622 aestivum
2233 2572 2360 2620 Solis

0 3758 2 3763 ,
16 3707 20 3765 ἰ

17 3791 23 3880 l

105 2658 228 2705 opus
268 2657 363 2690 non
403 2657 572 2705 parum
612 2644 879 2706 impediunt
919 2647 1110 2708 quoties
1148 2647 1366 2708 perflant.

249 2716 420 2778 Itaque
459 2722 514 2764 nt
551 2719 860 2765 summariam
900 2718 1144 2780 quandam
1184 2722 1595 2781 comparationem
1638 2721 1976 2769 instituamus:
2020 2721 2066 2765 in
2107 2733 2231 2766 zona
2257 2723 2358 2766 tor-

99 2788 207 2838 rida
246 2796 409 2837 aestas
447 2788 747 2857 dominatur,
789 2793 834 2836 in
875 2791 1061 2853 frigidis
1102 2791 1255 2840 hiems
1294 2807 1445 2855 prope
1486 2794 1745 2853 continua,
1795 2795 1842 2840 in
1883 2793 2164 2855 temperatis
2203 2799 2358 2854 quae-

102 2861 212 2910 dam
250 2864 503 2924 ‘utriusque
543 2869 618 2910 est
656 2863 958 2924 vicissitudO,
999 2864 1274 2927 aequabilis
1313 2867 1359 2912 in
1400 2864 1577 2927 medio,
1620 2865 1681 2915 ad
1720 2867 1874 2914 latera
1917 2866 2062 2914 vincit
2087 2865 2359 2928 proprietas

28 2983 37 2990 ,
102 2949 253 2983 zonae
295 2936 483 2983 vicinae
527 2935 723 2984 tributa.

224 3000 227 3004 ’
253 3007 423 3071 Quam
450 3008 715 3056 observant
741 3011 1019 3057 astronomi
1057 3009 1396 3072 differentiam
1431 3010 1739 3059 umbrarum
1776 3012 1908 3058 inter
1934 3009 2128 3058 zonas?
2164 3010 2385 3059 Incolas‘

102 3080 308 3129 torridae
335 3094 488 3130 zonae
514 3081 736 3128 dictitant
761 3078 1033 3144 ἀμφίσκιης,
1074 3082 1353 3145 frigidarum
1383 3100 1634 3145 περισκικς,
1662 3088 2037 3144 temperatarum
2064 3079 2357 3148 stspoomegz

105 3152 189 3201 ubi
226 3154 467 3216 particula
506 3151 630 3215 ἀμᾳι
668 3152 798 3201 valet
829 3153 955 3201 idem
995 3154 1127 3216 quod
1164 3155 1211 3202 in
1242 3169 1362 3203 voce
1401 3152 1696 3220 ἀμφιδεξιος.
1771 3155 1897 3203 Nam
1936 3157 1982 3202 in
2023 3159 2147 3203 zona.
2175 3155 2358 3204 torrida

102 3224 283 3274 habent
309 3227 527 3274 umbram
555 3233 823 3288 utramque,
853 3225 944 3274 hoc
973 3232 1046 3275 est
1067 3227 1282 3275 dextram
1310 3234 1356 3275 ct
1381 3223 1639 3286 sinistram,
1669 3228 1738 3275 sic
1764 3227 2100 3277 denominatas
2126 3244 2155 3277 a
2182 3230 2356 3293 plagi8‚

102 3299 149 3346 in
188 3313 310 3362 quas
347 3301 531 3348 moveri
574 3305 844 3347 cernuntur.
922 3297 1030 3346 Hoc
1070 3299 1175 3346 vult
1214 3299 1440 3348 Lucanus
1480 3306 1640 3361 poeta,
1682 3313 1791 3349 cum
1830 3304 1960 3350 canit

125 3376 129 3381 '
416 3381 422 3386 ·
486 3431 489 3433 ‚
537 3372 775 3434 Iynotum
816 3371 950 3419 vobis
989 3372 1178 3420 Arabes
1219 3374 1417 3421 venistis
1454 3374 1510 3419 in
1548 3372 1716 3422 orbem

327 3492 331 3498 ,
549 3444 760 3492 Umbras
798 3446 975 3491 mirati
1011 3459 1278 3492 nemorum
1315 3459 1421 3493 non
1457 3447 1531 3493 ire
1567 3449 1811 3494 sinistras.

248 3515 434 3565 Arabia
473 3520 598 3566 enim
638 3517 752 3565 felix
793 3519 886 3564 sita
927 3523 999 3564 est
1039 3517 1083 3563 in
1123 3531 1248 3565 zona
1287 3516 1492 3578 torrida,
1552 3519 1632 3567 ubi
1672 3514 1757 3567 So'l
1795 3534 1890 3568 non
1932 3525 2117 3569 tautum
2157 3522 2204 3567 in
2243 3536 2357 3583 sep-

54 3633 60 3639 .
104 3582 388 3656 tentrionem
427 3591 621 3653 projicit
658 3591 853 3637 umbras
893 3592 937 3636 in
978 3588 1186 3637 solstitio
1228 3589 1449 3650 brumali,
1490 3590 1575 3639 sed
1616 3593 1759 3642 etiam
1802 3595 1848 3640 in
1877 3599 2109 3653 austrum,
2151 3595 2197 3640 in
2238 3608 2356 3642 con-

104 3662 248 3709 trario
287 3662 509 3719 solstitio.
565 3663 707 3711 -Cum
748 3665 895 3724 igitur
935 3663 1104 3710 umbra
1142 3668 1311 3725 pergat
1351 3662 1476 3712 viam
1505 3664 1607 3713 Soli
1647 3667 1950 3726 contrariam,
1992 3665 2106 3715 Sole
2134 3682 2202 3714 sc.
2247 3681 2354 3713 ver-

107 3745 190 3779 sus
230 3738 463 3796 'occasum
514 3742 765 3799 promot0,
821 3738 927 3798 ipsa
968 3733 1136 3782 tendat
1174 3733 1235 3782 ad
1290 3741 1473 3784 ortum:
1531 3751 1645 3799 crgo
1685 3741 1922 3801 spectanti
1962 3753 2101 3786 suam
2139 3738 2358 3786 umbram

107 3808 493 3872 septentrionalis
551 3808 744 3871 quidem
804 3808 1046 3856 videbitur
1105 3821 1273 3855 versus
1330 3808 1544 3857 dextram
1601 3825 1825 3873 pergere,
1889 3811 2032 3874 plane
2088 3817 2140 3858 ut
2195 3810 2353 3871 nobiS‚

108 3878 332 3929 australis
380 3894 495 3931 vero
544 3895 711 3933 versus
764 3883 1029 3941 sinistram,
1082 3894 1179 3942 qua
1235 3881 1402 3931 umbra
1453 3896 1540 3932 nos
1597 3896 1828 3934 caremus,
1925 3883 2047 3933 Nam
2107 3898 2164 3931 cx
2220 3885 2355 3931 zonis
