2554 4140
646 142 786 189 Liber
816 140 1063 190 Secundus.
1122 141 1194 187 De
1223 139 1428 199 Sphaera
1457 142 1503 185 ει
1532 135 1712 184 circulis
1743 135 1855 193 ejus.
2268 103 2373 184 18²1

130 295 314 356 multa,
361 298 462 342 tam
499 293 563 342 ob
602 292 854 342 oculorum
890 291 1250 342 multitudinem
1294 303 1382 354 per
1427 299 1618 337 omnem
1655 286 1863 336 Telluris
1904 283 2169 343 ambitum,
2223 293 2378 343 quam·

127 373 324 433 propter
359 365 578 416 diversos
614 367 736 415 situs
762 364 973 415 Telluris
1008 367 1057 413 in
1094 365 1307 416 maximo
1347 359 1526 412 circulo
1565 362 1692 410 eirca
1717 359 1897 419 Solem,
1937 357 1997 407 de
2027 369 2123 420 quo
2161 356 2211 402 in
2250 352 2372 403 doc-

129 443 255 490 trina
290 439 528 489 theorica:
573 445 736 488 tamen
774 440 930 488 omnis
966 437 1054 488 illa
1091 443 1363 488 centrorum
1399 449 1487 485 seu
1513 432 1775 483 oculorum
1807 431 2053 492 distantia,
2092 427 2275 478 collata
2310 424 2375 476 ad

128 511 499 576 amplitudinem
535 512 773 577 sphaerae
809 512 1040 574 fixarum,
1078 512 1275 576 penitus
1312 508 1578 560 evanescit.

275 586 411 648 Quot
444 593 566 635 sunt
602 586 780 635 circuli
815 586 1060 648 sphaerae
1094 582 1413 634 materialis?
1485 578 1743 630 Ordinatio
1763 600 1768 617 ι
1790 576 1972 627 decem.
2053 574 2101 641 1)
2138 573 2369 623 Horizon.

127 655 178 723 2)
201 657 516 708 Meridianus.
584 656 635 724 3)
671 659 1073 721 AequinoctialiS.
1138 655 1191 724 4)
1224 655 1485 707 zodiacus.
1552 653 1597 706 5.
1620 649 1671 722 6)
1697 652 1809 701 Duo
1835 649 2024 716 tropici.
2094 650 2141 696 7.
2170 643 2220 714 8)
2259 645 2372 694 Duo

124 728 331 794 polares.
410 733 457 783 9.
501 728 586 798 10)
623 732 738 782 Duo
777 727 945 782 coluri.

1070 847 1112 897 Ῑ.
1151 847 1437 898 Horizon.

275 950 399 1014 Quis
435 965 615 1000 eorum
647 952 851 1013 primus
885 950 992 999 est?
1062 949 1280 999 Horizon
1318 962 1407 998 seu
1423 947 1600 1009 finitor,
1640 948 1756 1010 quia
1789 946 2149 1011 simplicissima
2172 947 2373 1008 ratione,

131 1023 239 1074 solo
275 1039 450 1087 nempe
487 1024 599 1072 visu
636 1029 685 1072 et
721 1025 882 1072 visum
919 1028 1089 1072 secuta
1124 1022 1497 1072 ratiocinatione
1535 1021 1858 1071 constituitur.

281 1097 420 1146 Unde
454 1111 641 1146 nomen
678 1103 748 1145 est
781 1096 1071 1146 horizonti?
1144 1095 1331 1146 Graece
1369 1091 1566 1161 ὁριζων,
1612 1093 1762 1144 latine
1799 1093 1962 1142 finitor
2000 1091 2195 1155 dicitur,
2244 1090 2386 1156 quod.

125 1171 365 1220 visionem
405 1172 629 1220 terminet
666 1184 753 1219 seu
791 1169 944 1231 finiat,
985 1168 1209 1219 dividens
1245 1174 1434 1233 partem
1470 1166 1637 1217 mundi
1674 1169 1972 1233 superiorem
2011 1165 2375 1231 et·aspectabi-

123 1243 219 1293 lem
255 1243 319 1293 ab
359 1243 581 1293 inferiore
618 1257 716 1291 non
753 1243 1040 1306 conspicua,
1079 1244 1151 1292 sic
1188 1248 1244 1292 ut
1280 1244 1530 1306 superiora
1557 1242 1721 1291 omnia
1756 1254 1913 1304 usque
1951 1239 2015 1289 ad
2048 1239 2175 1289 hanc
2196 1245 2375 1288 metam

127 1331 215 1365 seu
251 1313 371 1380 ὅρον
408 1315 563 1365 videri
599 1317 813 1379 possint,
853 1322 905 1365 at
941 1330 1069 1379 quae
1106 1316 1230 1365 infra
1267 1315 1404 1364 illam
1441 1315 1736 1375 consistunt,
1770 1314 1877 1377 jam
1912 1328 2009 1362 non
2049 1313 2259 1378 amplius
2295 1313 2375 1361 vi-

125 1389 352 1451 deantur,
410 1395 460 1438 ct
496 1387 641 1438 stella
676 1389 893 1439 incidens
930 1390 980 1438 in
1017 1389 1146 1438 hunc
1184 1389 1418 1439 circulum
1462 1387 1545 1437 vel
1582 1387 1737 1438 videri
1773 1388 1977 1451 incipiat
2013 1385 2243 1448 oriundo,
2296 1386 2375 1436 vel

125 1461 315 1513 desinat
351 1461 629 1512 occidendo.

271 1536 409 1600 Quid
426 1538 586 1599 iqitur
622 1535 686 1585 de
708 1535 902 1584 mundo
926 1541 1336 1598 repraesentatur
1364 1550 1461 1598 per
1484 1534 1734 1584 circulum
1757 1535 2065 1584 horizontem
2093 1533 2374 1596 sphaerae?

124 1608 272 1659 Nulla
309 1616 444 1659 certa
479 1615 528 1659 et
564 1613 792 1658 constans
829 1608 997 1658 mundi
1033 1624 1174 1673 pars,
1216 1608 1305 1658 sed
1341 1608 1523 1658 limbus
1559 1607 1643 1657 ille
1682 1608 1804 1658 coeli
1842 1609 1892 1655 in
1933 1620 2224 1671 quocunque
2264 1607 2371 1671 ejus

123 1684 236 1742 situ,
275 1683 325 1731 in
363 1697 508 1745 quem
545 1682 748 1731 limbum
787 1681 964 1731 desinit
1000 1682 1299 1747 aspectabile
1336 1681 1765 1748 hemisphaerium,
1819 1680 1869 1730 id
1906 1686 1981 1731 εει
2026 1683 2074 1729 in
2114 1695 2259 1744 quem
2295 1682 2374 1728 in-

14 1779 33 1801 »
125 1756 293 1805 cidunt
331 1770 499 1805 omnes
533 1754 693 1805 lineae
729 1762 893 1804 rectae
932 1770 992 1804 ex
1030 1756 1173 1805 oculo
1210 1756 1498 1820 spectatoris
1536 1756 1584 1803 in
1621 1760 1784 1818 partes
1822 1754 2019 1804 ultimas
2057 1754 2372 1817 aspectabilis

123 1829 259 1892 globi
298 1829 523 1888 Telluris,
564 1834 685 1892 puta
721 1829 770 1875 in
809 1828 1045 1877 montium
1085 1831 1339 1879 cacumina
1375 1830 1620 1892 marisque
1658 1833 1894 1877 tumorem
1931 1828 2151 1878 eductae.

268 1901 452 1950 Stellae
486 1916 594 1950 non
629 1907 750 1950 sunt
785 1904 842 1950 in
878 1901 1052 1950 eadem
1088 1903 1350 1966 superficie
1384 1904 1650 1965 sphaerica
1658 1919 1678 1963 ,·
1716 1904 1962 1951 terminus
1986 1903 2146 1965 iyitur
2183 1915 2373 1962 eorum,

123 1989 256 2039 quae
290 1975 538 2037 videntur,
576 1989 683 2024 non
718 1980 790 2023 est
823 1977 981 2024 unius
1016 1976 1296 2039 superficiei
1331 1977 1529 2037 limbus,
1567 1975 1652 2024 sed
1687 1981 1755 2023 est
1788 1975 2070 2038 superficies
2097 1975 2280 2038 plana,
2319 1977 2377 2023 in

120 2047 527 2112 profunditatem
574 2048 758 2096 mundi
805 2057 1076 2098 excurrens
1123 2049 1186 2098 ab
1233 2050 1390 2099 oculo.
1468 2047 1754 2113 Repetenda
1791 2054 1865 2097 est
1915 2049 2046 2112 prior
2094 2049 2375 2112 responsi03

124 2123 214 2171 etsi
267 2122 396 2171 euim
433 2136 601 2171 verum
640 2126 736 2182 εει,
788 2122 956 2171 stellas
993 2136 1091 2171 non
1130 2137 1238 2172 εεεε
1288 2124 1339 2171 in
1389 2121 1561 2173 eadem
1605 2121 1860 2186 sphaerica
1908 2121 2190 2187 superficie,
2239 2123 2375 2170 visus

124 2200 287 2244 tamen
326 2194 438 2243 illas
476 2208 643 2244 omnes
681 2195 732 2242 in
770 2194 940 2246 eadem
978 2195 1235 2259 sphaerica
1272 2195 1525 2261 superficie
1577 2197 1842 2246 consistere
1885 2197 2208 2260 imaginatur,
2261 2196 2378 2259 quia

123 2269 173 2315 in
210 2266 309 2316 illis
348 2268 659 2331 corporibus,
700 2282 828 2331 quae
866 2274 980 2318 sunt
1020 2269 1147 2318 ultra
1182 2276 1374 2327 montes
1414 2275 1680 2330 extremos,
1719 2270 1856 2318 visus
1895 2275 2026 2319 caret
2079 2267 2377 2321 adminiculo

122 2339 452 2403 distinguendi
488 2342 613 2390 inter
649 2343 924 2406 propinqua
961 2347 1012 2392 ει
1046 2349 1250 2392 remota.
1325 2342 1546 2406 Sphaera
1581 2348 1747 2392 autem
1774 2342 2040 2393 materialis
2079 2349 2154 2393 εει
2192 2342 2379 2406 effigies

121 2415 488 2476 imaginationis
526 2416 753 2464 visoriae.
828 2415 892 2463 Et
914 2415 1116 2465 horizon
1155 2418 1304 2479 igitur
1328 2416 1712 2481 repraesentabit
1746 2417 2003 2466 terminum
2030 2431 2212 2479 eorum,
2251 2430 2380 2480 quae

129 2487 380 2552 videntur,
419 2493 663 2550 quatenus
700 2487 839 2536 illum
877 2490 1015 2538 visus
1054 2489 1150 2538 sibi
1187 2491 1481 2553 imaginatur
1516 2496 1572 2540 ut
1607 2489 1812 2552 lineam,
1855 2505 1953 2540 non
1991 2496 2184 2553 curato,
2225 2504 2379 2554 quae-

120 2575 236 2610 nam
272 2574 349 2610 res
388 2562 496 2610 visa
533 2562 594 2608 sit
633 2561 776 2610 oculo
816 2563 1014 2626 propior
1052 2568 1138 2612 aut
1174 2563 1239 2612 ab
1276 2563 1363 2612 illo
1399 2565 1643 2615 remotior.

268 2633 442 2683 Proba
477 2633 788 2683 horizontem
825 2650 923 2684 esse
959 2636 1224 2687 circulum.
1301 2635 1462 2699 Quum
1501 2635 1669 2701 aliqua
1705 2636 1941 2701 sphaerae
1977 2637 2258 2701 superficies
2295 2651 2378 2687 se-

128 2711 265 2756 catur
299 2706 465 2770 plano‚
504 2707 661 2756 sectio
698 2707 754 2756 fit
772 2708 995 2759 circulus.
1073 2707 1190 2758 Jam
1227 2709 1384 2773 figura
1421 2710 1587 2759 mundi
1624 2712 1812 2760 ratione
1850 2702 2054 2760 visionis
2094 2715 2168 2760 est
2204 2725 2377 2774 super-

127 2779 260 2829 ficies
297 2780 568 2843 sphaerica,
607 2779 807 2830 horizon
846 2796 963 2831 vero
1000 2781 1276 2832 mundanus
1316 2785 1586 2849 concipitur
1621 2790 1676 2832 ut
1701 2783 1945 2846 planities,
1985 2797 2157 2834 secans
2196 2784 2377 2848 sphae-

126 2867 258 2915 ram,
299 2855 409 2902 visu
447 2853 646 2916 quidem
676 2853 873 2916 judice,
911 2861 968 2904 ut
1004 2855 1143 2904 initio
1182 2855 1389 2918 dictum,
1431 2863 1505 2907 εει
1540 2870 1656 2920 ergo
1695 2857 1916 2906 circulus

266 2927 336 2975 At
365 2932 658 2989 prospectus
694 2927 799 2988 ille,
854 2930 992 2976 visus
1029 2932 1304 2990 terminus,
1352 2945 1458 2978 non
1496 2936 1564 2978 est
1607 2931 1860 2994 perfectus
1896 2930 2139 2991 circulus,
2190 2930 2275 2980 sed
2310 2937 2379 2980 est

25 2980 28 3030 ἶ
123 2998 305 3050 limbus
348 3000 623 3064 flexuosus,
681 3014 777 3061 per
825 3003 1141 3051 summitates
1188 3008 1529 3052 extremorum
1573 3005 1824 3052 montium
1875 3003 2128 3065 incedens,
2187 3007 2375 3068 quippe

27 3079 30 3158 3i
122 3086 227 3122 non
274 3072 495 3133 ejusdem
541 3078 663 3121 sunt
711 3073 1010 3123 altitudinis.
1088 3074 1279 3124 Lineae
1315 3090 1435 3125 vero
1475 3078 1686 3124 visoriae
1730 3090 1826 3138 per
1863 3076 1977 3124 illas
2015 3077 2221 3126 eductae
2269 3093 2376 3128 non

127 3144 438 3195 ordinantur
472 3148 530 3193 in
567 3145 740 3194 eadem
776 3146 1005 3209 planitie.
1081 3147 1138 3196 Id
1177 3147 1373 3210 quidem
1412 3161 1579 3197 verum
1619 3140 1706 3197 εει.
1784 3147 1911 3211 Quia
1937 3155 2099 3199 tamen
2136 3152 2374 3214 inaequa-

29 3230 32 3289 ᾗ
126 3217 187 3268 lis
231 3218 356 3268 haec
392 3217 600 3267 altitudo
641 3220 876 3267 montium
930 3219 1041 3268 aliis
1079 3220 1201 3270 locis
1240 3226 1316 3270 est
1365 3220 1487 3277 alia,
1542 3220 1833 3283 quibusdam
1873 3236 1988 3272 vero
2034 3222 2180 3285 locis,
2234 3231 2289 3272 ut
2326 3227 2375 3273 in

125 3290 284 3341 medio
322 3305 523 3352 oceano,
564 3290 726 3351 nulla,
765 3294 889 3340 ratio
927 3293 1097 3354 suasit,
1151 3295 1416 3356 exprimere
1454 3293 1665 3343 medium
1704 3294 1891 3358 aliquid
1929 3297 1978 3343 in
2017 3297 2178 3361 effigie
2217 3303 2374 3348 mate-

33 3420 35 3429 Α
124 3362 258 3424 ridi,
309 3364 372 3415 ad
410 3364 542 3428 quod
581 3370 974 3429 compararentur
1023 3371 1186 3428 partes
1222 3365 1414 3427 mundi,
1466 3381 1592 3430 quae
1644 3367 1724 3417 vel
1762 3369 2074 3432 extuberant‚
2129 3370 2211 3420 vel
2249 3372 2371 3421 sub-

126 3435 416 3574 ulduntihoe
452 3511 570 3560 hinc
606 3513 774 3561 oritur
821 3510 1072 3561 distinctio
1107 3511 1464 3562 horizontum?
1532 3511 1750 3565 Horizon
1799 3515 1879 3565 vel
1919 3521 1993 3566 est
2031 3515 2241 3566 visibilis
2293 3517 2373 3568 vel

35 3550 38 3567 2

8 3573 11 3578 ’
36 3602 39 3617 =
126 3584 389 3633 rationalis.

279 3656 416 3721 Quid
451 3663 519 3706 est
555 3658 769 3708 horizon
806 3656 1047 3706 visibilis?
1119 3656 1178 3705 In
1213 3658 1509 3723 geographia
1559 3661 1767 3711 visibilis
1803 3661 2004 3711 horizon
2043 3663 2247 3712 sumitur
2283 3677 2369 3727 pro

134 3732 271 3777 tanta
305 3730 577 3793 superficiei
616 3737 833 3780 terrenae
877 3732 1099 3794 portione
1139 3743 1226 3779 seu
1262 3733 1487 3794 regione,
1541 3741 1727 3797 quanta
1771 3736 1917 3785 unica
1954 3738 2198 3786 rotatione
2249 3748 2370 3786 ocu-

10 3793 44 3844 «l
130 3799 285 3848 lorum
318 3803 461 3852 simul
498 3805 548 3851 in
586 3810 896 3866 conspectum
934 3805 1083 3863 venit,
1125 3817 1252 3866 quae
1289 3812 1500 3869 angusta
1539 3813 1638 3868 est,
1677 3801 1719 3856 si
1759 3807 1930 3858 oculus
1968 3810 2016 3857 in
2038 3809 2169 3858 valle
2207 3808 2366 3871 fuerit,

7 3888 20 3916 ὁ
41 3866 44 3890 9

131 3870 296 3936 latior,
344 3876 387 3925 si
423 3877 474 3926 in
511 3875 747 3927 altissimo
786 3877 953 3941 aliquo
992 3882 1182 3940 monte,
1234 3877 1346 3931 vide
1383 3878 1464 3930 sol.
1512 3880 1629 3932 130.
1669 3879 1927 3945 tabellam
1979 3881 2137 3947 qualis
2169 3880 2365 3949 quidem
