2554 4140
134 115 240 163 '100
906 113 1181 159 Tabularum
1210 114 1602 172 Rudolphinarum

131 259 208 308 De
247 263 404 308 cetero
444 259 657 308 calculus
695 260 946 325 eclipsium
984 260 1250 310 altitudinis
1289 261 1483 324 quidem
1521 262 1760 325 parallaxi
1807 263 1887 312 hic
1925 276 2021 310 non
2060 262 2271 326 indiget,
2325 267 2379 311 ut

131 334 181 380 in
219 334 387 380 ceteris
426 331 621 380 tabulis.
1881 361 1886 364 <

272 403 478 453 Praec.
525 406 652 454 133:
709 405 994 455 Parallaxes
1044 406 1361 470 longitudinis
1411 412 1458 455 et
1494 406 1763 456 latitudinis
1803 408 2070 458 discernere
2117 408 2378 471 locumque

131 475 372 524 visibilem
412 491 497 540 per
536 480 618 526 eas
659 477 1005 540 determinare,
1044 485 1144 528 tam
1183 480 1332 528 centri
1372 494 1519 542 quam
1556 482 1844 542 marginum.

254 548 486 598 -Primum
506 551 635 598 sitin
655 559 847 613 promtu
865 551 1126 615 parallaxis
1151 552 1494 614 horizontalis3
1535 551 1707 600 deinde
1731 553 1826 602 loci
1852 552 1981 602 Solis
2000 554 2221 602 ascensio
2245 558 2389 602 recta

127 625 322 682 petatur
356 626 422 670 'ex
458 637 550 672 sua
586 623 756 672 tabula
794 638 891 673 una
929 639 1038 674 cum
1079 624 1430 686 declinatione,
1483 631 1663 688 puncto
1703 625 1956 688 eclipticae
1995 626 2291 676 culminante
2332 631 2382 673 et

132 693 310 755 angulo
350 695 456 756 ejus
495 710 604 744 cum
644 696 909 745 meridiano
949 697 1370 760 respondentibus,
1432 697 1572 746 Tunc
1609 697 1757 746 horae
1796 703 1846 745 et
1869 699 2059 747 minuta
2094 706 2206 762 post
2231 700 2379 747 meri-

131 764 258 812 diem
297 766 533 829 cujus‘que
570 768 682 830 loci,
722 785 847 831 quae
888 776 1232 833 proponuntur,
1273 784 1509 819 conversa
1545 772 1594 817 in
1630 769 1810 832 gradus
1835 772 2114 832 aequatoris
2141 771 2384 820 addantur

129 841 401 888 ascensioni
437 846 597 890 rectae
624 842 768 903 Solis,
811 850 862 890 ut
901 845 1166 891 constituta
1203 845 1267 890 sit
1302 857 1401 892 asc.
1440 849 1574 891 recta
1597 842 1745 891 medii
1772 841 1911 891 coeli.
1977 841 2165 904 Quodsi
2187 850 2380 907 tempus

131 911 337 973 aequale
376 914 452 973 sit,
493 913 542 961 id
582 915 960 964 convertendum
999 917 1088 964 erit
1126 918 1174 962 in
1213 930 1466 980 apparenS,
1509 915 1641 978 quod
1681 913 2161 978 compendiosissime
2198 917 2252 965 fit
2290 916 2382 965 ad-

126 985 340 1047 jectione
387 985 466 1034 vel
504 988 831 1036 subtractione
870 989 931 1036 ab
974 1003 1071 1037 asc.
1111 995 1244 1038 recta
1295 987 1442 1038 medii
1482 990 1606 1037 coeli
1653 990 1860 1051 partium
1901 990 2206 1050 aequationis
2257 994 2384 1038 tem-

130 1058 277 1121 poris,
317 1071 439 1120 quas
479 1060 674 1109 exhibet
712 1060 894 1109 tabula.
962 1060 1148 1123 Quodsi
1180 1066 1293 1109 sunt
1330 1061 1391 1109 ad
1431 1076 1603 1110 manus
1630 1061 1851 1110 Tabulae
1878 1060 2172 1110 Directionis
2199 1060 2386 1124 Regio-

129 1132 362 1190 montani,
405 1134 716 1182 continuatae
756 1149 785 1181 a
823 1133 1112 1195 ReinholdO,
1155 1134 1235 1183 vel
1274 1133 1498 1183 Tabulae
1539 1135 1688 1182 Primi
1725 1133 1926 1182 Mobilis
1950 1132 2154 1197 Magini,
2197 1133 2388 1184 delecta

134 1218 192 1251 ex
229 1204 288 1251 iis
327 1203 581 1254 altitudine
618 1207 735 1270 poli,
777 1221 902 1269 quae
943 1214 1016 1256 est
1052 1207 1160 1256 loco
1188 1209 1453 1271 proposito,
1493 1206 1784 1269 adjiciantur
1811 1205 1874 1255 ad
1899 1222 2002 1255 asc.
2027 1212 2210 1256 rectam
2234 1206 2384 1256 medii

134 1275 257 1324 coeli
282 1281 500 1340 tempora
517 1275 635 1341 90⁰3
662 1294 788 1342 quae
813 1282 884 1328 sic
911 1280 1146 1329 conflatur
1164 1283 1384 1330 ascensio
1407 1279 1607 1342 obliqua
1633 1279 1907 1342 horoscopi,
1938 1287 2165 1342 excerpat
2184 1280 2390 1343 gradum

133 1350 379 1398 orientem.
436 1350 533 1399 Hic
571 1366 711 1415 porro
751 1354 993 1401 immissus
1019 1355 1065 1400 in
1092 1354 1310 1403 tabulam
1334 1368 1472 1402 suam
1512 1360 1560 1401 et
1586 1355 1836 1415 quaesitus
1870 1355 1919 1400 iu
1944 1354 2258 1415 marginibus,
2298 1354 2388 1402 sub

132 1420 213 1469 filo
255 1421 398 1470 datae
437 1423 520 1489 alt.
562 1424 682 1488 poli,
736 1428 783 1472 in
822 1426 978 1475 fronte
1026 1433 1075 1474 et
1112 1426 1243 1475 calce
1295 1428 1576 1489 quaesitae,
1630 1425 1853 1490 ostendet
1899 1425 2132 1487 angulum
2171 1427 2386 1475 orientis.

280 1492 375 1555 Qui
415 1510 528 1544 vero
569 1504 700 1546 caret
736 1498 810 1545 his
850 1499 1002 1563 libris,
1041 1500 1081 1547 is
1108 1505 1320 1548 recurrat
1345 1499 1406 1548 ad
1434 1505 1579 1562 caput
1604 1498 1748 1547 XIV.
1774 1498 1946 1546 horum
1963 1501 2025 1557 (v.
2039 1505 2157 1545 s.fol.
2174 1505 2256 1545 677
2274 1501 2387 1559 ss.);

133 1567 199 1614 ibi
239 1566 408 1616 modos
437 1568 625 1632 aliquot
647 1572 862 1620 inveniet
901 1571 1165 1634 indagandi
1190 1587 1276 1636 per
1301 1573 1378 1621 hic
1406 1571 1521 1620 data
1558 1571 1724 1634 anguli
1753 1573 1967 1620 orientis.
2037 1568 2170 1618 Unus
2210 1585 2378 1619 eorum

133 1640 202 1687 sic
241 1639 405 1700 habet,
449 1649 501 1690 ut
540 1642 911 1693 declinationem
951 1645 1271 1707 culminantis,
1311 1647 1352 1692 si
1389 1644 1780 1707 septentrionalis
1827 1650 1922 1704 est,
1965 1642 2157 1692 auferas
2199 1644 2260 1691 ab
2301 1644 2386 1691 alt.

131 1711 245 1775 poli,
290 1714 330 1760 si
371 1714 714 1777 meridionalis,
754 1716 921 1778 addas,
962 1723 1016 1766 ut
1053 1718 1237 1768 habeas
1263 1717 1545 1767 distantiam
1584 1716 1893 1767 culminantis
1920 1731 1950 1765 a
1976 1717 2171 1765 vertice.
2247 1716 2390 1765 -Tunc

134 1790 260 1833 enim
279 1785 581 1850 logarithmis
602 1787 765 1855 (hujus
794 1797 840 1839 et
859 1790 1023 1854 anguli
1045 1793 1280 1854 excerpti)
1305 1791 1591 1853 conjunctis,
1618 1806 1807 1839 summa
1832 1796 1885 1838 ut
1912 1788 2113 1852 antilog.
2141 1789 2392 1839 exhibebit

132 1857 364 1921 angulum
390 1862 605 1927 orientiS‚
643 1878 729 1925 per
755 1878 898 1925 quem
928 1863 1101 1914 deinde
1128 1867 1273 1913 etiam
1300 1871 1534 1928 punctum
1558 1865 1715 1928 ipsum
1744 1864 1903 1912 oriens
1930 1877 2016 1912 seu
2044 1864 2388 1926 nonagesimus

134 1932 194 1979 ab
237 1946 293 1980 eo
332 1933 487 1995 gradu
527 1935 834 1998 indagandus
861 1943 949 1987 est.
1015 1937 1198 2000 Anguli
1223 1939 1421 1987 orientis
1455 1937 1559 2000 jam
1585 1936 1878 1999 logarithmo
1905 1936 2071 1987 ablato
2097 1936 2160 1984 ab
2184 1934 2385 1998 antilog.

135 2004 394 2055 distantiae
434 2008 739 2057 culminantis
766 2025 796 2058 a
823 2011 1015 2070 vertice,
1053 2017 1206 2060 restat
1229 2011 1431 2073 antilog.
1460 2024 1600 2059 arcus
1625 2011 1749 2059 inter
1774 2010 2141 2072 nonagesimum
2167 2015 2215 2058 et
2239 2010 2386 2058 meri-

135 2077 358 2141 dianum3
399 2081 482 2142 qui
523 2096 662 2131 arcus
703 2098 732 2131 a
766 2083 1034 2132 meridiano
1073 2086 1230 2147 vergit
1258 2086 1306 2132 in
1342 2095 1502 2147 partes
1541 2084 1803 2132 contrarias
1833 2088 2010 2147 puncto
2039 2081 2388 2144 aequinoctiali

134 2152 311 2200 vicino.
376 2153 512 2203 Alter
549 2154 721 2203 modus
749 2158 898 2204 utitur
934 2158 1177 2219 positione
1215 2157 1382 2219 anguli
1410 2157 1608 2205 orientis
1647 2162 1700 2203 ut
1726 2156 1829 2204 noti
1866 2161 1914 2204 et
1939 2153 2194 2203 altitudine
2221 2155 2387 2218 puncti

136 2223 456 2287 culminantis,
499 2241 626 2289 quae
666 2234 739 2276 est
778 2229 882 2290 ejus
922 2244 952 2277 a
990 2231 1170 2277 vertice
1210 2229 1468 2278 distantiae
1508 2227 1911 2292 complementum
1950 2227 2012 2276 ad
2041 2226 2386 2290 'quadi-antem.

278 2297 367 2346 Est
403 2305 451 2347 et
488 2301 657 2349 tertius
696 2300 868 2352 modus
909 2304 1066 2364 capite
1093 2302 1235 2361 XIV.
1302 2302 1509 2364 Cognito
1537 2303 1853 2364 nonagesimo
1893 2300 1972 2350 vel
2010 2315 2095 2364 per
2120 2315 2173 2349 se
2210 2300 2290 2350 vel
2329 2315 2389 2349 ex

134 2368 289 2431 gradu
327 2373 525 2432 oriente,
564 2376 828 2423 numeratis
854 2375 902 2422 in
927 2380 1091 2424 nostro
1118 2374 1474 2437 hemisphaerio
1505 2373 1598 2425 90ο
1634 2389 1723 2422 seu
1750 2375 1780 2422 3
1807 2375 1959 2436 signis
1983 2379 2125 2433 retr0,
2165 2388 2391 2436 compara

137 2456 244 2489 cum
284 2457 340 2491 eo
379 2445 539 2494 locum
571 2445 740 2495 Lunae
780 2462 946 2495 verum
985 2449 1032 2494 in
1073 2448 1310 2511 ecliptica.
1376 2447 1500 2496 Nam
1538 2449 1579 2495 si
1616 2446 1756 2495 Luna
1795 2447 1937 2495 suerit
1975 2445 2059 2494 illo
2097 2445 2388 2506 orientalior,

134 2515 369 2578 parallaxi
407 2517 726 2581 propendebit
763 2521 812 2567 in
852 2526 1032 2581 ortum,
1073 2523 1115 2568 si
1154 2521 1500 2570 occidentalior
1536 2522 1586 2568 in
1626 2533 1868 2569 occasum.
1945 2519 2204 2568 Subtracto
2245 2521 2391 2582 igitur

134 2588 285 2637 altero
321 2590 382 2638 ab
409 2590 578 2651 alter0,
620 2591 876 2641 distantiae
902 2589 972 2659 ᾧ
1000 2594 1062 2642 ab
1089 2593 1173 2642 illo
1203 2593 1521 2656 logarithmus
1549 2593 1881 2642 subscribatur
1905 2590 2197 2656 legarithmo
2224 2591 2391 2654 anguli

137 2663 348 2723 orientis,
389 2678 474 2726 pro
499 2664 814 2728 longitudinis
839 2667 1092 2729 parallaxi,
1132 2681 1217 2729 pro
1247 2665 1517 2715 latitudinis
1559 2679 1674 2715 vero
1701 2667 1941 2714 scribatur
1967 2664 2391 2727 antilogarithmus

137 2734 302 2797 anguli
341 2738 551 2786 orientis.
630 2736 831 2802 UtrIque
881 2738 1073 2788 demum
1111 2739 1452 2789 subordinetur
1489 2738 1797 2802 parallaxeos
1836 2737 2002 2787 totalis
2054 2740 2099 2784 in
2140 2738 2391 2786 horizonte

135 2807 454 2869 logarithmus
503 2817 549 2858 et
600 2812 669 2860 sic
718 2826 804 2873 pro
844 2803 1149 2875 longitudine
1192 2815 1221 2862 3
1262 2812 1578 2875 logarithmos
1631 2813 1679 2859 in
1725 2826 1871 2859 unam
1917 2810 2083 2874 redige
2122 2825 2388 2873 summam3

138 2895 223 2942 pro
262 2880 518 2931 latitudine
558 2886 604 2931 2,
680 2882 790 2933 Hae
831 2884 956 2934 duae
994 2901 1239 2946 summae,
1281 2887 1532 2948 quaesitae
1570 2887 1692 2933 inter
1730 2883 2076 2947 logarithmos,
2128 2882 2392 2933 ostendunt

139 2953 437 3016 parallaxeS,
493 2955 576 3004 illa
615 2956 931 3019 longitudinis
945 2995 960 3019 ,
1014 2960 1110 3007 ista
1147 2958 1444 3013 latitudinis,
1497 2973 1701 3021 quarum
1738 2957 1825 3006 illa
1861 2956 2030 3006 addita
2065 2952 2306 3021 κωφῷ,
2349 2957 2390 3003 si

141 3027 386 3075 orientalis
426 3033 514 3092 est,
553 3045 583 3077 a
619 3032 935 3094 nonagesimo
973 3031 1182 3091 ademta,
1223 3034 1263 3079 si
1303 3030 1616 3080 occidentalis
1654 3036 1744 3090 est,
1784 3031 1878 3078 ista
1916 3028 2083 3078 addita
2122 3028 2205 3079 lat.
2248 3043 2390 3076 verae

143 3101 403 3155 austrinae,
444 3101 639 3150 ademta
664 3102 864 3162 boreali,
906 3106 1206 3152 constituunt
1228 3103 1471 3153 visibilem
1498 3100 1567 3169 Q
1594 3103 1755 3152 locum
1782 3102 2048 3151 secundum
2074 3101 2202 3163 long.
2232 3107 2280 3149 et
2304 3101 2389 3149 lat.

140 3170 246 3217 Nisi
289 3171 407 3220 forte
458 3173 541 3223 lat.
581 3171 650 3242 Q
690 3177 790 3224 bor.
830 3177 986 3224 minor
1022 3178 1165 3226 fuerit
1202 3179 1310 3239 ipsa
1348 3176 1586 3240 parallaxi
1623 3175 1909 3237 latitudinis,
1967 3181 2081 3223 tunc
2131 3175 2259 3221 enim
2305 3173 2391 3221 illa

142 3243 403 3292 auferenda
442 3252 516 3294 est
552 3248 614 3296 ab
653 3250 748 3297 ista
785 3250 1083 3313 restabitque
1120 3249 1328 3299 latitudo
1367 3250 1473 3299 visa
1512 3248 1737 3298 australis
1775 3247 1886 3296 loco
1924 3261 2068 3296 verae
2106 3245 2329 3295 borealis.

286 3315 441 3366 Haec·
473 3320 638 3382 itaque
683 3336 770 3384 pro
809 3321 919 3371 loco
959 3322 1141 3371 visibili
1194 3325 1342 3372 centri
1381 3319 1465 3388 Q.
1545 3320 1731 3383 Quodsi
1771 3335 1892 3383 opus
1933 3321 2021 3368 erit
2058 3317 2167 3366 loco
2209 3316 2390 3367 visibili

145 3390 501 3451 marginum,
542 3393 646 3454 ejus
685 3394 1044 3444 semidiameter
1082 3410 1322 3459 apparens
1361 3395 1528 3443 addita
1565 3393 1857 3456 longitudini
1884 3391 2033 3440 centri
2072 3397 2120 3439 et
2145 3390 2390 3439 latitudini

62 3499 65 3511 .
145 3463 395 3509 constituit
430 3461 589 3512 locum
627 3469 871 3529 marginis,
901 3468 1010 3516 ‘illic
1048 3469 1311 3528 orientalis,
1352 3467 1430 3515 hic
1456 3468 1631 3530 plagae
1658 3467 1776 3529 ejuS,
1819 3478 1962 3527 quam
1989 3462 2139 3512 habet
2165 3463 2388 3512 latitud0.

145 3533 404 3601 Subtracta
441 3549 556 3583 vero
594 3552 623 3585 a
661 3541 809 3586 centri
845 3539 1148 3603 longitudine
1187 3546 1235 3590 et
1269 3539 1528 3589 latitudine
1562 3539 1747 3602 maj0ri,
1788 3537 2036 3586 constituit
2060 3535 2221 3585 locum
2260 3550 2389 3584 mar-

145 3607 292 3668 ginis,
343 3607 444 3654 illic
483 3607 822 3672 occidentalis,
875 3613 954 3661 hic
991 3613 1167 3676 plagae
1208 3614 1498 3674 contrariae,
1541 3627 1684 3674 quam
1726 3613 1798 3659 est
1824 3604 1942 3656 vvisa
1983 3611 2131 3657 centri
2172 3615 2219 3658 et
2258 3609 2388 3656 illius

145 3679 374 3741 marginis
409 3678 641 3742 latitud03
683 3683 757 3729 sin
796 3691 957 3733 autem
994 3685 1202 3735 latitudo
1242 3686 1332 3734 visi
1360 3687 1510 3734 centri
1547 3685 1689 3733 fuerit
1726 3682 1880 3729 minor
1917 3681 2273 3731 semidiametro
2302 3677 2387 3747 Θ,

147 3752 442 3800 subtrahitur
479 3752 663 3801 illa'ab
703 3754 794 3802 hac
830 3770 916 3816 pro
955 3757 1212 3807 latitudine
1248 3759 1504 3821 marginis„
1547 3758 1631 3818 qui
1667 3756 1716 3802 in
1754 3754 1952 3819 plagam
1990 3753 2201 3806 tenditur
2239 3754 2388 3804 centri

153 3822 347 3886 quidem
384 3823 630 3875 latitudini
668 3828 978 3891 contrariam,
1018 3830 1241 3895 propriae
1279 3844 1396 3880 vero
1435 3827 1652 3880 eandem.
