<?xml version="1.0" encoding="UTF-8"?>
<!DOCTYPE html PUBLIC "-//W3C//DTD XHTML 1.0 Transitional//EN"
    "http://www.w3.org/TR/xhtml1/DTD/xhtml1-transitional.dtd">
<html xmlns="http://www.w3.org/1999/xhtml" xml:lang="en" lang="en">
 <head>
  <title>
</title>
<meta http-equiv="Content-Type" content="text/html;charset=utf-8" />
  <meta name='ocr-system' content='tesseract 3.04.00' />
  <meta name='ocr-capabilities' content='ocr_page ocr_carea ocr_par ocr_line ocrx_word'/>
</head>
<body>
  <div class='ocr_page' id='page_1' title='image "./operaomniaedidit06kepluoft_0492.png"; bbox 0 0 2554 4140; ppageno 0'>
   <div class='ocr_carea' id='block_1_1' title="bbox 211 110 1626 177">
    <p class='ocr_par' dir='ltr' id='par_1_1' title="bbox 211 110 1626 177">
     <span class='ocr_line' id='line_1_1' title="bbox 211 110 1626 177; baseline -0.004 -6"><span class='ocrx_word' id='word_1_1' title='bbox 211 127 316 177; x_wconf 77' lang='lat'>478</span> <span class='ocrx_word' id='word_1_2' title='bbox 984 138 987 142; x_wconf 92' lang='lat'>·</span> <span class='ocrx_word' id='word_1_3' title='bbox 1042 119 1278 177; x_wconf 84' lang='lat' dir='ltr'>Epitomes</span> <span class='ocrx_word' id='word_1_4' title='bbox 1308 110 1626 169; x_wconf 83' lang='lat' dir='ltr'>Astronomiae</span> 
     </span>
    </p>
   </div>
   <div class='ocr_carea' id='block_1_2' title="bbox 211 247 2533 341">
    <p class='ocr_par' dir='ltr' id='par_1_2' title="bbox 211 247 2533 341">
     <span class='ocr_line' id='line_1_2' title="bbox 211 247 2533 341; baseline 0 -21"><span class='ocrx_word' id='word_1_5' title='bbox 211 271 287 320; x_wconf 87' lang='lat' dir='ltr'>De</span> <span class='ocrx_word' id='word_1_6' title='bbox 325 254 542 333; x_wconf 85' lang='lat' dir='ltr'>physicis</span> <span class='ocrx_word' id='word_1_7' title='bbox 582 267 779 330; x_wconf 88' lang='lat' dir='ltr'>quidem</span> <span class='ocrx_word' id='word_1_8' title='bbox 832 273 879 315; x_wconf 89' lang='lat' dir='ltr'>et</span> <span class='ocrx_word' id='word_1_9' title='bbox 918 267 1036 330; x_wconf 91' lang='lat' dir='ltr'>quid</span> <span class='ocrx_word' id='word_1_10' title='bbox 1059 270 1123 315; x_wconf 89' lang='lat' dir='ltr'>-in</span> <span class='ocrx_word' id='word_1_11' title='bbox 1159 283 1211 317; x_wconf 93' lang='lat' dir='ltr'>re</span> <span class='ocrx_word' id='word_1_12' title='bbox 1249 269 1359 331; x_wconf 90' lang='lat' dir='ltr'>ipsa</span> <span class='ocrx_word' id='word_1_13' title='bbox 1395 270 1533 326; x_wconf 91' lang='lat' dir='ltr'>insit,</span> <span class='ocrx_word' id='word_1_14' title='bbox 1587 268 1768 318; x_wconf 90' lang='lat' dir='ltr'>dictum</span> <span class='ocrx_word' id='word_1_15' title='bbox 1806 275 1879 319; x_wconf 86' lang='lat' dir='ltr'>cst</span> <span class='ocrx_word' id='word_1_16' title='bbox 1928 270 2051 318; x_wconf 90' lang='lat' dir='ltr'>libro</span> <span class='ocrx_word' id='word_1_17' title='bbox 2090 271 2178 319; x_wconf 93' lang='lat' dir='ltr'>IV.</span> <span class='ocrx_word' id='word_1_18' title='bbox 2218 272 2314 341; x_wconf 42' lang='lat' dir='ltr'>fol„</span> <span class='ocrx_word' id='word_1_19' title='bbox 2343 273 2462 321; x_wconf 78' lang='lat'><strong>392.</strong></span> <span class='ocrx_word' id='word_1_20' title='bbox 2527 247 2533 250; x_wconf 85' lang='lat'>.</span> 
     </span>
    </p>
   </div>
   <div class='ocr_carea' id='block_1_3' title="bbox 207 339 2466 623">
    <p class='ocr_par' dir='ltr' id='par_1_3' title="bbox 214 339 2206 406">
     <span class='ocr_line' id='line_1_3' title="bbox 214 339 2206 406; baseline 0.001 -16"><span class='ocrx_word' id='word_1_21' title='bbox 214 343 272 390; x_wconf 94' lang='lat' dir='ltr'>In</span> <span class='ocrx_word' id='word_1_22' title='bbox 311 355 542 405; x_wconf 80' lang='lat' dir='ltr'>praesens</span> <span class='ocrx_word' id='word_1_23' title='bbox 581 355 676 388; x_wconf 89' lang='lat' dir='ltr'>non</span> <span class='ocrx_word' id='word_1_24' title='bbox 719 340 777 389; x_wconf 91' lang='lat' dir='ltr'>de</span> <span class='ocrx_word' id='word_1_25' title='bbox 817 339 1058 406; x_wconf 86' lang='lat' dir='ltr'>apparatu</span> <span class='ocrx_word' id='word_1_26' title='bbox 1095 342 1215 389; x_wconf 88' lang='lat' dir='ltr'>reali</span> <span class='ocrx_word' id='word_1_27' title='bbox 1253 342 1433 402; x_wconf 88' lang='lat' dir='ltr'>agitur,</span> <span class='ocrx_word' id='word_1_28' title='bbox 1480 341 1566 389; x_wconf 91' lang='lat' dir='ltr'>sed</span> <span class='ocrx_word' id='word_1_29' title='bbox 1606 343 1889 404; x_wconf 88' lang='lat' dir='ltr'>imaginatio</span> <span class='ocrx_word' id='word_1_30' title='bbox 1929 342 2206 406; x_wconf 87' lang='lat' dir='ltr'>adjuvatur.</span> 
     </span>
    </p>

    <p class='ocr_par' dir='ltr' id='par_1_4' title="bbox 207 412 2466 623">
     <span class='ocr_line' id='line_1_4' title="bbox 352 412 2464 480; baseline 0.002 -19"><span class='ocrx_word' id='word_1_31' title='bbox 352 414 410 461; x_wconf 90' lang='lat' dir='ltr'>In</span> <span class='ocrx_word' id='word_1_32' title='bbox 449 412 696 461; x_wconf 89' lang='lat' dir='ltr'>schemate</span> <span class='ocrx_word' id='word_1_33' title='bbox 736 416 1002 475; x_wconf 85' lang='lat' dir='ltr'>praemisso</span> <span class='ocrx_word' id='word_1_34' title='bbox 1042 413 1252 475; x_wconf 85' lang='lat' dir='ltr'>fingatur</span> <span class='ocrx_word' id='word_1_35' title='bbox 1288 412 1488 475; x_wconf 91' lang='lat' dir='ltr'>planum</span> <span class='ocrx_word' id='word_1_36' title='bbox 1528 412 1754 476; x_wconf 86' lang='lat' dir='ltr'>aliquod,</span> <span class='ocrx_word' id='word_1_37' title='bbox 1803 430 1889 477; x_wconf 90' lang='lat' dir='ltr'>per</span> <span class='ocrx_word' id='word_1_38' title='bbox 1927 416 1997 476; x_wconf 91' lang='lat' dir='ltr'>A,</span> <span class='ocrx_word' id='word_1_39' title='bbox 2049 416 2086 464; x_wconf 86' lang='lat' dir='ltr'>C</span> <span class='ocrx_word' id='word_1_40' title='bbox 2124 421 2307 480; x_wconf 85' lang='lat' dir='ltr'>puncta</span> <span class='ocrx_word' id='word_1_41' title='bbox 2344 414 2464 465; x_wconf 87' lang='lat' dir='ltr'>duc-</span> 
     </span>
     <span class='ocr_line' id='line_1_5' title="bbox 208 484 2466 550; baseline 0.001 -15"><span class='ocrx_word' id='word_1_42' title='bbox 208 493 339 546; x_wconf 91' lang='lat' dir='ltr'>tum,</span> <span class='ocrx_word' id='word_1_43' title='bbox 393 484 646 548; x_wconf 88' lang='lat' dir='ltr'>obliquum</span> <span class='ocrx_word' id='word_1_44' title='bbox 696 500 800 534; x_wconf 90' lang='lat' dir='ltr'>esse</span> <span class='ocrx_word' id='word_1_45' title='bbox 839 485 903 534; x_wconf 91' lang='lat' dir='ltr'>ad</span> <span class='ocrx_word' id='word_1_46' title='bbox 939 485 1139 548; x_wconf 86' lang='lat' dir='ltr'>planum</span> <span class='ocrx_word' id='word_1_47' title='bbox 1179 485 1449 547; x_wconf 89' lang='lat' dir='ltr'>eclipticae,</span> <span class='ocrx_word' id='word_1_48' title='bbox 1500 501 1645 547; x_wconf 88' lang='lat' dir='ltr'>super</span> <span class='ocrx_word' id='word_1_49' title='bbox 1681 486 1811 535; x_wconf 90' lang='lat' dir='ltr'>linea</span> <span class='ocrx_word' id='word_1_50' title='bbox 1854 502 1940 550; x_wconf 91' lang='lat' dir='ltr'>per</span> <span class='ocrx_word' id='word_1_51' title='bbox 1982 488 2217 536; x_wconf 91' lang='lat' dir='ltr'>nodorum</span> <span class='ocrx_word' id='word_1_52' title='bbox 2258 488 2368 537; x_wconf 88' lang='lat' dir='ltr'>loca</span> <span class='ocrx_word' id='word_1_53' title='bbox 2418 495 2466 538; x_wconf 83' lang='lat' dir='ltr'>et</span> 
     </span>
     <span class='ocr_line' id='line_1_6' title="bbox 207 556 2466 623; baseline 0.002 -17"><span class='ocrx_word' id='word_1_54' title='bbox 207 573 293 621; x_wconf 91' lang='lat' dir='ltr'>per</span> <span class='ocrx_word' id='word_1_55' title='bbox 333 559 375 606; x_wconf 85' lang='lat' dir='ltr'><strong>A</strong></span> <span class='ocrx_word' id='word_1_56' title='bbox 423 566 645 606; x_wconf 46' lang='lat' dir='ltr'>centrum*</span> <span class='ocrx_word' id='word_1_57' title='bbox 679 557 858 607; x_wconf 79' lang='lat' dir='ltr'>Terrae</span> <span class='ocrx_word' id='word_1_58' title='bbox 898 558 1069 619; x_wconf 90' lang='lat' dir='ltr'>ducta,</span> <span class='ocrx_word' id='word_1_59' title='bbox 1110 557 1305 620; x_wconf 48' lang='lat' dir='ltr'>*angulo</span> <span class='ocrx_word' id='word_1_60' title='bbox 1358 560 1599 606; x_wconf 79' lang='lat' dir='ltr'><strong>constanti</strong></span> <span class='ocrx_word' id='word_1_61' title='bbox 1641 556 1711 606; x_wconf 86' lang='lat'>5⁰.</span> <span class='ocrx_word' id='word_1_62' title='bbox 1787 559 1843 606; x_wconf 93' lang='lat' dir='ltr'>In</span> <span class='ocrx_word' id='word_1_63' title='bbox 1893 559 1984 608; x_wconf 78' lang='lat' dir='ltr'>lioc</span> <span class='ocrx_word' id='word_1_64' title='bbox 2035 561 2182 623; x_wconf 89' lang='lat' dir='ltr'>plano</span> <span class='ocrx_word' id='word_1_65' title='bbox 2239 563 2302 608; x_wconf 88' lang='lat' dir='ltr'>sit</span> <span class='ocrx_word' id='word_1_66' title='bbox 2338 560 2466 610; x_wconf 78' lang='lat' dir='ltr'>linea</span> 
     </span>
    </p>
   </div>
   <div class='ocr_carea' id='block_1_4' title="bbox 208 627 2520 694">
    <p class='ocr_par' dir='ltr' id='par_1_5' title="bbox 208 627 2520 694">
     <span class='ocr_line' id='line_1_7' title="bbox 208 627 2520 694; baseline 0.002 -16"><span class='ocrx_word' id='word_1_67' title='bbox 208 629 398 679; x_wconf 85' lang='lat' dir='ltr'>HCAG</span> <span class='ocrx_word' id='word_1_68' title='bbox 437 630 735 693; x_wconf 87' lang='lat' dir='ltr'>copularum,</span> <span class='ocrx_word' id='word_1_69' title='bbox 778 630 1031 694; x_wconf 85' lang='lat' dir='ltr'>designata</span> <span class='ocrx_word' id='word_1_70' title='bbox 1068 645 1154 692; x_wconf 91' lang='lat' dir='ltr'>per</span> <span class='ocrx_word' id='word_1_71' title='bbox 1191 632 1456 678; x_wconf 85' lang='lat' dir='ltr'>sectionem</span> <span class='ocrx_word' id='word_1_72' title='bbox 1493 631 1653 693; x_wconf 90' lang='lat' dir='ltr'>plani,</span> <span class='ocrx_word' id='word_1_73' title='bbox 1704 627 1791 693; x_wconf 87' lang='lat' dir='ltr'>per</span> <span class='ocrx_word' id='word_1_74' title='bbox 1830 639 1992 679; x_wconf 90' lang='lat' dir='ltr'>centra</span> <span class='ocrx_word' id='word_1_75' title='bbox 2031 633 2160 681; x_wconf 90' lang='lat' dir='ltr'>Solis</span> <span class='ocrx_word' id='word_1_76' title='bbox 2201 640 2248 682; x_wconf 92' lang='lat' dir='ltr'>et</span> <span class='ocrx_word' id='word_1_77' title='bbox 2288 632 2466 683; x_wconf 78' lang='lat' dir='ltr'><strong>Terrae</strong></span> <span class='ocrx_word' id='word_1_78' title='bbox 2518 656 2520 658; x_wconf 50' lang='lat'>&gt;</span> 
     </span>
    </p>
   </div>
   <div class='ocr_carea' id='block_1_5' title="bbox 208 703 2552 768">
    <p class='ocr_par' dir='ltr' id='par_1_6' title="bbox 208 703 2552 768">
     <span class='ocr_line' id='line_1_8' title="bbox 208 703 2552 768; baseline 0 -16"><span class='ocrx_word' id='word_1_79' title='bbox 208 704 518 760; x_wconf 89' lang='lat' dir='ltr'>transeuntis,</span> <span class='ocrx_word' id='word_1_80' title='bbox 557 703 619 751; x_wconf 90' lang='lat' dir='ltr'>ad</span> <span class='ocrx_word' id='word_1_81' title='bbox 657 703 858 766; x_wconf 88' lang='lat' dir='ltr'>planum</span> <span class='ocrx_word' id='word_1_82' title='bbox 898 704 1149 765; x_wconf 81' lang='lat' dir='ltr'>ecliptica&#39;e</span> <span class='ocrx_word' id='word_1_83' title='bbox 1197 705 1330 751; x_wconf 90' lang='lat' dir='ltr'>recti.</span> <span class='ocrx_word' id='word_1_84' title='bbox 1407 703 1564 766; x_wconf 88' lang='lat' dir='ltr'>Super</span> <span class='ocrx_word' id='word_1_85' title='bbox 1611 703 1705 751; x_wconf 86' lang='lat' dir='ltr'>hac</span> <span class='ocrx_word' id='word_1_86' title='bbox 1742 704 1875 751; x_wconf 81' lang='lat' dir='ltr'>linea</span> <span class='ocrx_word' id='word_1_87' title='bbox 1912 704 2099 753; x_wconf 88' lang='lat' dir='ltr'>HCAG</span> <span class='ocrx_word' id='word_1_88' title='bbox 2150 708 2253 768; x_wconf 91' lang='lat' dir='ltr'>ipse</span> <span class='ocrx_word' id='word_1_89' title='bbox 2293 719 2467 754; x_wconf 86' lang='lat' dir='ltr'>eccen-</span> <span class='ocrx_word' id='word_1_90' title='bbox 2550 704 2552 706; x_wconf 74' lang='grc'>’</span> 
     </span>
    </p>
   </div>
   <div class='ocr_carea' id='block_1_6' title="bbox 207 774 2539 913">
    <p class='ocr_par' dir='ltr' id='par_1_7' title="bbox 207 774 2539 913">
     <span class='ocr_line' id='line_1_9' title="bbox 210 774 2539 841; baseline 0.001 -18"><span class='ocrx_word' id='word_1_91' title='bbox 210 778 357 824; x_wconf 91' lang='lat' dir='ltr'>tricus</span> <span class='ocrx_word' id='word_1_92' title='bbox 395 775 565 824; x_wconf 91' lang='lat' dir='ltr'>Lunae</span> <span class='ocrx_word' id='word_1_93' title='bbox 605 775 794 824; x_wconf 83' lang='lat' dir='ltr'>DLFM</span> <span class='ocrx_word' id='word_1_94' title='bbox 833 775 1089 824; x_wconf 84' lang='lat' dir='ltr'>inclinetur</span> <span class='ocrx_word' id='word_1_95' title='bbox 1127 774 1188 824; x_wconf 94' lang='lat' dir='ltr'>ad</span> <span class='ocrx_word' id='word_1_96' title='bbox 1227 775 1427 838; x_wconf 88' lang='lat' dir='ltr'>planum</span> <span class='ocrx_word' id='word_1_97' title='bbox 1465 777 1599 838; x_wconf 89' lang='lat' dir='ltr'>prius</span> <span class='ocrx_word' id='word_1_98' title='bbox 1640 774 1847 836; x_wconf 91' lang='lat' dir='ltr'>dictum,</span> <span class='ocrx_word' id='word_1_99' title='bbox 1893 791 1989 825; x_wconf 91' lang='lat' dir='ltr'>non</span> <span class='ocrx_word' id='word_1_100' title='bbox 2029 778 2224 839; x_wconf 88' lang='lat' dir='ltr'>quidem</span> <span class='ocrx_word' id='word_1_101' title='bbox 2262 792 2466 841; x_wconf 84' lang='lat' dir='ltr'>semper,</span> <span class='ocrx_word' id='word_1_102' title='bbox 2531 803 2539 809; x_wconf 43' lang='lat' dir='ltr'>f</span> 
     </span>
     <span class='ocr_line' id='line_1_10' title="bbox 207 842 2538 913; baseline 0.002 -16"><span class='ocrx_word' id='word_1_103' title='bbox 207 848 295 898; x_wconf 92' lang='lat' dir='ltr'>sed</span> <span class='ocrx_word' id='word_1_104' title='bbox 333 848 521 911; x_wconf 88' lang='lat' dir='ltr'>legibus</span> <span class='ocrx_word' id='word_1_105' title='bbox 561 850 893 911; x_wconf 86' lang='lat' dir='ltr'>sequentibus.</span> <span class='ocrx_word' id='word_1_106' title='bbox 968 847 1076 903; x_wconf 84' lang='lat' dir='ltr'>Sint</span> <span class='ocrx_word' id='word_1_107' title='bbox 1100 848 1139 908; x_wconf 87' lang='grc' dir='ltr'>Ι,</span> <span class='ocrx_word' id='word_1_108' title='bbox 1180 847 1228 896; x_wconf 89' lang='lat' dir='ltr'><strong>K</strong></span> <span class='ocrx_word' id='word_1_109' title='bbox 1253 848 1364 897; x_wconf 90' lang='lat' dir='ltr'>loca</span> <span class='ocrx_word' id='word_1_110' title='bbox 1392 842 1797 910; x_wconf 84' lang='lat' dir='ltr'>quadraturarum</span> <span class='ocrx_word' id='word_1_111' title='bbox 1836 849 1927 897; x_wconf 91' lang='lat' dir='ltr'>sub</span> <span class='ocrx_word' id='word_1_112' title='bbox 1967 849 2074 898; x_wconf 83' lang='lat' dir='ltr'>fixis</span> <span class='ocrx_word' id='word_1_113' title='bbox 2101 858 2372 913; x_wconf 84' lang='lat' dir='ltr'>exeantque</span> <span class='ocrx_word' id='word_1_114' title='bbox 2410 865 2468 902; x_wconf 83' lang='lat' dir='ltr'>ex</span> <span class='ocrx_word' id='word_1_115' title='bbox 2534 869 2538 872; x_wconf 87' lang='lat'>·</span> 
     </span>
    </p>
   </div>
   <div class='ocr_carea' id='block_1_7' title="bbox 208 916 2468 987">
    <p class='ocr_par' dir='ltr' id='par_1_8' title="bbox 208 916 2468 987">
     <span class='ocr_line' id='line_1_11' title="bbox 208 916 2468 987; baseline 0.001 -18"><span class='ocrx_word' id='word_1_116' title='bbox 208 921 284 969; x_wconf 86' lang='lat' dir='ltr'>his</span> <span class='ocrx_word' id='word_1_117' title='bbox 322 923 514 984; x_wconf 87' lang='lat' dir='ltr'>punctis</span> <span class='ocrx_word' id='word_1_118' title='bbox 553 922 791 983; x_wconf 82' lang='lat' dir='ltr'>sphaerae</span> <span class='ocrx_word' id='word_1_119' title='bbox 833 921 1035 979; x_wconf 85' lang='lat' dir='ltr'>fixarum</span> <span class='ocrx_word' id='word_1_120' title='bbox 1076 920 1172 968; x_wconf 93' lang='lat' dir='ltr'>duo</span> <span class='ocrx_word' id='word_1_121' title='bbox 1195 916 1367 981; x_wconf 88' lang='lat' dir='ltr'>arcus,</span> <span class='ocrx_word' id='word_1_122' title='bbox 1408 923 1527 970; x_wconf 88' lang='lat' dir='ltr'>recti</span> <span class='ocrx_word' id='word_1_123' title='bbox 1566 921 1629 969; x_wconf 88' lang='lat' dir='ltr'>ad</span> <span class='ocrx_word' id='word_1_124' title='bbox 1667 920 1866 984; x_wconf 90' lang='lat' dir='ltr'>planum</span> <span class='ocrx_word' id='word_1_125' title='bbox 1904 923 2057 984; x_wconf 87' lang='lat' dir='ltr'>primo</span> <span class='ocrx_word' id='word_1_126' title='bbox 2097 922 2296 987; x_wconf 86' lang='lat' dir='ltr'>dictum,</span> <span class='ocrx_word' id='word_1_127' title='bbox 2334 930 2468 972; x_wconf 86' lang='lat' dir='ltr'>uter-</span> 
     </span>
    </p>
   </div>
   <div class='ocr_carea' id='block_1_8' title="bbox 209 980 2550 1062">
    <p class='ocr_par' dir='ltr' id='par_1_9' title="bbox 209 980 2550 1062">
     <span class='ocr_line' id='line_1_12' title="bbox 209 980 2550 1062; baseline 0.002 -22"><span class='ocrx_word' id='word_1_128' title='bbox 209 987 302 1056; x_wconf 79' lang='lat' dir='ltr'>que</span> <span class='ocrx_word' id='word_1_129' title='bbox 342 1002 505 1043; x_wconf 90' lang='lat' dir='ltr'>centro</span> <span class='ocrx_word' id='word_1_130' title='bbox 547 995 588 1041; x_wconf 83' lang='lat' dir='ltr'>A</span> <span class='ocrx_word' id='word_1_131' title='bbox 630 993 871 1055; x_wconf 83' lang='lat' dir='ltr'>descripti,</span> <span class='ocrx_word' id='word_1_132' title='bbox 914 993 1122 1059; x_wconf 85' lang='lat' dir='ltr'>quilibet</span> <span class='ocrx_word' id='word_1_133' title='bbox 1157 1007 1254 1042; x_wconf 92' lang='lat' dir='ltr'>non</span> <span class='ocrx_word' id='word_1_134' title='bbox 1292 993 1484 1056; x_wconf 88' lang='lat' dir='ltr'>longior</span> <span class='ocrx_word' id='word_1_135' title='bbox 1527 995 1593 1042; x_wconf 87' lang='lat'>18</span> <span class='ocrx_word' id='word_1_136' title='bbox 1634 995 1830 1042; x_wconf 89' lang='lat' dir='ltr'>minutis</span> <span class='ocrx_word' id='word_1_137' title='bbox 1870 997 1917 1040; x_wconf 93' lang='lat' dir='ltr'>in</span> <span class='ocrx_word' id='word_1_138' title='bbox 1960 1001 2214 1058; x_wconf 84' lang='lat' dir='ltr'>utramque</span> <span class='ocrx_word' id='word_1_139' title='bbox 2251 995 2465 1062; x_wconf 84' lang='lat' dir='ltr'>plagam.</span> <span class='ocrx_word' id='word_1_140' title='bbox 2541 980 2550 999; x_wconf 70' lang='lat'><strong>⁹</strong></span> 
     </span>
    </p>
   </div>
   <div class='ocr_carea' id='block_1_9' title="bbox 209 1065 2527 1131">
    <p class='ocr_par' dir='ltr' id='par_1_10' title="bbox 209 1065 2527 1131">
     <span class='ocr_line' id='line_1_13' title="bbox 209 1065 2527 1131; baseline 0 -16"><span class='ocrx_word' id='word_1_141' title='bbox 209 1066 434 1128; x_wconf 83' lang='lat' dir='ltr'>Quando</span> <span class='ocrx_word' id='word_1_142' title='bbox 469 1081 582 1129; x_wconf 86' lang='lat' dir='ltr'>ergo</span> <span class='ocrx_word' id='word_1_143' title='bbox 634 1066 814 1114; x_wconf 90' lang='lat' dir='ltr'>limites</span> <span class='ocrx_word' id='word_1_144' title='bbox 861 1065 1135 1115; x_wconf 87' lang='lat' dir='ltr'>anomaliae</span> <span class='ocrx_word' id='word_1_145' title='bbox 1185 1066 1376 1115; x_wconf 90' lang='lat' dir='ltr'>solutae</span> <span class='ocrx_word' id='word_1_146' title='bbox 1414 1072 1528 1115; x_wconf 89' lang='lat' dir='ltr'>sunt</span> <span class='ocrx_word' id='word_1_147' title='bbox 1574 1068 1622 1112; x_wconf 90' lang='lat' dir='ltr'>in</span> <span class='ocrx_word' id='word_1_148' title='bbox 1669 1067 1800 1115; x_wconf 89' lang='lat' dir='ltr'>linea</span> <span class='ocrx_word' id='word_1_149' title='bbox 1839 1066 2052 1127; x_wconf 85' lang='lat' dir='ltr'>HCAG,</span> <span class='ocrx_word' id='word_1_150' title='bbox 2106 1073 2219 1116; x_wconf 89' lang='lat' dir='ltr'>tunc</span> <span class='ocrx_word' id='word_1_151' title='bbox 2270 1067 2468 1131; x_wconf 85' lang='lat' dir='ltr'>planum</span> <span class='ocrx_word' id='word_1_152' title='bbox 2525 1100 2527 1106; x_wconf 36' lang='grc' dir='ltr'><strong><em>ι</em></strong></span> 
     </span>
    </p>
   </div>
   <div class='ocr_carea' id='block_1_10' title="bbox 204 1138 2469 2225">
    <p class='ocr_par' dir='ltr' id='par_1_11' title="bbox 204 1138 2469 2225">
     <span class='ocr_line' id='line_1_14' title="bbox 210 1138 2468 1202; baseline 0 -13"><span class='ocrx_word' id='word_1_153' title='bbox 210 1141 415 1189; x_wconf 87' lang='lat' dir='ltr'>eccentri</span> <span class='ocrx_word' id='word_1_154' title='bbox 457 1139 644 1187; x_wconf 82' lang='lat' dir='ltr'><strong>DLFM</strong></span> <span class='ocrx_word' id='word_1_155' title='bbox 685 1141 878 1187; x_wconf 90' lang='lat' dir='ltr'>uniatur</span> <span class='ocrx_word' id='word_1_156' title='bbox 917 1138 1064 1201; x_wconf 88' lang='lat' dir='ltr'>plano</span> <span class='ocrx_word' id='word_1_157' title='bbox 1103 1140 1266 1201; x_wconf 90' lang='lat' dir='ltr'>priori,</span> <span class='ocrx_word' id='word_1_158' title='bbox 1306 1141 1375 1187; x_wconf 90' lang='lat' dir='ltr'>sic</span> <span class='ocrx_word' id='word_1_159' title='bbox 1411 1145 1465 1187; x_wconf 93' lang='lat' dir='ltr'>ut</span> <span class='ocrx_word' id='word_1_160' title='bbox 1503 1139 1638 1187; x_wconf 91' lang='lat' dir='ltr'>nulla</span> <span class='ocrx_word' id='word_1_161' title='bbox 1675 1138 1867 1187; x_wconf 90' lang='lat' dir='ltr'>illorum</span> <span class='ocrx_word' id='word_1_162' title='bbox 1906 1141 1970 1188; x_wconf 91' lang='lat' dir='ltr'>sit</span> <span class='ocrx_word' id='word_1_163' title='bbox 2008 1140 2258 1190; x_wconf 88' lang='lat' dir='ltr'>inclinatio</span> <span class='ocrx_word' id='word_1_164' title='bbox 2284 1147 2468 1202; x_wconf 85' lang='lat' dir='ltr'>mutua,</span> 
     </span>
     <span class='ocr_line' id='line_1_15' title="bbox 207 1211 2466 1275; baseline 0.001 -15"><span class='ocrx_word' id='word_1_165' title='bbox 207 1212 293 1261; x_wconf 91' lang='lat' dir='ltr'>sed</span> <span class='ocrx_word' id='word_1_166' title='bbox 343 1211 649 1261; x_wconf 87' lang='lat' dir='ltr'>solummodo</span> <span class='ocrx_word' id='word_1_167' title='bbox 704 1213 970 1260; x_wconf 89' lang='lat' dir='ltr'>communis</span> <span class='ocrx_word' id='word_1_168' title='bbox 1011 1214 1203 1274; x_wconf 91' lang='lat' dir='ltr'>utrique</span> <span class='ocrx_word' id='word_1_169' title='bbox 1235 1211 1496 1272; x_wconf 57' lang='lat' dir='ltr'>,inclinatio</span> <span class='ocrx_word' id='word_1_170' title='bbox 1550 1211 1611 1260; x_wconf 88' lang='lat' dir='ltr'>ad</span> <span class='ocrx_word' id='word_1_171' title='bbox 1657 1212 1856 1274; x_wconf 91' lang='lat' dir='ltr'>planum</span> <span class='ocrx_word' id='word_1_172' title='bbox 1897 1212 2162 1275; x_wconf 81' lang='lat' dir='ltr'>eclipticas.</span> <span class='ocrx_word' id='word_1_173' title='bbox 2241 1212 2306 1262; x_wconf 80' lang='lat' dir='ltr'>At</span> <span class='ocrx_word' id='word_1_174' title='bbox 2358 1227 2466 1263; x_wconf 90' lang='lat' dir='ltr'>cum</span> 
     </span>
     <span class='ocr_line' id='line_1_16' title="bbox 208 1284 2468 1347; baseline 0.002 -15"><span class='ocrx_word' id='word_1_175' title='bbox 208 1284 347 1333; x_wconf 90' lang='lat' dir='ltr'>limes</span> <span class='ocrx_word' id='word_1_176' title='bbox 386 1284 603 1345; x_wconf 89' lang='lat' dir='ltr'>solutae,</span> <span class='ocrx_word' id='word_1_177' title='bbox 661 1286 795 1333; x_wconf 91' lang='lat' dir='ltr'>verbi</span> <span class='ocrx_word' id='word_1_178' title='bbox 834 1299 984 1333; x_wconf 90' lang='lat' dir='ltr'>causa</span> <span class='ocrx_word' id='word_1_179' title='bbox 1023 1286 1215 1344; x_wconf 90' lang='lat' dir='ltr'>boreus,</span> <span class='ocrx_word' id='word_1_180' title='bbox 1256 1286 1426 1347; x_wconf 89' lang='lat' dir='ltr'>incipit</span> <span class='ocrx_word' id='word_1_181' title='bbox 1462 1285 1524 1332; x_wconf 92' lang='lat' dir='ltr'>ab</span> <span class='ocrx_word' id='word_1_182' title='bbox 1563 1284 1611 1331; x_wconf 92' lang='lat' dir='ltr'>H</span> <span class='ocrx_word' id='word_1_183' title='bbox 1651 1286 1960 1347; x_wconf 89' lang='lat' dir='ltr'>oppositione</span> <span class='ocrx_word' id='word_1_184' title='bbox 2012 1285 2259 1334; x_wconf 83' lang='lat' dir='ltr'>discedere</span> <span class='ocrx_word' id='word_1_185' title='bbox 2297 1300 2468 1337; x_wconf 71' lang='lat' dir='ltr'>versus</span> 
     </span>
     <span class='ocr_line' id='line_1_17' title="bbox 206 1357 2467 1419; baseline 0.001 -14"><span class='ocrx_word' id='word_1_186' title='bbox 206 1357 256 1405; x_wconf 93' lang='lat' dir='ltr'><strong>K</strong></span> <span class='ocrx_word' id='word_1_187' title='bbox 293 1357 551 1419; x_wconf 81' lang='lat' dir='ltr'>quadram,</span> <span class='ocrx_word' id='word_1_188' title='bbox 607 1362 660 1404; x_wconf 90' lang='lat' dir='ltr'>ut</span> <span class='ocrx_word' id='word_1_189' title='bbox 697 1359 738 1404; x_wconf 88' lang='lat' dir='ltr'>si</span> <span class='ocrx_word' id='word_1_190' title='bbox 779 1359 946 1406; x_wconf 89' lang='lat' dir='ltr'>veniat</span> <span class='ocrx_word' id='word_1_191' title='bbox 983 1359 1031 1404; x_wconf 90' lang='lat' dir='ltr'>in</span> <span class='ocrx_word' id='word_1_192' title='bbox 1073 1358 1145 1417; x_wconf 93' lang='lat' dir='ltr'>D,</span> <span class='ocrx_word' id='word_1_193' title='bbox 1202 1359 1327 1405; x_wconf 91' lang='lat' dir='ltr'>sicut</span> <span class='ocrx_word' id='word_1_194' title='bbox 1365 1372 1417 1406; x_wconf 89' lang='lat' dir='ltr'>se</span> <span class='ocrx_word' id='word_1_195' title='bbox 1449 1358 1598 1405; x_wconf 90' lang='lat' dir='ltr'>habet</span> <span class='ocrx_word' id='word_1_196' title='bbox 1636 1359 1769 1405; x_wconf 88' lang='lat' dir='ltr'>sinus</span> <span class='ocrx_word' id='word_1_197' title='bbox 1809 1359 1975 1418; x_wconf 85' lang='lat' dir='ltr'>anguli</span> <span class='ocrx_word' id='word_1_198' title='bbox 2015 1358 2158 1413; x_wconf 81' lang='lat' dir='ltr'>HAD</span> <span class='ocrx_word' id='word_1_199' title='bbox 2205 1358 2266 1406; x_wconf 89' lang='lat' dir='ltr'>ad</span> <span class='ocrx_word' id='word_1_200' title='bbox 2309 1361 2467 1407; x_wconf 88' lang='lat' dir='ltr'>sinum</span> 
     </span>
     <span class='ocr_line' id='line_1_18' title="bbox 209 1429 2467 1494; baseline 0 -15"><span class='ocrx_word' id='word_1_201' title='bbox 209 1432 376 1492; x_wconf 85' lang='lat' dir='ltr'>anguli</span> <span class='ocrx_word' id='word_1_202' title='bbox 423 1431 540 1478; x_wconf 89' lang='lat' dir='ltr'>recti</span> <span class='ocrx_word' id='word_1_203' title='bbox 579 1429 749 1489; x_wconf 84' lang='lat' dir='ltr'>HAK,</span> <span class='ocrx_word' id='word_1_204' title='bbox 807 1432 876 1478; x_wconf 90' lang='lat' dir='ltr'>sic</span> <span class='ocrx_word' id='word_1_205' title='bbox 913 1432 1061 1479; x_wconf 81' lang='lat' dir='ltr'>etiam</span> <span class='ocrx_word' id='word_1_206' title='bbox 1109 1445 1161 1479; x_wconf 89' lang='lat' dir='ltr'>se</span> <span class='ocrx_word' id='word_1_207' title='bbox 1211 1430 1392 1478; x_wconf 88' lang='lat' dir='ltr'>habeat</span> <span class='ocrx_word' id='word_1_208' title='bbox 1441 1431 1600 1492; x_wconf 88' lang='lat' dir='ltr'>portio</span> <span class='ocrx_word' id='word_1_209' title='bbox 1651 1429 1926 1479; x_wconf 85' lang='lat' dir='ltr'>librationis</span> <span class='ocrx_word' id='word_1_210' title='bbox 1972 1432 2018 1477; x_wconf 92' lang='lat' dir='ltr'>in</span> <span class='ocrx_word' id='word_1_211' title='bbox 2073 1431 2269 1479; x_wconf 89' lang='lat' dir='ltr'>boream</span> <span class='ocrx_word' id='word_1_212' title='bbox 2316 1433 2467 1494; x_wconf 89' lang='lat' dir='ltr'>ipsius</span> 
     </span>
     <span class='ocr_line' id='line_1_19' title="bbox 206 1502 2464 1566; baseline 0.001 -15"><span class='ocrx_word' id='word_1_213' title='bbox 206 1503 372 1551; x_wconf 90' lang='lat' dir='ltr'>limitis</span> <span class='ocrx_word' id='word_1_214' title='bbox 410 1504 643 1551; x_wconf 84' lang='lat' dir='ltr'>menstrui</span> <span class='ocrx_word' id='word_1_215' title='bbox 682 1503 729 1550; x_wconf 89' lang='lat' dir='ltr'><strong>K</strong></span> <span class='ocrx_word' id='word_1_216' title='bbox 766 1503 829 1551; x_wconf 89' lang='lat' dir='ltr'>ad</span> <span class='ocrx_word' id='word_1_217' title='bbox 867 1502 1174 1551; x_wconf 87' lang='lat' dir='ltr'>librationem</span> <span class='ocrx_word' id='word_1_218' title='bbox 1225 1517 1311 1551; x_wconf 90' lang='lat' dir='ltr'>seu</span> <span class='ocrx_word' id='word_1_219' title='bbox 1352 1502 1713 1551; x_wconf 88' lang='lat' dir='ltr'>inclinationem</span> <span class='ocrx_word' id='word_1_220' title='bbox 1758 1502 2015 1565; x_wconf 90' lang='lat' dir='ltr'>planorum</span> <span class='ocrx_word' id='word_1_221' title='bbox 2054 1503 2282 1563; x_wconf 91' lang='lat' dir='ltr'>totalem,</span> <span class='ocrx_word' id='word_1_222' title='bbox 2337 1518 2464 1566; x_wconf 79' lang='lat' dir='ltr'>quae</span> 
     </span>
     <span class='ocr_line' id='line_1_20' title="bbox 208 1575 2466 1638; baseline 0.001 -14"><span class='ocrx_word' id='word_1_223' title='bbox 208 1582 282 1624; x_wconf 89' lang='lat' dir='ltr'>est</span> <span class='ocrx_word' id='word_1_224' title='bbox 344 1578 406 1623; x_wconf 86' lang='grc'>18</span> <span class='ocrx_word' id='word_1_225' title='bbox 459 1577 777 1637; x_wconf 90' lang='lat' dir='ltr'>minutorum,</span> <span class='ocrx_word' id='word_1_226' title='bbox 837 1590 964 1638; x_wconf 87' lang='lat' dir='ltr'>quae</span> <span class='ocrx_word' id='word_1_227' title='bbox 1016 1575 1181 1624; x_wconf 88' lang='lat' dir='ltr'>totalis</span> <span class='ocrx_word' id='word_1_228' title='bbox 1220 1575 1470 1624; x_wconf 88' lang='lat' dir='ltr'>inclinatio</span> <span class='ocrx_word' id='word_1_229' title='bbox 1515 1575 1569 1623; x_wconf 89' lang='lat' dir='ltr'>fit</span> <span class='ocrx_word' id='word_1_230' title='bbox 1607 1590 1664 1624; x_wconf 91' lang='lat' dir='ltr'>co</span> <span class='ocrx_word' id='word_1_231' title='bbox 1705 1590 1894 1636; x_wconf 86' lang='lat' dir='ltr'>mense,</span> <span class='ocrx_word' id='word_1_232' title='bbox 1949 1590 2046 1638; x_wconf 92' lang='lat' dir='ltr'>quo</span> <span class='ocrx_word' id='word_1_233' title='bbox 2086 1575 2224 1624; x_wconf 88' lang='lat' dir='ltr'>limes</span> <span class='ocrx_word' id='word_1_234' title='bbox 2277 1576 2466 1633; x_wconf 77' lang='lat' dir='ltr'>solutas</span> 
     </span>
     <span class='ocr_line' id='line_1_21' title="bbox 208 1648 2466 1713; baseline 0.001 -16"><span class='ocrx_word' id='word_1_235' title='bbox 208 1649 384 1697; x_wconf 90' lang='lat' dir='ltr'>boreus</span> <span class='ocrx_word' id='word_1_236' title='bbox 436 1650 591 1697; x_wconf 82' lang='lat' dir='ltr'>venit¹</span> <span class='ocrx_word' id='word_1_237' title='bbox 623 1649 670 1694; x_wconf 92' lang='lat' dir='ltr'>in</span> <span class='ocrx_word' id='word_1_238' title='bbox 709 1648 784 1709; x_wconf 92' lang='lat' dir='ltr'>K,</span> <span class='ocrx_word' id='word_1_239' title='bbox 836 1648 997 1697; x_wconf 92' lang='lat' dir='ltr'>locum</span> <span class='ocrx_word' id='word_1_240' title='bbox 1037 1648 1253 1711; x_wconf 88' lang='lat' dir='ltr'>quadrae</span> <span class='ocrx_word' id='word_1_241' title='bbox 1300 1663 1388 1697; x_wconf 88' lang='lat' dir='ltr'>seu</span> <span class='ocrx_word' id='word_1_242' title='bbox 1425 1649 1627 1696; x_wconf 90' lang='lat' dir='ltr'>limitem</span> <span class='ocrx_word' id='word_1_243' title='bbox 1666 1655 1982 1700; x_wconf 87' lang='lat' dir='ltr'>menstruum.</span> <span class='ocrx_word' id='word_1_244' title='bbox 2059 1649 2168 1698; x_wconf 92' lang='lat' dir='ltr'>Hoc</span> <span class='ocrx_word' id='word_1_245' title='bbox 2216 1656 2360 1713; x_wconf 88' lang='lat' dir='ltr'>pacto</span> <span class='ocrx_word' id='word_1_246' title='bbox 2398 1649 2466 1710; x_wconf 83' lang='lat' dir='ltr'>fit,</span> 
     </span>
     <span class='ocr_line' id='line_1_22' title="bbox 207 1719 2468 1785; baseline 0.001 -16"><span class='ocrx_word' id='word_1_247' title='bbox 207 1727 262 1769; x_wconf 90' lang='lat' dir='ltr'>ut</span> <span class='ocrx_word' id='word_1_248' title='bbox 300 1720 439 1770; x_wconf 90' lang='lat' dir='ltr'>limes</span> <span class='ocrx_word' id='word_1_249' title='bbox 478 1719 670 1770; x_wconf 88' lang='lat' dir='ltr'>solutae</span> <span class='ocrx_word' id='word_1_250' title='bbox 710 1723 884 1770; x_wconf 90' lang='lat' dir='ltr'>boreus</span> <span class='ocrx_word' id='word_1_251' title='bbox 925 1730 1151 1784; x_wconf 87' lang='lat' dir='ltr'>assurgat</span> <span class='ocrx_word' id='word_1_252' title='bbox 1188 1737 1219 1770; x_wconf 89' lang='lat' dir='ltr'>a</span> <span class='ocrx_word' id='word_1_253' title='bbox 1256 1721 1404 1783; x_wconf 90' lang='lat' dir='ltr'>plano</span> <span class='ocrx_word' id='word_1_254' title='bbox 1443 1723 1590 1784; x_wconf 88' lang='lat' dir='ltr'>priori</span> <span class='ocrx_word' id='word_1_255' title='bbox 1631 1723 1677 1768; x_wconf 90' lang='lat' dir='ltr'>in</span> <span class='ocrx_word' id='word_1_256' title='bbox 1720 1722 1913 1770; x_wconf 86' lang='lat' dir='ltr'>boream</span> <span class='ocrx_word' id='word_1_257' title='bbox 1955 1724 2218 1785; x_wconf 87' lang='lat' dir='ltr'>tantisper,</span> <span class='ocrx_word' id='word_1_258' title='bbox 2270 1723 2383 1771; x_wconf 92' lang='lat' dir='ltr'>dum</span> <span class='ocrx_word' id='word_1_259' title='bbox 2421 1724 2468 1775; x_wconf 84' lang='lat' dir='ltr'>in</span> 
     </span>
     <span class='ocr_line' id='line_1_23' title="bbox 205 1793 2468 1858; baseline 0.001 -16"><span class='ocrx_word' id='word_1_260' title='bbox 205 1794 254 1842; x_wconf 90' lang='lat' dir='ltr'><strong>K</strong></span> <span class='ocrx_word' id='word_1_261' title='bbox 292 1793 527 1857; x_wconf 88' lang='lat' dir='ltr'>quadram</span> <span class='ocrx_word' id='word_1_262' title='bbox 567 1793 775 1855; x_wconf 88' lang='lat' dir='ltr'>incidat,</span> <span class='ocrx_word' id='word_1_263' title='bbox 815 1793 926 1843; x_wconf 93' lang='lat' dir='ltr'>inde</span> <span class='ocrx_word' id='word_1_264' title='bbox 965 1795 1203 1857; x_wconf 89' lang='lat' dir='ltr'>paulatim</span> <span class='ocrx_word' id='word_1_265' title='bbox 1243 1796 1415 1843; x_wconf 87' lang='lat' dir='ltr'>iterum</span> <span class='ocrx_word' id='word_1_266' title='bbox 1455 1796 1624 1842; x_wconf 90' lang='lat' dir='ltr'>annuit</span> <span class='ocrx_word' id='word_1_267' title='bbox 1662 1793 1724 1842; x_wconf 90' lang='lat' dir='ltr'>ad</span> <span class='ocrx_word' id='word_1_268' title='bbox 1763 1794 1961 1858; x_wconf 90' lang='lat' dir='ltr'>planum</span> <span class='ocrx_word' id='word_1_269' title='bbox 1988 1797 2136 1857; x_wconf 88' lang='lat' dir='ltr'>prius,</span> <span class='ocrx_word' id='word_1_270' title='bbox 2178 1795 2468 1858; x_wconf 78' lang='lat' dir='ltr'>tandemque</span> 
     </span>
     <span class='ocr_line' id='line_1_24' title="bbox 205 1865 2468 1931; baseline 0.002 -16"><span class='ocrx_word' id='word_1_271' title='bbox 205 1870 254 1915; x_wconf 93' lang='lat' dir='ltr'>in</span> <span class='ocrx_word' id='word_1_272' title='bbox 283 1866 326 1915; x_wconf 90' lang='lat' dir='ltr'><strong>G</strong></span> <span class='ocrx_word' id='word_1_273' title='bbox 367 1869 566 1916; x_wconf 88' lang='lat' dir='ltr'>veniens</span> <span class='ocrx_word' id='word_1_274' title='bbox 605 1869 652 1915; x_wconf 92' lang='lat' dir='ltr'>in</span> <span class='ocrx_word' id='word_1_275' title='bbox 694 1869 852 1930; x_wconf 88' lang='lat' dir='ltr'>ipsum</span> <span class='ocrx_word' id='word_1_276' title='bbox 891 1866 1090 1931; x_wconf 90' lang='lat' dir='ltr'>planum</span> <span class='ocrx_word' id='word_1_277' title='bbox 1129 1867 1315 1916; x_wconf 89' lang='lat' dir='ltr'>recidit.</span> <span class='ocrx_word' id='word_1_278' title='bbox 1392 1865 1487 1916; x_wconf 88' lang='lat' dir='ltr'>Ubi</span> <span class='ocrx_word' id='word_1_279' title='bbox 1526 1869 1732 1931; x_wconf 88' lang='lat' dir='ltr'>primum</span> <span class='ocrx_word' id='word_1_280' title='bbox 1772 1868 1850 1916; x_wconf 90' lang='lat' dir='ltr'>hic</span> <span class='ocrx_word' id='word_1_281' title='bbox 1887 1867 2025 1916; x_wconf 90' lang='lat' dir='ltr'>limes</span> <span class='ocrx_word' id='word_1_282' title='bbox 2063 1867 2253 1917; x_wconf 91' lang='lat' dir='ltr'>solutae</span> <span class='ocrx_word' id='word_1_283' title='bbox 2292 1869 2468 1920; x_wconf 65' lang='lat' dir='ltr'>boreus</span> 
     </span>
     <span class='ocr_line' id='line_1_25' title="bbox 204 1939 2468 2006; baseline 0.002 -18"><span class='ocrx_word' id='word_1_284' title='bbox 204 1941 348 1989; x_wconf 83' lang='lat' dir='ltr'>suerit</span> <span class='ocrx_word' id='word_1_285' title='bbox 398 1946 727 2003; x_wconf 87' lang='lat' dir='ltr'>transgressus</span> <span class='ocrx_word' id='word_1_286' title='bbox 775 1948 1008 2004; x_wconf 90' lang='lat' dir='ltr'>punctum</span> <span class='ocrx_word' id='word_1_287' title='bbox 1050 1940 1094 2004; x_wconf 71' lang='lat' dir='ltr'><strong>G</strong></span> <span class='ocrx_word' id='word_1_288' title='bbox 1135 1955 1303 2006; x_wconf 87' lang='lat' dir='ltr'>versus</span> <span class='ocrx_word' id='word_1_289' title='bbox 1341 1939 1387 2000; x_wconf 89' lang='lat'>1,</span> <span class='ocrx_word' id='word_1_290' title='bbox 1436 1941 1540 2002; x_wconf 87' lang='lat' dir='ltr'>jam</span> <span class='ocrx_word' id='word_1_291' title='bbox 1578 1939 1910 1990; x_wconf 86' lang='lat' dir='ltr'>semicirculus</span> <span class='ocrx_word' id='word_1_292' title='bbox 1948 1940 2096 1989; x_wconf 89' lang='lat' dir='ltr'>HKG</span> <span class='ocrx_word' id='word_1_293' title='bbox 2145 1941 2199 1989; x_wconf 89' lang='lat' dir='ltr'>fit</span> <span class='ocrx_word' id='word_1_294' title='bbox 2245 1947 2468 2004; x_wconf 80' lang='lat' dir='ltr'>respectu</span> 
     </span>
     <span class='ocr_line' id='line_1_26' title="bbox 204 2012 2469 2074; baseline 0.001 -13"><span class='ocrx_word' id='word_1_295' title='bbox 204 2012 478 2062; x_wconf 87' lang='lat' dir='ltr'>latitudinis</span> <span class='ocrx_word' id='word_1_296' title='bbox 516 2021 793 2062; x_wconf 86' lang='lat' dir='ltr'>menstruae</span> <span class='ocrx_word' id='word_1_297' title='bbox 834 2013 1078 2074; x_wconf 88' lang='lat' dir='ltr'>australis,</span> <span class='ocrx_word' id='word_1_298' title='bbox 1121 2012 1242 2061; x_wconf 85' lang='lat' dir='ltr'>GIH</span> <span class='ocrx_word' id='word_1_299' title='bbox 1282 2013 1514 2073; x_wconf 87' lang='lat' dir='ltr'>borealis,</span> <span class='ocrx_word' id='word_1_300' title='bbox 1574 2020 1622 2061; x_wconf 89' lang='lat' dir='ltr'>et</span> <span class='ocrx_word' id='word_1_301' title='bbox 1659 2012 1798 2062; x_wconf 83' lang='lat' dir='ltr'>limes</span> <span class='ocrx_word' id='word_1_302' title='bbox 1837 2013 2028 2062; x_wconf 88' lang='lat' dir='ltr'>solutae</span> <span class='ocrx_word' id='word_1_303' title='bbox 2067 2014 2242 2062; x_wconf 88' lang='lat' dir='ltr'>boreus</span> <span class='ocrx_word' id='word_1_304' title='bbox 2280 2028 2469 2063; x_wconf 89' lang='lat' dir='ltr'>rursum</span> 
     </span>
     <span class='ocr_line' id='line_1_27' title="bbox 206 2085 2469 2150; baseline 0.002 -18"><span class='ocrx_word' id='word_1_305' title='bbox 206 2087 256 2133; x_wconf 92' lang='lat' dir='ltr'>in</span> <span class='ocrx_word' id='word_1_306' title='bbox 297 2086 492 2135; x_wconf 89' lang='lat' dir='ltr'>boream</span> <span class='ocrx_word' id='word_1_307' title='bbox 533 2085 785 2148; x_wconf 89' lang='lat' dir='ltr'>attollitur,</span> <span class='ocrx_word' id='word_1_308' title='bbox 827 2088 1008 2150; x_wconf 90' lang='lat' dir='ltr'>quippe</span> <span class='ocrx_word' id='word_1_309' title='bbox 1048 2092 1203 2144; x_wconf 85' lang='lat' dir='ltr'>totum</span> <span class='ocrx_word' id='word_1_310' title='bbox 1242 2085 1443 2149; x_wconf 90' lang='lat' dir='ltr'>planum</span> <span class='ocrx_word' id='word_1_311' title='bbox 1482 2088 1734 2134; x_wconf 90' lang='lat' dir='ltr'>eccentrici</span> <span class='ocrx_word' id='word_1_312' title='bbox 1765 2085 1886 2134; x_wconf 91' lang='lat' dir='ltr'>GIH</span> <span class='ocrx_word' id='word_1_313' title='bbox 1923 2088 1970 2133; x_wconf 93' lang='lat' dir='ltr'>in</span> <span class='ocrx_word' id='word_1_314' title='bbox 2010 2101 2123 2135; x_wconf 90' lang='lat' dir='ltr'>arcu</span> <span class='ocrx_word' id='word_1_315' title='bbox 2150 2101 2235 2148; x_wconf 88' lang='lat' dir='ltr'>per</span> <span class='ocrx_word' id='word_1_316' title='bbox 2261 2086 2286 2134; x_wconf 92' lang='lat' dir='ltr'>I</span> <span class='ocrx_word' id='word_1_317' title='bbox 2324 2086 2469 2136; x_wconf 87' lang='lat' dir='ltr'>ducto</span> 
     </span>
     <span class='ocr_line' id='line_1_28' title="bbox 206 2155 2359 2225; baseline 0 -18"><span class='ocrx_word' id='word_1_318' title='bbox 206 2157 393 2207; x_wconf 89' lang='lat' dir='ltr'>tollitur</span> <span class='ocrx_word' id='word_1_319' title='bbox 430 2159 479 2207; x_wconf 91' lang='lat' dir='ltr'>in</span> <span class='ocrx_word' id='word_1_320' title='bbox 516 2159 717 2214; x_wconf 87' lang='lat' dir='ltr'>boream</span> <span class='ocrx_word' id='word_1_321' title='bbox 755 2165 1009 2222; x_wconf 91' lang='lat' dir='ltr'>totumque</span> <span class='ocrx_word' id='word_1_322' title='bbox 1048 2158 1196 2207; x_wconf 86' lang='lat' dir='ltr'>HKG</span> <span class='ocrx_word' id='word_1_323' title='bbox 1235 2161 1283 2206; x_wconf 89' lang='lat' dir='ltr'>in</span> <span class='ocrx_word' id='word_1_324' title='bbox 1324 2173 1438 2206; x_wconf 89' lang='lat' dir='ltr'>arcu</span> <span class='ocrx_word' id='word_1_325' title='bbox 1478 2173 1564 2222; x_wconf 89' lang='lat' dir='ltr'>per</span> <span class='ocrx_word' id='word_1_326' title='bbox 1603 2158 1650 2206; x_wconf 89' lang='lat' dir='ltr'><strong>K</strong></span> <span class='ocrx_word' id='word_1_327' title='bbox 1690 2160 1921 2221; x_wconf 88' lang='lat' dir='ltr'>mergitur</span> <span class='ocrx_word' id='word_1_328' title='bbox 1959 2160 2006 2206; x_wconf 91' lang='lat' dir='ltr'>in</span> <span class='ocrx_word' id='word_1_329' title='bbox 2045 2155 2359 2225; x_wconf 76' lang='lat' dir='ltr'>austrum.8³)</span> 
     </span>
    </p>
   </div>
   <div class='ocr_carea' id='block_1_11' title="bbox 352 2240 2551 2307">
    <p class='ocr_par' dir='ltr' id='par_1_12' title="bbox 352 2240 2551 2307">
     <span class='ocr_line' id='line_1_29' title="bbox 352 2240 2551 2307; baseline 0.001 -21"><span class='ocrx_word' id='word_1_330' title='bbox 352 2240 480 2298; x_wconf 78' lang='lat' dir='ltr'>Quae</span> <span class='ocrx_word' id='word_1_331' title='bbox 512 2246 578 2286; x_wconf 79' lang='lat' dir='ltr'>est</span> <span class='ocrx_word' id='word_1_332' title='bbox 606 2240 842 2286; x_wconf 80' lang='lat' dir='ltr'>methodus</span> <span class='ocrx_word' id='word_1_333' title='bbox 871 2241 1168 2299; x_wconf 71' lang='lat' dir='ltr'>computandi</span> <span class='ocrx_word' id='word_1_334' title='bbox 1199 2241 1490 2286; x_wconf 79' lang='lat' dir='ltr'>librationem</span> <span class='ocrx_word' id='word_1_335' title='bbox 1530 2255 1610 2286; x_wconf 85' lang='lat' dir='ltr'>seu</span> <span class='ocrx_word' id='word_1_336' title='bbox 1646 2241 1991 2286; x_wconf 82' lang='lat' dir='ltr'>inclinationem</span> <span class='ocrx_word' id='word_1_337' title='bbox 2031 2241 2189 2287; x_wconf 80' lang='lat' dir='ltr'>limitis</span> <span class='ocrx_word' id='word_1_338' title='bbox 2219 2240 2474 2288; x_wconf 78' lang='lat' dir='ltr'>menstrui?</span> <span class='ocrx_word' id='word_1_339' title='bbox 2545 2261 2551 2307; x_wconf 63' lang='lat' dir='ltr'>g</span> 
     </span>
    </p>
   </div>
   <div class='ocr_carea' id='block_1_12' title="bbox 1471 2324 1731 2332">
    <p class='ocr_par' dir='ltr' id='par_1_13' title="bbox 1471 2324 1731 2332">
     <span class='ocr_line' id='line_1_30' title="bbox 1471 2324 1731 2332; baseline 0 0"><span class='ocrx_word' id='word_1_340' title='bbox 1471 2324 1731 2332; x_wconf 95' lang='lat' dir='ltr'> </span> 
     </span>
    </p>
   </div>
   <div class='ocr_carea' id='block_1_13' title="bbox 1475 2383 1734 2389">
    <p class='ocr_par' dir='ltr' id='par_1_14' title="bbox 1475 2383 1734 2389">
     <span class='ocr_line' id='line_1_31' title="bbox 1475 2383 1734 2389; baseline 0 0"><span class='ocrx_word' id='word_1_341' title='bbox 1475 2383 1734 2389; x_wconf 95' lang='lat' dir='ltr'> </span> 
     </span>
    </p>
   </div>
   <div class='ocr_carea' id='block_1_14' title="bbox 1471 2442 1731 2449">
    <p class='ocr_par' dir='ltr' id='par_1_15' title="bbox 1471 2442 1731 2449">
     <span class='ocr_line' id='line_1_32' title="bbox 1471 2442 1731 2449; baseline 0 0"><span class='ocrx_word' id='word_1_342' title='bbox 1471 2442 1731 2449; x_wconf 95' lang='lat' dir='ltr'> </span> 
     </span>
    </p>
   </div>
   <div class='ocr_carea' id='block_1_15' title="bbox 1868 2478 2030 2485">
    <p class='ocr_par' dir='ltr' id='par_1_16' title="bbox 1868 2478 2030 2485">
     <span class='ocr_line' id='line_1_33' title="bbox 1868 2478 2030 2485; baseline 0 0"><span class='ocrx_word' id='word_1_343' title='bbox 1868 2478 2030 2485; x_wconf 95' lang='lat' dir='ltr'> </span> 
     </span>
    </p>
   </div>
   <div class='ocr_carea' id='block_1_16' title="bbox 640 2300 2539 2664">
    <p class='ocr_par' dir='ltr' id='par_1_17' title="bbox 640 2300 2539 2664">
     <span class='ocr_line' id='line_1_34' title="bbox 640 2300 1922 2343; baseline 0.002 -3"><span class='ocrx_word' id='word_1_344' title='bbox 640 2302 779 2341; x_wconf 81' lang='lat' dir='ltr'>Distet</span> <span class='ocrx_word' id='word_1_345' title='bbox 812 2301 885 2342; x_wconf 85' lang='lat' dir='ltr'>Sol</span> <span class='ocrx_word' id='word_1_346' title='bbox 918 2315 941 2341; x_wconf 87' lang='lat' dir='ltr'>a</span> <span class='ocrx_word' id='word_1_347' title='bbox 972 2303 1082 2342; x_wconf 93' lang='lat' dir='ltr'>nodo</span> <span class='ocrx_word' id='word_1_348' title='bbox 1145 2333 1155 2343; x_wconf 92' lang='lat'><strong>.</strong></span> <span class='ocrx_word' id='word_1_349' title='bbox 1221 2333 1230 2343; x_wconf 91' lang='lat'><strong>.</strong></span> <span class='ocrx_word' id='word_1_350' title='bbox 1383 2303 1462 2342; x_wconf 79' lang='lat'>30⁰</span> <span class='ocrx_word' id='word_1_351' title='bbox 1746 2303 1810 2341; x_wconf 77' lang='lat' dir='ltr'>vel</span> <span class='ocrx_word' id='word_1_352' title='bbox 1843 2300 1922 2342; x_wconf 84' lang='lat'>60⁰</span> 
     </span>
     <span class='ocr_line' id='line_1_35' title="bbox 641 2359 2003 2411; baseline 0.001 -10"><span class='ocrx_word' id='word_1_353' title='bbox 641 2360 765 2405; x_wconf 77' lang='lat' dir='ltr'>Sinus</span> <span class='ocrx_word' id='word_1_354' title='bbox 798 2359 1091 2411; x_wconf 79' lang='lat' dir='ltr'>complementi</span> <span class='ocrx_word' id='word_1_355' title='bbox 1149 2393 1158 2403; x_wconf 92' lang='lat'><strong>.</strong></span> <span class='ocrx_word' id='word_1_356' title='bbox 1224 2390 1236 2403; x_wconf 83' lang='grc'><strong>.</strong></span> <span class='ocrx_word' id='word_1_357' title='bbox 1266 2362 1427 2402; x_wconf 87' lang='grc'><strong>86603.</strong></span> <span class='ocrx_word' id='word_1_358' title='bbox 1743 2361 1809 2400; x_wconf 84' lang='lat' dir='ltr'>vel</span> <span class='ocrx_word' id='word_1_359' title='bbox 1842 2361 2003 2402; x_wconf 84' lang='lat'><strong>50000.</strong></span> 
     </span>
     <span class='ocr_line' id='line_1_36' title="bbox 642 2417 2032 2461; baseline 0.001 -3"><span class='ocrx_word' id='word_1_360' title='bbox 642 2417 774 2458; x_wconf 80' lang='lat' dir='ltr'>Aufer</span> <span class='ocrx_word' id='word_1_361' title='bbox 805 2419 1009 2459; x_wconf 86' lang='lat' dir='ltr'>decimam</span> <span class='ocrx_word' id='word_1_362' title='bbox 1080 2449 1092 2461; x_wconf 83' lang='lat'><strong>.</strong></span> <span class='ocrx_word' id='word_1_363' title='bbox 1153 2450 1163 2461; x_wconf 90' lang='lat'><strong>.</strong></span> <span class='ocrx_word' id='word_1_364' title='bbox 1225 2447 1235 2458; x_wconf 82' lang='grc'><strong>.</strong></span> <span class='ocrx_word' id='word_1_365' title='bbox 1296 2420 1454 2460; x_wconf 86' lang='grc'><strong>86603.</strong></span> <span class='ocrx_word' id='word_1_366' title='bbox 1744 2417 1811 2458; x_wconf 82' lang='lat' dir='ltr'>vel</span> <span class='ocrx_word' id='word_1_367' title='bbox 1873 2421 2032 2460; x_wconf 85' lang='lat'><strong>50000.</strong></span> 
     </span>
     <span class='ocr_line' id='line_1_37' title="bbox 1061 2492 2030 2534; baseline 0.003 -3"><span class='ocrx_word' id='word_1_368' title='bbox 1061 2492 1206 2531; x_wconf 77' lang='lat' dir='ltr'>Restat</span> <span class='ocrx_word' id='word_1_369' title='bbox 1267 2493 1454 2534; x_wconf 76' lang='lat'><strong>7⁷94‘27.</strong></span> <span class='ocrx_word' id='word_1_370' title='bbox 1838 2494 2030 2534; x_wconf 85' lang='lat'>450000.</span> 
     </span>
     <span class='ocr_line' id='line_1_38' title="bbox 857 2549 2031 2601; baseline 0.002 -12"><span class='ocrx_word' id='word_1_371' title='bbox 857 2549 1002 2601; x_wconf 85' lang='lat' dir='ltr'>Hujus</span> <span class='ocrx_word' id='word_1_372' title='bbox 1034 2549 1209 2601; x_wconf 91' lang='lat' dir='ltr'>duplum</span> <span class='ocrx_word' id='word_1_373' title='bbox 1243 2553 1460 2592; x_wconf 84' lang='lat'>1558854.</span> <span class='ocrx_word' id='word_1_374' title='bbox 1845 2553 2031 2593; x_wconf 88' lang='lat'>900000.</span> 
     </span>
     <span class='ocr_line' id='line_1_39' title="bbox 756 2606 2539 2664; baseline -0.001 -16"><span class='ocrx_word' id='word_1_375' title='bbox 756 2606 950 2663; x_wconf 84' lang='lat' dir='ltr'>(absectis</span> <span class='ocrx_word' id='word_1_376' title='bbox 985 2610 1010 2650; x_wconf 92' lang='grc'><strong>5</strong></span> <span class='ocrx_word' id='word_1_377' title='bbox 1043 2608 1219 2664; x_wconf 87' lang='lat' dir='ltr'>ultimis)</span> <span class='ocrx_word' id='word_1_378' title='bbox 1254 2611 1323 2651; x_wconf 84' lang='lat'>15¹</span> <span class='ocrx_word' id='word_1_379' title='bbox 1355 2611 1441 2652; x_wconf 82' lang='lat'>35¹‘</span> <span class='ocrx_word' id='word_1_380' title='bbox 1712 2607 1781 2651; x_wconf 86' lang='lat' dir='ltr'>vel</span> <span class='ocrx_word' id='word_1_381' title='bbox 1827 2612 1868 2651; x_wconf 81' lang='lat'>9¹</span> <span class='ocrx_word' id='word_1_382' title='bbox 1908 2611 1966 2652; x_wconf 78' lang='lat'>0⁴⁴</span> <span class='ocrx_word' id='word_1_383' title='bbox 2000 2614 2060 2650; x_wconf 82' lang='lat' dir='ltr'>est</span> <span class='ocrx_word' id='word_1_384' title='bbox 2081 2607 2297 2654; x_wconf 78' lang='lat' dir='ltr'>inclinatio</span> <span class='ocrx_word' id='word_1_385' title='bbox 2322 2607 2471 2654; x_wconf 59' lang='lat' dir='ltr'>limitis</span> <span class='ocrx_word' id='word_1_386' title='bbox 2535 2635 2539 2645; x_wconf 76' lang='lat'><em>.</em></span> 
     </span>
    </p>
   </div>
   <div class='ocr_carea' id='block_1_17' title="bbox 203 2668 418 2708">
    <p class='ocr_par' dir='ltr' id='par_1_18' title="bbox 203 2668 418 2708">
     <span class='ocr_line' id='line_1_40' title="bbox 203 2668 418 2708; baseline -0.009 0"><span class='ocrx_word' id='word_1_387' title='bbox 203 2668 418 2708; x_wconf 84' lang='lat' dir='ltr'>menstrui.</span> 
     </span>
    </p>
   </div>
   <div class='ocr_carea' id='block_1_18' title="bbox 205 2737 2545 2879">
    <p class='ocr_par' dir='ltr' id='par_1_19' title="bbox 205 2737 2545 2879">
     <span class='ocr_line' id='line_1_41' title="bbox 350 2737 2536 2808; baseline 0 -18"><span class='ocrx_word' id='word_1_388' title='bbox 350 2741 483 2804; x_wconf 76' lang='lat' dir='ltr'>Quid</span> <span class='ocrx_word' id='word_1_389' title='bbox 537 2742 767 2808; x_wconf 73' lang='lat' dir='ltr'>appellas</span> <span class='ocrx_word' id='word_1_390' title='bbox 819 2743 1069 2804; x_wconf 85' lang='lat' dir='ltr'>scrupula</span> <span class='ocrx_word' id='word_1_391' title='bbox 1125 2741 1450 2791; x_wconf 80' lang='lat' dir='ltr'>latitudinis?</span> <span class='ocrx_word' id='word_1_392' title='bbox 1522 2740 1646 2790; x_wconf 89' lang='lat' dir='ltr'>Sunt</span> <span class='ocrx_word' id='word_1_393' title='bbox 1706 2741 1841 2789; x_wconf 86' lang='lat' dir='ltr'>sinus</span> <span class='ocrx_word' id='word_1_394' title='bbox 1892 2740 2354 2805; x_wconf 87' lang='lat' dir='ltr'>complementorum</span> <span class='ocrx_word' id='word_1_395' title='bbox 2408 2737 2469 2802; x_wconf 80' lang='lat' dir='ltr'>ad</span> <span class='ocrx_word' id='word_1_396' title='bbox 2533 2766 2536 2777; x_wconf 84' lang='lat'><strong>·</strong></span> 
     </span>
     <span class='ocr_line' id='line_1_42' title="bbox 205 2812 2545 2879; baseline -0.001 -16"><span class='ocrx_word' id='word_1_397' title='bbox 205 2827 355 2863; x_wconf 90' lang='lat' dir='ltr'>unum</span> <span class='ocrx_word' id='word_1_398' title='bbox 394 2814 474 2864; x_wconf 84' lang='lat' dir='ltr'>vel</span> <span class='ocrx_word' id='word_1_399' title='bbox 512 2820 609 2864; x_wconf 87' lang='lat' dir='ltr'>tres</span> <span class='ocrx_word' id='word_1_400' title='bbox 649 2814 944 2879; x_wconf 86' lang='lat' dir='ltr'>quadrantes</span> <span class='ocrx_word' id='word_1_401' title='bbox 982 2814 1063 2864; x_wconf 89' lang='lat' dir='ltr'>vel</span> <span class='ocrx_word' id='word_1_402' title='bbox 1102 2829 1390 2864; x_wconf 86' lang='lat' dir='ltr'>excessuum</span> <span class='ocrx_word' id='word_1_403' title='bbox 1431 2829 1576 2879; x_wconf 87' lang='lat' dir='ltr'>super</span> <span class='ocrx_word' id='word_1_404' title='bbox 1613 2829 1762 2864; x_wconf 89' lang='lat' dir='ltr'>unum</span> <span class='ocrx_word' id='word_1_405' title='bbox 1808 2813 1887 2863; x_wconf 89' lang='lat' dir='ltr'>vel</span> <span class='ocrx_word' id='word_1_406' title='bbox 1926 2821 2021 2876; x_wconf 79' lang='lat' dir='ltr'>tres</span> <span class='ocrx_word' id='word_1_407' title='bbox 2062 2813 2356 2878; x_wconf 86' lang='lat' dir='ltr'>quadrantes</span> <span class='ocrx_word' id='word_1_408' title='bbox 2394 2812 2500 2865; x_wconf 56' lang='lat' dir='ltr'>die·</span> <span class='ocrx_word' id='word_1_409' title='bbox 2544 2857 2545 2861; x_wconf 74' lang='grc'>,</span> 
     </span>
    </p>
   </div>
   <div class='ocr_carea' id='block_1_19' title="bbox 206 2883 2550 2951">
    <p class='ocr_par' dir='ltr' id='par_1_20' title="bbox 206 2883 2550 2951">
     <span class='ocr_line' id='line_1_43' title="bbox 206 2883 2550 2951; baseline 0 -16"><span class='ocrx_word' id='word_1_410' title='bbox 206 2889 415 2937; x_wconf 89' lang='lat' dir='ltr'>stantiae</span> <span class='ocrx_word' id='word_1_411' title='bbox 454 2883 591 2937; x_wconf 42' lang='lat' dir='ltr'>Solis*</span> <span class='ocrx_word' id='word_1_412' title='bbox 623 2903 652 2936; x_wconf 89' lang='lat' dir='ltr'>a</span> <span class='ocrx_word' id='word_1_413' title='bbox 690 2887 819 2937; x_wconf 92' lang='lat' dir='ltr'>nodo</span> <span class='ocrx_word' id='word_1_414' title='bbox 858 2887 1031 2937; x_wconf 84' lang='lat' dir='ltr'>Lunae</span> <span class='ocrx_word' id='word_1_415' title='bbox 1072 2888 1339 2948; x_wconf 88' lang='lat' dir='ltr'>evehente,</span> <span class='ocrx_word' id='word_1_416' title='bbox 1378 2887 1562 2937; x_wconf 89' lang='lat' dir='ltr'>redacti</span> <span class='ocrx_word' id='word_1_417' title='bbox 1604 2889 1651 2934; x_wconf 92' lang='lat' dir='ltr'>in</span> <span class='ocrx_word' id='word_1_418' title='bbox 1691 2886 1918 2951; x_wconf 87' lang='lat' dir='ltr'>scrupula</span> <span class='ocrx_word' id='word_1_419' title='bbox 1955 2889 2306 2948; x_wconf 85' lang='lat' dir='ltr'>astronomica,</span> <span class='ocrx_word' id='word_1_420' title='bbox 2346 2900 2468 2949; x_wconf 80' lang='lat' dir='ltr'>qua·-</span> <span class='ocrx_word' id='word_1_421' title='bbox 2528 2900 2550 2926; x_wconf 89' lang='lat'>··</span> 
     </span>
    </p>
   </div>
   <div class='ocr_carea' id='block_1_20' title="bbox 204 2959 2530 3024">
    <p class='ocr_par' dir='ltr' id='par_1_21' title="bbox 204 2959 2530 3024">
     <span class='ocr_line' id='line_1_44' title="bbox 204 2959 2530 3024; baseline -0 -17"><span class='ocrx_word' id='word_1_422' title='bbox 204 2959 323 3008; x_wconf 90' lang='lat' dir='ltr'>lium</span> <span class='ocrx_word' id='word_1_423' title='bbox 357 2963 495 3009; x_wconf 63' lang='lat' dir='ltr'>vsinus</span> <span class='ocrx_word' id='word_1_424' title='bbox 534 2966 664 3010; x_wconf 90' lang='lat' dir='ltr'>totus</span> <span class='ocrx_word' id='word_1_425' title='bbox 686 2961 817 3010; x_wconf 85' lang='lat' dir='ltr'>valet</span> <span class='ocrx_word' id='word_1_426' title='bbox 858 2962 958 3021; x_wconf 86' lang='lat'>60‘,</span> <span class='ocrx_word' id='word_1_427' title='bbox 998 2976 1084 3010; x_wconf 88' lang='lat' dir='ltr'>seu</span> <span class='ocrx_word' id='word_1_428' title='bbox 1124 2968 1237 3010; x_wconf 88' lang='lat' dir='ltr'>sunt</span> <span class='ocrx_word' id='word_1_429' title='bbox 1275 2961 1420 3024; x_wconf 89' lang='lat' dir='ltr'>tripla</span> <span class='ocrx_word' id='word_1_430' title='bbox 1456 2962 1768 3024; x_wconf 86' lang='lat' dir='ltr'>sesquitertia</span> <span class='ocrx_word' id='word_1_431' title='bbox 1792 2959 1960 3024; x_wconf 90' lang='lat' dir='ltr'>anguli</span> <span class='ocrx_word' id='word_1_432' title='bbox 1987 2960 2314 3010; x_wconf 90' lang='lat' dir='ltr'>inclinationis</span> <span class='ocrx_word' id='word_1_433' title='bbox 2339 2959 2468 3008; x_wconf 82' lang='lat' dir='ltr'>limi·</span> <span class='ocrx_word' id='word_1_434' title='bbox 2527 2959 2530 2981; x_wconf 71' lang='lat'><em>²</em></span> 
     </span>
    </p>
   </div>
   <div class='ocr_carea' id='block_1_21' title="bbox 207 3033 1868 3097">
    <p class='ocr_par' dir='ltr' id='par_1_22' title="bbox 207 3033 1868 3097">
     <span class='ocr_line' id='line_1_45' title="bbox 207 3033 1868 3097; baseline 0 -16"><span class='ocrx_word' id='word_1_435' title='bbox 207 3037 309 3081; x_wconf 88' lang='lat' dir='ltr'>tum</span> <span class='ocrx_word' id='word_1_436' title='bbox 352 3037 738 3095; x_wconf 80' lang='lat' dir='ltr'>menstruorum,</span> <span class='ocrx_word' id='word_1_437' title='bbox 772 3036 821 3081; x_wconf 92' lang='lat' dir='ltr'>in</span> <span class='ocrx_word' id='word_1_438' title='bbox 861 3033 1081 3097; x_wconf 89' lang='lat' dir='ltr'>quolibet</span> <span class='ocrx_word' id='word_1_439' title='bbox 1118 3049 1284 3083; x_wconf 88' lang='lat' dir='ltr'>mense</span> <span class='ocrx_word' id='word_1_440' title='bbox 1324 3033 1547 3083; x_wconf 89' lang='lat' dir='ltr'>technico</span> <span class='ocrx_word' id='word_1_441' title='bbox 1588 3035 1868 3082; x_wconf 89' lang='lat' dir='ltr'>constantis.</span> 
     </span>
    </p>
   </div>
   <div class='ocr_carea' id='block_1_22' title="bbox 352 3103 2525 3185">
    <p class='ocr_par' dir='ltr' id='par_1_23' title="bbox 352 3103 2525 3185">
     <span class='ocr_line' id='line_1_46' title="bbox 352 3103 2525 3185; baseline -0 -30"><span class='ocrx_word' id='word_1_442' title='bbox 352 3106 484 3165; x_wconf 75' lang='lat' dir='ltr'>Quid</span> <span class='ocrx_word' id='word_1_443' title='bbox 528 3113 596 3156; x_wconf 82' lang='lat' dir='ltr'>est</span> <span class='ocrx_word' id='word_1_444' title='bbox 633 3113 998 3170; x_wconf 72' lang='lat' dir='ltr'>aryumentum</span> <span class='ocrx_word' id='word_1_445' title='bbox 1044 3114 1363 3156; x_wconf 81' lang='lat' dir='ltr'>menstruum</span> <span class='ocrx_word' id='word_1_446' title='bbox 1414 3105 1740 3156; x_wconf 76' lang='lat' dir='ltr'>latitudinis?</span> <span class='ocrx_word' id='word_1_447' title='bbox 1815 3107 1902 3155; x_wconf 90' lang='lat' dir='ltr'>Est</span> <span class='ocrx_word' id='word_1_448' title='bbox 1946 3103 2083 3173; x_wconf 25' lang='lat' dir='ltr'>nihil·</span> <span class='ocrx_word' id='word_1_449' title='bbox 2105 3103 2269 3167; x_wconf 89' lang='lat' dir='ltr'>aliud,</span> <span class='ocrx_word' id='word_1_450' title='bbox 2323 3118 2481 3168; x_wconf 64' lang='lat' dir='ltr'>quam.</span> <span class='ocrx_word' id='word_1_451' title='bbox 2521 3126 2525 3185; x_wconf 61' lang='lat' dir='ltr'>j</span> 
     </span>
    </p>
   </div>
   <div class='ocr_carea' id='block_1_23' title="bbox 209 3175 1825 3230">
    <p class='ocr_par' dir='ltr' id='par_1_24' title="bbox 209 3175 1825 3230">
     <span class='ocr_line' id='line_1_47' title="bbox 209 3175 1825 3230; baseline 0.002 -5"><span class='ocrx_word' id='word_1_452' title='bbox 209 3175 443 3227; x_wconf 88' lang='lat' dir='ltr'>distantia</span> <span class='ocrx_word' id='word_1_453' title='bbox 482 3181 583 3228; x_wconf 88' lang='lat' dir='ltr'>veri</span> <span class='ocrx_word' id='word_1_454' title='bbox 623 3186 670 3229; x_wconf 90' lang='lat' dir='ltr'>et</span> <span class='ocrx_word' id='word_1_455' title='bbox 708 3179 922 3229; x_wconf 86' lang='lat' dir='ltr'>absoluti</span> <span class='ocrx_word' id='word_1_456' title='bbox 959 3179 1054 3228; x_wconf 89' lang='lat' dir='ltr'>loci</span> <span class='ocrx_word' id='word_1_457' title='bbox 1095 3180 1266 3229; x_wconf 91' lang='lat' dir='ltr'>Lunae</span> <span class='ocrx_word' id='word_1_458' title='bbox 1306 3196 1336 3228; x_wconf 91' lang='lat' dir='ltr'>a</span> <span class='ocrx_word' id='word_1_459' title='bbox 1375 3194 1491 3230; x_wconf 88' lang='lat' dir='ltr'>vero</span> <span class='ocrx_word' id='word_1_460' title='bbox 1532 3178 1640 3228; x_wconf 93' lang='lat' dir='ltr'>loco</span> <span class='ocrx_word' id='word_1_461' title='bbox 1679 3178 1825 3229; x_wconf 77' lang='lat' dir='ltr'>Solis·</span> 
     </span>
    </p>
   </div>
   <div class='ocr_carea' id='block_1_24' title="bbox 207 3250 2522 3461">
    <p class='ocr_par' dir='ltr' id='par_1_25' title="bbox 207 3250 2522 3461">
     <span class='ocr_line' id='line_1_48' title="bbox 355 3250 2522 3315; baseline 0 -17"><span class='ocrx_word' id='word_1_462' title='bbox 355 3252 485 3312; x_wconf 75' lang='lat' dir='ltr'>Quid</span> <span class='ocrx_word' id='word_1_463' title='bbox 522 3259 588 3300; x_wconf 87' lang='lat' dir='ltr'>est</span> <span class='ocrx_word' id='word_1_464' title='bbox 624 3253 840 3312; x_wconf 85' lang='lat' dir='ltr'>latitudo</span> <span class='ocrx_word' id='word_1_465' title='bbox 878 3252 1061 3301; x_wconf 85' lang='lat' dir='ltr'>Lunae</span> <span class='ocrx_word' id='word_1_466' title='bbox 1098 3253 1399 3302; x_wconf 82' lang='lat' dir='ltr'>menstrua?</span> <span class='ocrx_word' id='word_1_467' title='bbox 1471 3253 1559 3301; x_wconf 88' lang='lat' dir='ltr'>Est</span> <span class='ocrx_word' id='word_1_468' title='bbox 1595 3267 1736 3300; x_wconf 89' lang='lat' dir='ltr'>arcus</span> <span class='ocrx_word' id='word_1_469' title='bbox 1776 3250 1940 3300; x_wconf 87' lang='lat' dir='ltr'>circuli</span> <span class='ocrx_word' id='word_1_470' title='bbox 1979 3251 2144 3312; x_wconf 87' lang='lat' dir='ltr'>magni</span> <span class='ocrx_word' id='word_1_471' title='bbox 2183 3251 2274 3300; x_wconf 93' lang='lat' dir='ltr'>sub</span> <span class='ocrx_word' id='word_1_472' title='bbox 2316 3250 2466 3314; x_wconf 54' lang='lat' dir='ltr'>eclipq</span> <span class='ocrx_word' id='word_1_473' title='bbox 2516 3250 2522 3315; x_wconf 67' lang='lat' dir='ltr'>J</span> 
     </span>
     <span class='ocr_line' id='line_1_49' title="bbox 209 3321 2518 3389; baseline 0.002 -19"><span class='ocrx_word' id='word_1_474' title='bbox 209 3322 306 3370; x_wconf 90' lang='lat' dir='ltr'>tica</span> <span class='ocrx_word' id='word_1_475' title='bbox 354 3321 622 3386; x_wconf 70' lang='lat' dir='ltr'>descripti,</span> <span class='ocrx_word' id='word_1_476' title='bbox 658 3326 796 3388; x_wconf 89' lang='lat' dir='ltr'>cujus</span> <span class='ocrx_word' id='word_1_477' title='bbox 844 3325 1045 3389; x_wconf 86' lang='lat' dir='ltr'>planum</span> <span class='ocrx_word' id='word_1_478' title='bbox 1093 3327 1331 3374; x_wconf 89' lang='lat' dir='ltr'>transiens</span> <span class='ocrx_word' id='word_1_479' title='bbox 1380 3340 1466 3388; x_wconf 91' lang='lat' dir='ltr'>per</span> <span class='ocrx_word' id='word_1_480' title='bbox 1518 3331 1683 3374; x_wconf 89' lang='lat' dir='ltr'>centra</span> <span class='ocrx_word' id='word_1_481' title='bbox 1730 3323 1938 3372; x_wconf 89' lang='lat' dir='ltr'>Telluris</span> <span class='ocrx_word' id='word_1_482' title='bbox 1987 3329 2036 3372; x_wconf 91' lang='lat' dir='ltr'>et</span> <span class='ocrx_word' id='word_1_483' title='bbox 2072 3323 2243 3373; x_wconf 89' lang='lat' dir='ltr'>Lunae</span> <span class='ocrx_word' id='word_1_484' title='bbox 2289 3324 2352 3372; x_wconf 92' lang='lat' dir='ltr'>sit</span> <span class='ocrx_word' id='word_1_485' title='bbox 2402 3321 2464 3382; x_wconf 69' lang='lat' dir='ltr'>ad</span> <span class='ocrx_word' id='word_1_486' title='bbox 2515 3366 2518 3375; x_wconf 90' lang='lat'>.</span> 
     </span>
     <span class='ocr_line' id='line_1_50' title="bbox 207 3394 2516 3461; baseline -0 -19"><span class='ocrx_word' id='word_1_487' title='bbox 207 3400 366 3444; x_wconf 90' lang='lat' dir='ltr'>rectos</span> <span class='ocrx_word' id='word_1_488' title='bbox 407 3403 617 3444; x_wconf 88' lang='lat' dir='ltr'>erectum</span> <span class='ocrx_word' id='word_1_489' title='bbox 655 3413 799 3461; x_wconf 90' lang='lat' dir='ltr'>super</span> <span class='ocrx_word' id='word_1_490' title='bbox 819 3399 1034 3461; x_wconf 91' lang='lat' dir='ltr'>planum,</span> <span class='ocrx_word' id='word_1_491' title='bbox 1076 3401 1318 3448; x_wconf 89' lang='lat' dir='ltr'>constanti</span> <span class='ocrx_word' id='word_1_492' title='bbox 1358 3398 1539 3460; x_wconf 87' lang='lat' dir='ltr'>angulo</span> <span class='ocrx_word' id='word_1_493' title='bbox 1582 3398 1636 3446; x_wconf 68' lang='lat'>5⁹</span> <span class='ocrx_word' id='word_1_494' title='bbox 1674 3396 1957 3444; x_wconf 88' lang='lat' dir='ltr'>inclinatum</span> <span class='ocrx_word' id='word_1_495' title='bbox 1984 3394 2050 3443; x_wconf 90' lang='lat' dir='ltr'>ad</span> <span class='ocrx_word' id='word_1_496' title='bbox 2076 3395 2274 3458; x_wconf 88' lang='lat' dir='ltr'>planum</span> <span class='ocrx_word' id='word_1_497' title='bbox 2313 3395 2463 3458; x_wconf 89' lang='lat' dir='ltr'>eclip-</span> <span class='ocrx_word' id='word_1_498' title='bbox 2514 3420 2516 3426; x_wconf 66' lang='lat'>=</span> 
     </span>
    </p>
   </div>
   <div class='ocr_carea' id='block_1_25' title="bbox 209 3468 2459 3536">
    <p class='ocr_par' dir='ltr' id='par_1_26' title="bbox 209 3468 2459 3536">
     <span class='ocr_line' id='line_1_51' title="bbox 209 3468 2459 3536; baseline 0 -19"><span class='ocrx_word' id='word_1_499' title='bbox 209 3469 350 3528; x_wconf 70' lang='lat' dir='ltr'>ficas,</span> <span class='ocrx_word' id='word_1_500' title='bbox 388 3469 684 3531; x_wconf 89' lang='lat' dir='ltr'>interceptus</span> <span class='ocrx_word' id='word_1_501' title='bbox 722 3473 846 3519; x_wconf 90' lang='lat' dir='ltr'>inter</span> <span class='ocrx_word' id='word_1_502' title='bbox 882 3471 975 3520; x_wconf 92' lang='lat' dir='ltr'>hoc</span> <span class='ocrx_word' id='word_1_503' title='bbox 1018 3472 1218 3536; x_wconf 90' lang='lat' dir='ltr'>planum</span> <span class='ocrx_word' id='word_1_504' title='bbox 1255 3473 1593 3520; x_wconf 91' lang='lat' dir='ltr'>continuatum</span> <span class='ocrx_word' id='word_1_505' title='bbox 1632 3475 1680 3518; x_wconf 92' lang='lat' dir='ltr'>et</span> <span class='ocrx_word' id='word_1_506' title='bbox 1718 3470 1841 3520; x_wconf 88' lang='lat' dir='ltr'>inter</span> <span class='ocrx_word' id='word_1_507' title='bbox 1866 3468 2027 3516; x_wconf 89' lang='lat' dir='ltr'>locum</span> <span class='ocrx_word' id='word_1_508' title='bbox 2054 3470 2203 3517; x_wconf 90' lang='lat' dir='ltr'>centri</span> <span class='ocrx_word' id='word_1_509' title='bbox 2231 3469 2459 3531; x_wconf 64' lang='lat' dir='ltr'>corporis.</span> 
     </span>
    </p>
   </div>
   <div class='ocr_carea' id='block_1_26' title="bbox 209 3539 2511 3681">
    <p class='ocr_par' dir='ltr' id='par_1_27' title="bbox 209 3539 2511 3686">
     <span class='ocr_line' id='line_1_52' title="bbox 355 3539 2511 3607; baseline 0.001 -17"><span class='ocrx_word' id='word_1_510' title='bbox 355 3540 611 3603; x_wconf 80' lang='lat' dir='ltr'>Quomodo</span> <span class='ocrx_word' id='word_1_511' title='bbox 649 3544 1012 3604; x_wconf 79' lang='lat' dir='ltr'>computatur?</span> <span class='ocrx_word' id='word_1_512' title='bbox 1085 3544 1496 3607; x_wconf 89' lang='lat' dir='ltr'>Multiplicatione</span> <span class='ocrx_word' id='word_1_513' title='bbox 1522 3541 1856 3606; x_wconf 83' lang='lat' dir='ltr'>scrupulorum</span> <span class='ocrx_word' id='word_1_514' title='bbox 1892 3539 2165 3589; x_wconf 91' lang='lat' dir='ltr'>latitudinis</span> <span class='ocrx_word' id='word_1_515' title='bbox 2190 3547 2461 3593; x_wconf 56' lang='lat' dir='ltr'>menstruo-4</span> <span class='ocrx_word' id='word_1_516' title='bbox 2510 3569 2511 3572; x_wconf 38' lang='lat'>¹</span> 
     </span>
     <span class='ocr_line' id='line_1_53' title="bbox 209 3613 2460 3681; baseline 0 -18"><span class='ocrx_word' id='word_1_517' title='bbox 209 3629 312 3663; x_wconf 88' lang='lat' dir='ltr'>rum</span> <span class='ocrx_word' id='word_1_518' title='bbox 370 3614 420 3660; x_wconf 90' lang='lat' dir='ltr'>in</span> <span class='ocrx_word' id='word_1_519' title='bbox 484 3613 848 3663; x_wconf 89' lang='lat' dir='ltr'>inclinationem</span> <span class='ocrx_word' id='word_1_520' title='bbox 901 3617 1092 3679; x_wconf 90' lang='lat' dir='ltr'>limitis,</span> <span class='ocrx_word' id='word_1_521' title='bbox 1162 3623 1447 3681; x_wconf 86' lang='lat' dir='ltr'>argumento</span> <span class='ocrx_word' id='word_1_522' title='bbox 1516 3614 1786 3665; x_wconf 89' lang='lat' dir='ltr'>latitudinis</span> <span class='ocrx_word' id='word_1_523' title='bbox 1841 3618 2088 3662; x_wconf 90' lang='lat' dir='ltr'>menstruo</span> <span class='ocrx_word' id='word_1_524' title='bbox 2149 3620 2352 3678; x_wconf 84' lang='lat' dir='ltr'>excepto</span> <span class='ocrx_word' id='word_1_525' title='bbox 2403 3625 2460 3675; x_wconf 56' lang='lat' dir='ltr'>en</span> 
     </span>
    </p>
   </div>
   <div class='ocr_carea' id='block_1_27' title="bbox 208 3685 2456 3838">
    <p class='ocr_par' dir='ltr' id='par_1_28' title="bbox 208 3685 2456 3838">
     <span class='ocr_line' id='line_1_54' title="bbox 208 3685 1970 3750; baseline -0.002 -14"><span class='ocrx_word' id='word_1_526' title='bbox 208 3702 372 3737; x_wconf 89' lang='lat' dir='ltr'>mense</span> <span class='ocrx_word' id='word_1_527' title='bbox 409 3685 568 3750; x_wconf 80' lang='lat' dir='ltr'>pleno,</span> <span class='ocrx_word' id='word_1_528' title='bbox 1964 3743 1970 3745; x_wconf 13' lang='lat' dir='ltr'>q</span> 
     </span>
     <span class='ocr_line' id='line_1_55' title="bbox 355 3772 2456 3838; baseline -0.001 -15"><span class='ocrx_word' id='word_1_529' title='bbox 355 3774 489 3837; x_wconf 79' lang='lat' dir='ltr'>Quid</span> <span class='ocrx_word' id='word_1_530' title='bbox 538 3775 858 3835; x_wconf 78' lang='lat' dir='ltr'>consequitur</span> <span class='ocrx_word' id='word_1_531' title='bbox 908 3773 1039 3822; x_wconf 83' lang='lat' dir='ltr'>hane</span> <span class='ocrx_word' id='word_1_532' title='bbox 1091 3778 1482 3838; x_wconf 76' lang='lat' dir='ltr'>suppositionem</span> <span class='ocrx_word' id='word_1_533' title='bbox 1518 3775 1804 3837; x_wconf 74' lang='lat' dir='ltr'>yeminatae</span> <span class='ocrx_word' id='word_1_534' title='bbox 1841 3772 2128 3820; x_wconf 83' lang='lat' dir='ltr'>latitudinis</span> <span class='ocrx_word' id='word_1_535' title='bbox 2176 3775 2232 3821; x_wconf 88' lang='lat' dir='ltr'>in</span> <span class='ocrx_word' id='word_1_536' title='bbox 2267 3778 2456 3821; x_wconf 85' lang='lat' dir='ltr'>motum</span> 
     </span>
    </p>
   </div>
   <div class='ocr_carea' id='block_1_28' title="bbox 208 3840 2476 3910">
    <p class='ocr_par' dir='ltr' id='par_1_29' title="bbox 208 3840 2476 3910">
     <span class='ocr_line' id='line_1_56' title="bbox 208 3840 2476 3910; baseline -0.002 -11"><span class='ocrx_word' id='word_1_537' title='bbox 208 3847 499 3899; x_wconf 76' lang='lat' dir='ltr'>nodorum?</span> <span class='ocrx_word' id='word_1_538' title='bbox 552 3846 730 3898; x_wconf 48' lang='lat' dir='ltr'>‘Verus</span> <span class='ocrx_word' id='word_1_539' title='bbox 768 3845 926 3895; x_wconf 91' lang='lat' dir='ltr'>nodus</span> <span class='ocrx_word' id='word_1_540' title='bbox 952 3861 1051 3896; x_wconf 38' lang='lat' dir='ltr'>*seu</span> <span class='ocrx_word' id='word_1_541' title='bbox 1088 3849 1366 3898; x_wconf 90' lang='lat' dir='ltr'>intersectio</span> <span class='ocrx_word' id='word_1_542' title='bbox 1417 3849 1571 3910; x_wconf 89' lang='lat' dir='ltr'>ipsius</span> <span class='ocrx_word' id='word_1_543' title='bbox 1610 3846 1795 3896; x_wconf 87' lang='lat' dir='ltr'>orbitae</span> <span class='ocrx_word' id='word_1_544' title='bbox 1842 3859 1949 3895; x_wconf 89' lang='lat' dir='ltr'>cum</span> <span class='ocrx_word' id='word_1_545' title='bbox 1988 3844 2214 3909; x_wconf 88' lang='lat' dir='ltr'>ecliptica</span> <span class='ocrx_word' id='word_1_546' title='bbox 2263 3840 2476 3901; x_wconf 73' lang='lat' dir='ltr'>sortitur.</span> 
     </span>
    </p>
   </div>
  </div>
 </body>
</html>
