2554 4140
234 149 262 197 5
278 151 337 198 12
540 131 541 134 Ἴ
1043 122 1280 201 Epitomes
1310 146 1626 191 Astronomiae

208 276 284 341 ‘ut
318 291 611 339 Plutarchus
647 291 877 354 loquitur.
951 291 1090 342 Haec
1127 308 1275 342 causa
1312 298 1442 342 tacta
1490 299 1563 343 est
1600 295 1746 344 etiam
1790 295 1915 344 libro
1953 295 1994 346 I.
2033 293 2114 343 sol.
2160 296 2274 342 147.
2313 293 2467 357 pluri·-

231 367 418 426 busque
457 365 794 448 experimentis
832 365 1071 413 roborata.

370 435 468 485 Sed
506 437 621 498 quia
657 436 884 500 splendor
920 437 1032 486 talis
1069 451 1164 485 non
1192 435 1301 484 ideo
1340 439 1502 485 statim
1540 445 1740 501 apparet
1777 445 1831 487 ut
1868 438 2005 487 exilis
2041 438 2261 498 circulus,
2300 452 2468 486 accer-

228 515 361 558 satur
400 509 546 571 igitur
583 509 735 558 altera
774 524 943 571 causa,
998 513 1123 559 circa
1161 509 1359 571 globum
1397 509 1565 568 Lunae
1603 512 1737 559 susus
1775 512 2189 574 aer‘pelluciduS‚
2244 512 2293 556 in
2331 510 2468 572 cujus

230 588 330 630 tam
368 582 587 644 ingressu
616 581 836 646 desuper,
876 580 1020 644 quam
1059 596 1254 644 egressu
1281 576 1509 630 deorsum
1540 583 1820 644 frangantur
1846 583 1974 632 Solis
2004 584 2140 643 radii,
2179 583 2468 644 resi-actique

148 648 149 651 ¹
229 654 454 704 accidant
490 655 621 702 visui
657 662 824 703 nostro
863 670 972 703 eum
1009 658 1057 702 in
1094 653 1312 714 modum,
1367 667 1462 717 quo
1510 657 1559 701 in
1598 659 1707 703 ae‘re
1758 662 1923 704 nostro
1961 658 2088 704 circa
2126 655 2324 704 Terram
2362 655 2469 702 suso

228 717 552 790 refringuntur
589 726 735 776 iidem
763 727 890 776 Solis
927 727 1064 776 radii.
1145 725 1251 787 Quo
1289 735 1432 790 pacto
1470 727 1565 788 fiet,
1605 734 1659 775 ut
1682 727 1810 777 Solis
1839 727 2037 790 quidem
2070 727 2274 776 circulus
2315 728 2468 787 exilis,

215 806 281 862 'at
317 814 414 848 non
454 799 647 861 directe,
688 800 772 849 sed
810 815 894 864 per
928 800 1094 847 Lunae
1135 803 1293 847 ae'rem
1332 801 1680 863 interpositum,
1718 801 1882 848 radios
1920 801 2272 883 infringentem,
2313 799 2468 862 eoq'ue

229 873 399 922 Lunae
437 875 602 936 potius
640 873 845 922 circulus
883 872 989 920 luce
1029 872 1156 920 Solis
1195 871 1490 920 illuminatus
1530 872 1766 921 videatur.
2020 909 2030 912 -

369 947 414 993 Α
455 961 559 1008 qua
593 947 749 1010 playa
784 946 839 1008 sit
875 948 1078 993 initium
1119 945 1306 1007 eclipsis
1346 944 1509 1007 Solis?
1556 944 1810 994 Ordinarie
1849 960 1879 993 a
1917 945 2063 1008 plaga
2101 911 2378 1003 occidentiS‚
2419 945 2467 990 in

225 1025 391 1068 nostro
431 1018 626 1081 quidem
663 1017 1016 1082 hemisphaerio
1055 1033 1085 1066 a
1124 1017 1328 1077 dextris,
1381 1018 1637 1080 finiturque
1677 1019 1870 1082 eclipsis
1919 1033 2005 1066 seu
2056 1017 2279 1081 impletur
2316 1017 2400 1067 Sol
2440 1032 2470 1064 a

229 1091 378 1155 plaga
416 1093 611 1140 orientis
649 1090 712 1139 ad
750 1092 1020 1152 sinistram3
1061 1097 1226 1138 contra
1266 1104 1411 1152 quam
1449 1090 1502 1138 fit
1541 1091 1779 1140 ordinarie
1818 1093 1868 1139 in
1907 1090 2074 1153 eclipsi
2114 1089 2296 1139 Lunae.

371 1165 575 1226 Eryone
612 1164 700 1213 hoc
736 1179 840 1213 non
875 1164 931 1226 fit
966 1179 1157 1226 semper
1195 1163 1447 1225 siquibus
1482 1163 1540 1210 cle
1577 1167 1756 1212 causis·
1777 1178 1936 1226 quove
1961 1161 2170 1212 ordine?
2222 1162 2278 1210 In
2302 1163 2468 1226 parvis

205 1237 495 1300 ‚eclipsibus
535 1236 662 1286 Solis
712 1237 773 1284 ob
813 1251 1037 1299 magnam
1082 1236 1441 1285 inclinationem
1489 1236 1699 1285 ,visibilis
1738 1238 1848 1285 viae
1887 1236 2057 1284 Lunae
2095 1235 2160 1284 ad
2196 1235 2469 1299 eclipticam

225 1309 280 1358 fit
316 1311 602 1371 frequenter,
640 1311 923 1373 praesertim
963 1312 1088 1357 circa
1126 1310 1423 1358 horizontem
1462 1311 1685 1371 ortivum,
1725 1310 1772 1356 in
1812 1311 1962 1372 signis
2000 1310 2257 1357 rectiorum
2297 1321 2470 1356 ascen-

226 1384 445 1443 sionum,
496 1382 637 1430 Luna
674 1382 737 1431 ad
777 1382 981 1431 caudam
1020 1382 1238 1431 draconis
1278 1381 1559 1443 delabente,
1610 1388 1663 1429 ut
1700 1381 1787 1430 Sol
1812 1382 1901 1446 *vel
1940 1383 1988 1429 in
2027 1383 2132 1444 ipso
2171 1382 2351 1429 vertice
2389 1379 2470 1428 vel

141 1464 145 1467 '
227 1457 370 1505 ctiam
408 1455 608 1518 paulum
649 1469 816 1505 versus
854 1457 1094 1522 sinistram
1133 1457 1334 1517 incipiat
1372 1454 1592 1518 eclipsari
1629 1454 1982 1518 impleaturque
2022 1454 2084 1502 ab
2111 1453 2282 1503 eadem
2320 1453 2470 1516 plaga

226 1526 452 1590 inferius3
521 1534 607 1576 aut
658 1543 684 1577 e
741 1530 977 1590 contrario
1036 1530 1161 1577 circa
1216 1528 1513 1576 horizontem
1576 1528 1828 1577 occiduum
1888 1531 1936 1574 in
1995 1528 2147 1590 signis
2207 1529 2464 1576 rectiorum

226 1601 618 1662 descensionum,
659 1601 802 1649 Luna
837 1601 1053 1664 fugiente
1092 1617 1123 1650 a
1160 1603 1316 1664 capite
1362 1599 1580 1649 draconis
1618 1602 1666 1648 in
1704 1602 2083 1664 septentriones,
2138 1600 2216 1648 vel
2268 1600 2318 1647 in
2366 1601 2464 1647 imo

224 1676 441 1738 margine
480 1674 557 1723 vel
595 1674 743 1739 paulo
783 1676 1002 1738 superius
1041 1673 1105 1722 ad
1153 1676 1396 1723 sinistram
1434 1675 1633 1738 incipiat
1683 1673 1972 1737 finiaturque
2010 1674 2072 1721 ab
2111 1672 2280 1722 eadem
2316 1671 2464 1736 plaga

224 1749 460 1812 superiuS.

369 1819 498 1882 Quin
536 1821 632 1867 imo
672 1820 817 1867 etiam
857 1821 983 1868 circa
1022 1821 1179 1884 ipsum
1215 1820 1581 1882 nonagesimum
1619 1825 1823 1884 possunt
1859 1819 1934 1867 his
1973 1818 2136 1867 affinia
2171 1818 2462 1880 contingere,

224 1899 419 1956 propter
457 1907 683 1956 magnam
720 1892 1041 1954 parallaxium
1079 1892 1348 1942 latitudinis
1390 1894 1685 1941 varietatem.
1762 1891 2042 1941 Orientibus
2080 1893 2207 1940 enim
2247 1889 2462 1939 Geminis

225 1965 304 2014 vel
333 1959 518 2015 Cancro
556 1964 828 2029 parallaxes
866 1966 1135 2014 latitudinis
1175 1966 1418 2014 celerrime
1456 1964 1748 2025 decrescunt,
1789 1965 2056 2014 orientibus
2083 1964 2346 2026 Sagittario
2384 1962 2464 2011 vel

226 2038 520 2101 Capricorno
560 2044 807 2102 crescunt3
846 2035 890 2087 si
928 2053 1041 2101 ergo
1081 2037 1223 2086 simul
1262 2040 1407 2087 etiam
1430 2037 1571 2087 Luna
1608 2037 1706 2086 illic
1744 2038 1975 2087 ascendat
2012 2039 2061 2084 in
2087 2037 2462 2100 septentrionem

226 2113 354 2161 circa
390 2111 572 2160 nodum
605 2110 910 2176 evehentem,
948 2111 1029 2160 hic
1067 2111 1327 2160 descendat
1365 2112 1411 2156 in
1452 2115 1689 2171 austrum,
1730 2110 1781 2158 fit
1807 2109 2193 2160 accumulatione
2232 2122 2378 2157 verae
2417 2113 2465 2156 et
2551 2114 2554 2143 ἱ

148 2247 151 2249 Α
225 2185 362 2232 visae
400 2181 688 2233 variationis
728 2185 932 2248 angulus
970 2185 1081 2232 viae
1118 2184 1323 2232 visibilis
1362 2182 1503 2231 valde
1541 2197 1766 2246 magnus,
1818 2189 1865 2232 et
1914 2188 2074 2247 potest
2111 2182 2303 2244 eclipsis
2344 2182 2462 2228 satis
2550 2171 2554 2224 i

224 2271 404 2320 magna
453 2258 514 2305 ab
568 2255 737 2305 eadem
789 2256 938 2320 plaga
990 2262 1087 2304 tam
1124 2257 1334 2320 incipere
1382 2268 1526 2318 quam
1579 2256 1714 2303 finiri.
1792 2255 1872 2304 Sic
1909 2269 2035 2304 anno
2079 2255 2231 2303 1598.
2273 2253 2462 2315 eclipsis
2549 2256 2554 2314 l

225 2329 368 2379 valde
406 2343 584 2392 magna
631 2329 722 2378 fuit
766 2331 814 2377 in
854 2330 1078 2378 Piscibus
1128 2334 1174 2378 et
1223 2327 1354 2392 apud
1401 2327 1578 2376 nodum
1625 2328 1962 2377 ascendentem
2010 2330 2276 2390 coepitque·
2304 2324 2461 2374 Gratii

225 2401 416 2466 Styriae
455 2418 485 2451 a
523 2402 701 2451 dextris
738 2405 953 2465 praecise
992 2404 1040 2449 in
1079 2403 1186 2466 ipso
1225 2402 1364 2464 quasi
1389 2401 1718 2464 nonagesimo,
1758 2401 1902 2449 desiit
1940 2415 1968 2449 a
2008 2400 2212 2448 sinistris
2253 2398 2463 2462 quidem,

225 2475 310 2524 sed
347 2490 472 2538 pene
510 2477 558 2522 in
597 2477 703 2537 ipso
744 2477 949 2535 vertice,
1001 2481 1055 2523 ut
1100 2476 1141 2522 si
1179 2474 1258 2523 vel
1295 2488 1464 2537 parum
1502 2475 1657 2522 minor
1692 2475 1883 2533 fuisset,
1934 2489 1964 2522 a
2013 2473 2191 2522 dextris
2247 2471 2462 2520 desitura

224 2548 389 2609 fuerit,
428 2562 525 2596 non
566 2547 795 2597 delibato'
821 2549 1014 2597 vertice.
1080 2554 1168 2603 (cfr.
1198 2551 1292 2593 Vol.
1324 2552 1377 2592 11,
1410 2565 1450 2603 p.
1472 2554 1523 2593 16
1554 2557 1632 2602 ss.)
1689 2546 1876 2597 Contra
1905 2560 2032 2595 anno
2078 2546 2228 2594 1614.
2271 2543 2464 2607 eclipsis

225 2622 275 2669 in
313 2620 461 2669 Libra
498 2620 629 2683 apud
666 2620 845 2670 nodum
884 2620 1254 2670 descendentem
1294 2621 1419 2668 circa
1455 2618 1701 2669 meridiem
1741 2622 1899 2683 coepit
1937 2635 1966 2668 a
2003 2619 2181 2668 dextris
2217 2617 2493 2667 Monachii.

225 2692 463 2756 desiitque
501 2693 638 2742 infra.
716 2693 839 2744 Vide
879 2693 990 2757 Opt.
1034 2694 1160 2742 Astr.
1188 2693 1383 2741 Partem
1419 2692 1501 2740 fol.
1542 2692 1662 2742 411.
1703 2698 1751 2741 et
1786 2707 1922 2755 seqq.
1993 2699 2066 2747 (ΙΙ.
2101 2694 2217 2746 383.)

370 2770 509 2828 Quae
546 2781 707 2817 causa
745 2774 827 2826 est,
848 2761 959 2815 'cur
995 2782 1102 2816 non
1135 2779 1305 2815 omnes
1342 2767 1512 2814 totales
1536 2765 1664 2814 Solis
1700 2766 1896 2827 eclipses
1933 2763 2058 2814 adeo
2077 2763 2493 2827 profundarum-

229 2840 552 2888 tenebrarum
589 2855 744 2889 causa
779 2843 892 2901 sint,
932 2846 990 2888 ut
1023 2855 1118 2903 pro
1155 2839 1233 2887 die
1269 2853 1374 2887 nox
1410 2837 1625 2887 existat?
1664 2837 1984 2886 Confirma‘tur
2019 2838 2112 2886 hoc
2139 2838 2465 2899 experimento
2516 2887 2536 2902 ,-

230 2913 396 2974 procul
437 2913 584 2962 dubio
625 2927 877 2961 causarum
923 2913 1026 2975 jam
1063 2911 1208 2961 modo
1250 2912 1480 2959 dictarum
1519 2910 1694 2971 altera,
1741 2912 2014 2959 substantia
2064 2909 2248 2959 scilicet
2302 2922 2466 2958 crassa

231 2986 354 3033 cirea
394 2985 572 3046 Solem,
613 3000 708 3034 non
748 2986 826 3035 hic
863 2987 910 3032 in
950 2991 1113 3034 nostro
1154 2988 1280 3044 ae’re,
1319 2983 1402 3032 sed
1440 2986 1487 3031 in
1526 2986 1632 3047 ipsa
1669 2983 1781 3032 sede
1820 2983 1948 3033 Solis
1986 2982 2225 3032 interdum
2265 2983 2469 3030 circum-

163 3063 167 3068 ·
227 3058 348 3118 fusa,
389 3073 514 3120 quae
552 3059 828 3121 resplendet
863 3058 1010 3106 radiis
1038 3057 1165 3106 Solis
1203 3062 1500 3120 apparetque
1540 3059 1683 3105 etiam
1723 3063 1849 3105 tecto
1884 3053 2012 3117 Sole,
2051 3061 2105 3104 ut
2143 3055 2338 3103 flamma
2375 3057 2469 3102 cir·
2528 3067 2530 3078 ’

232 3129 454 3179 culariter
505 3133 717 3181 emicans
761 3138 1046 3194 tantumque
1095 3130 1290 3178 luminis
1320 3126 1628 3192 praeferens,
1684 3136 1735 3177 ut
1782 3143 1913 3178 mera
1956 3141 2054 3177 nox
2100 3143 2205 3177 esse
2243 3132 2467 3190 nequeat.
2524 3166 2525 3171 ,

229 3201 370 3250 Haec
406 3207 609 3253 materia
647 3219 741 3253 non
782 3209 970 3269 semper
1008 3208 1081 3252 est
1119 3203 1222 3252 Soli
1260 3203 1574 3264 circumfusa3
1627 3202 1818 3264 quando
1855 3215 1970 3263 ergo
2007 3200 2173 3250 aether
2211 3202 2337 3250 circa
2374 3200 2499 3249 Sos

229 3274 324 3322 lem
363 3281 435 3323 est
472 3277 700 3339 limpidus
739 3284 788 3326 et
824 3292 988 3341 puruS,
1028 3282 1143 3325 tunc
1181 3277 1381 3324 absente
1419 3275 1510 3324 hoc
1536 3277 1678 3324 etiam
1710 3273 1970 3339 ,splendore
1995 3287 2193 3323 necesse
2233 3279 2322 3334 est,
2362 3287 2467 3322 cum
2510 3316 2531 3339 ,ι

232 3348 466 3395 exstincto
506 3349 618 3398 Sole
660 3351 785 3399 diem
824 3353 968 3399 etiam
1009 3351 1248 3411 exstingui
1286 3350 1494 3411 penitus
2501 3351 2533 3402 ’.

380 3420 618 3469 Produnt
654 3424 838 3485 aliqui,
890 3422 1098 3471 Lunam
1137 3425 1192 3470 in
1229 3423 1396 3483 eclipsi
1443 3422 1587 3474 totali
1621 3413 1808 3469 rub'ore
1853 3424 1933 3466 sat
1969 3419 2107 3468 claro
2145 3421 2469 3480 conspicuam

236 3505 362 3540 esse.-
398 3492 533 3540 unde
570 3494 646 3540 hic
682 3495 863 3543 Lunae
901 3496 1097 3544 rubor?
1142 3495 1250 3542 Non
1290 3509 1320 3542 a
1359 3496 1561 3557 proprio
1588 3493 1753 3540 Lunae
1789 3491 1968 3538 lumine
2009 3498 2318 3553 perennante,
2357 3499 2469 3539 nani

231 3565 388 3613 amitti
427 3564 568 3612 Luna
606 3579 703 3613 non
741 3575 906 3630 posset
943 3584 968 3616 e
1009 3574 1269 3631 conspectu
1309 3569 1357 3613 in
1396 3569 1495 3614 suis
1534 3565 1765 3615 totalibus
1817 3563 2070 3626 deliquiis3
2120 3579 2209 3613 nec
2257 3581 2287 3613 a
2322 3564 2468 3613 radiis
2515 3549 2524 3607 ⁴,

231 3637 374 3699 Solis,
415 3651 500 3701 per
538 3651 710 3701 corpus
749 3640 917 3688 Lunae
955 3641 1262 3702 transmissis,
1302 3646 1532 3701 tanquam
1570 3637 1620 3685 id
1656 3638 1733 3684 sit
1741 3635 2049 3698 pellucidum,
2089 3644 2143 3685 ut
2179 3636 2519 3699 quibusdam·
2522 3651 2528 3677 =

231 3710 448 3771 videtur,
502 3723 610 3757 cum
650 3712 712 3758 sit
748 3725 798 3758 re
837 3726 952 3759 vera
991 3727 1218 3775 opacum,
1270 3718 1325 3760 ut
1363 3713 1539 3772 Terra3
1588 3707 1672 3758 sed
1719 3725 1748 3756 a
1786 3709 2004 3757 claritate
2043 3709 2249 3759 Telluris
2287 3725 2318 3758 a
2355 3707 2469 3758 Sole
2510 3685 2519 3751 ἕ
2550 3735 2554 3747 ‹

231 3783 549 3843 illuminatae,
588 3782 650 3831 ad
690 3782 873 3830 Lunam
913 3799 1208 3854 repercussa,
1250 3785 1387 3846 cujus
1427 3783 1653 3832 claritatis
1691 3782 1936 3830 minimam
1976 3783 2259 3846 particulam
2298 3782 2468 3830 umbra
2510 3773 2521 3821 ¹¹

231 3858 398 3910 Lunae
437 3857 572 3918 tegit.
2443 3874 2446 3875 ⁷
