2554 4140
179 81 282 128 664
940 71 1216 117 Tabularum
1247 70 1640 128 Rudolphinarum

181 222 397 287 (tantum
447 224 638 284 poterat
686 221 828 267 unius
883 218 1106 282 Mysterii
1160 217 1557 280 Cosmographici
1606 234 1770 269 recens
1814 225 1931 268 ωηο
1989 220 2206 267 inventio
2219 215 2252 283 l)
2303 217 2424 266 illud

171 297 312 344 unice
351 295 438 342 abs
477 290 604 340 Serte
647 290 736 338 Vm
775 297 965 354 petere,
1020 293 1091 339 uti
1143 290 1288 351 mihi,
1338 291 1702 347 observationes
1741 291 1954 341 siderum
1989 291 2112 339 fidas
2151 293 2420 353 quaerenti,

175 380 346 414 manus
383 366 648 427 porrigeret
687 363 966 418 auxiliares.
1039 363 1265 412 Nondum
1306 369 1419 411 tunc
1445 362 1614 425 Tycho
1648 361 1770 412 suas
1792 364 1855 413 ad
1892 379 1970 413 me
1995 364 2270 412 missitabat
2307 364 2420 412 lite-

171 454 263 498 ras,
304 436 519 485 nondum
556 437 606 482 iu
630 435 916 484 Bohemiam
954 434 1036 484 ille
1061 435 1361 484 ascenderat.
1435 434 1672 483 Nimirum
1701 451 1894 484 sensum
1932 437 2144 499 aliquem
2169 436 2255 489 fati
2290 436 2434 498 jam--

167 510 273 571 jam
321 510 614 556 imminentis
652 523 769 570 prae
821 520 874 557 se
913 508 1133 557 ferebant
1170 514 1286 555 vota
1322 521 1445 555 mea.
1520 507 1778 555 Biennium
1815 524 1911 556 non
1950 510 2144 573 plenum
2184 508 2275 555 fuit
2312 508 2421 571 lap-

170 597 304 642 sum,
357 596 464 629 cum
504 580 751 644 Tychonis
805 581 1228 630 observationibus
1275 578 1472 646 (quibus
1510 579 1604 627 fide
1654 587 1702 628 et
1738 581 2009 629 subtilitate
2047 582 2210 629 nullae
2249 577 2418 647 pares)

170 668 279 702 cum
318 653 552 717 Tychone
592 655 713 716 ips0,
755 654 999 717 profectus
1039 653 1102 701 ad
1141 667 1252 700 eum
1292 654 1338 699 in
1376 652 1643 712 Boe'miam,
1686 667 1797 700 sum
1830 655 2029 715 potituS.
2104 654 2288 702 Votum
2330 653 2422 701 hoc

107 765 114 770 .
168 728 259 775 sub
300 728 408 789 ipsa
446 724 585 775 Sertis
614 726 724 773 Vtae
761 727 1128 788 gubernationis
1166 726 1328 786 initia,
1369 730 1602 785 tanquam
1645 725 1737 772 sub
1777 724 1882 785 ejus
1919 727 2164 789 auspiciiS,
2205 727 2419 787 concepi,

167 814 279 862 spes
318 814 452 848 meas
491 799 553 847 ob
581 798 925 848 Serenissimos
966 799 1072 860 ejus
1112 796 1278 846 oculos
1317 796 1514 857 adduxi,
1555 799 1672 859 quin
1699 798 1844 859 igitur
1882 802 1930 845 et
1964 804 2192 846 eventum
2218 798 2421 858 felicem,

169 874 252 934 qui
293 886 421 920 nunc
458 871 653 922 tandem
693 880 984 920 consecutus
1028 875 1126 930 est,
1180 870 1399 932 ejusdem
1448 871 1728 932 conspectui
1768 872 2009 922 sisterem.
2036 870 2421 934 dedicaremque,

168 958 277 993 cum
316 944 453 992 illum
490 944 664 992 fatales
703 946 825 993 istae
852 957 1032 1004 morae,
1071 942 1216 1005 plane
1256 942 1319 990 ad
1344 943 1438 990 hoc
1476 957 1631 1004 usque
1659 948 1864 1006 tempuS‚
1906 941 2038 1004 quod
2064 943 2422 992 Ferdinandum

167 1017 494 1066 Archiducem
533 1016 594 1065 ad
633 1030 788 1064 rerum
827 1016 1024 1078 fastigia
1063 1015 1380 1075 collocatum,
1433 1014 1752 1078 Imperatoria
1791 1013 2051 1076 Majestate
2090 1023 2423 1065 coruscantem

164 1091 383 1138 visurum
423 1095 564 1149 esset,
605 1103 882 1138 reservasse
914 1084 1210 1137 videantur?

310 1162 506 1212 Scilicet
531 1163 854 1225 ⁷ignorabam,
907 1175 1004 1224 quo
1044 1160 1248 1209 consilio
1289 1160 1497 1208 fatorum
1535 1160 1714 1209 arbiter
1753 1166 1801 1208 et
1839 1160 2078 1207 Dominus
2116 1174 2242 1208 anno
2287 1161 2419 1208 1601

171 1235 313 1283 nobis
374 1249 616 1284 summum
669 1234 900 1283 artificem
962 1235 1218 1296 eripuisset
1274 1246 1560 1294 currumque
1616 1233 1746 1281 hunc
1810 1232 2101 1280 coelivolum
2155 1233 2424 1280 studiorum

165 1314 463 1367 nostrorum,
516 1309 688 1370 auriga
736 1313 786 1356 et
822 1306 1125 1356 moderatore
1164 1320 1253 1354 suo
1306 1305 1584 1364 viduatum,
1635 1305 1941 1354 inhibuisset.
2020 1305 2291 1353 Immeritos
2332 1320 2422 1368 ego

161 1380 408 1442 praesides
433 1381 624 1429 aulicae
653 1394 886 1441 camerae,
927 1381 1192 1428 immeritos
1219 1380 1509 1441 pensionum
1539 1379 1812 1440 magistros,
1854 1378 1978 1426 limis
2016 1377 2194 1426 confixi
2218 1374 2422 1427 oculis:

166 1468 253 1515 per
291 1467 446 1501 annos
492 1454 656 1513 1602,
716 1454 851 1501 1603
905 1466 1001 1500 non
1040 1454 1217 1500 nostris
1257 1450 1326 1498 illi
1365 1450 1690 1514 profectibus,
1738 1450 1824 1500 sed
1871 1452 2028 1514 operis
2082 1452 2232 1499 nostri
2270 1451 2422 1500 satum

164 1526 282 1587 ipsis
331 1524 676 1588 impedimento
715 1525 819 1573 fuit.
898 1525 1130 1587 Injuriam
1170 1524 1262 1572 feci
1299 1523 1520 1571 fortunae
1559 1523 1924 1572 Braheanorum
1971 1523 2256 1583 haeredum,
2310 1523 2424 1572 dum

167 1613 272 1646 eam
315 1599 498 1659 incusO,
540 1597 672 1660 quod
710 1612 799 1647 nos
841 1597 1108 1647 desereret:
1160 1596 1428 1658 majoribus
1466 1596 1553 1644 illa
1590 1597 1846 1645 succubuit
1884 1597 2178 1644 numinibus
2254 1595 2424 1644 Erravi

162 1673 413 1736 graviter,
448 1671 670 1734 conjecta
706 1673 772 1719 in*
796 1671 1002 1720 orbitam
1041 1677 1257 1719 nostram
1293 1684 1435 1729 saxa,
1470 1668 1723 1731 jaculante
1762 1671 1956 1733 insuper
1993 1669 2186 1729 habito,
2229 1661 2424 1717 admor-

162 1743 295 1804 dens,
337 1759 445 1793 cum
482 1743 858 1793 tumultuaretur
884 1743 1138 1813 Hungaria
1164 1758 1242 1791 an.
1277 1743 1430 1801 1604,
1472 1756 1579 1790 cum
1606 1744 1847 1790 exercitus
1868 1742 2149 1790 Caesariani
2185 1756 2210 1790 e
2238 1741 2422 1790 Trans-

161 1817 389 1880 sylvania
435 1818 714 1867 recedentes
763 1817 1010 1865 Austriam
1060 1817 1359 1878 affligerent,
1412 1816 1625 1877 quietem
1673 1815 1814 1863 aulae
1855 1814 2201 1878 Imperatoriae
2252 1815 2421 1863 turba-

161 1896 294 1950 rent,
345 1904 471 1939 anno
518 1890 682 1952 16053
733 1904 840 1938 cum
892 1892 1043 1952 pestis
1095 1888 1307 1951 auli-cum
1348 1895 1540 1936 coetum
1579 1902 1664 1950 per
1703 1887 1886 1951 oppida
1927 1887 2190 1936 Bohemiae
2231 1886 2417 1950 disper-

76 1961 85 1963 ”
161 1964 317 2023 sisset,
359 1977 489 2011 anno
534 1965 701 2024 16073
743 1978 851 2011 cum
884 1962 1108 2025 Hungari
1149 1962 1417 2009 Austriacis
1451 1961 1609 2023 juncti
1650 1960 1912 2010 exercitum
1952 1960 2204 2008 duxissent
2242 1962 2290 2006 in
2317 1961 2422 2009 Bo-

163 2035 389 2096 hemiam,
429 2050 555 2084 anno
603 2037 764 2097 16083
806 2050 915 2083 cum
954 2036 1141 2094 turbae,
1178 2033 1426 2094 religionis
1466 2035 1660 2082 nomine
1694 2041 1870 2093 motae,
1910 2033 2119 2095 Pragam
2159 2035 2421 2082 exterruis-

162 2114 290 2168 sent,
353 2123 479 2157 anno
535 2109 702 2170 16093
769 2122 878 2156 cum
922 2108 1200 2171 Principum
1251 2106 1447 2168 Imperii
1497 2105 1800 2169 quorundam
1848 2112 2115 2155 conventus
2163 2106 2421 2154 haberetur

161 2180 368 2244 Pragae‚
409 2194 535 2229 anno
582 2182 749 2242 16103
789 2195 897 2229 cum
935 2180 1091 2257 miles,
1131 2179 1472 2228 Passaviensis
1511 2177 1683 2239 dictus,
1723 2178 1964 2228 hostiliter
2002 2179 2259 2226 invasisset
2296 2178 2421 2226 Pra-

161 2267 289 2315 gam‚
333 2268 460 2302 anno
490 2252 657 2303 1.611
734 2215 948 2338 Jamque
988 2238 1134 2301 etiam
1175 2251 1476 2301 calamitates
1517 2251 1810 2300 domesticas
1851 2250 1995 2314 culpa
2032 2251 2219 2318 libero,
2242 2253 2422 2299 amissa

163 2331 278 2375 tunc
318 2327 548 2389 conjuge,
603 2327 926 2375 communium
978 2326 1241 2374 liberorum
1279 2331 1460 2383 matre,
1512 2339 1716 2387 quorum
1755 2339 1869 2374 cura
1908 2313 2174 2374 discessum
2212 2339 2272 2373 ex
2309 2323 2423 2372 aula

159 2398 429 2461 suadebat;
468 2399 653 2447 frustra
699 2405 816 2447 tunc
866 2401 1112 2462 quaesivi,
1160 2413 1243 2446 cur
1292 2397 1484 2445 decreta
1536 2396 1782 2459 Rudolphi
1822 2397 1944 2460 Imp.
2001 2399 2049 2443 in
2098 2411 2174 2445 me
2226 2396 2422 2444 munifi-

166 2473 458 2544 centissima,
499 2472 674 2534 quibus
714 2470 904 2534 Pragae
943 2472 1201 2531 retinebar,
1243 2469 1406 2518 nullus
1446 2476 1822 2532 consequeretur
1860 2469 2101 2521 eventus?
2141 2484 2224 2518 cur
2260 2471 2422 2518 incas-

167 2558 274 2592 sum
313 2551 362 2594 et
401 2550 588 2593 sumtus
626 2544 955 2606 impenderem
994 2551 1042 2593 et
1080 2551 1288 2607 tempus,
1328 2542 1582 2606 pulsandis
1615 2543 1719 2605 jam
1756 2557 1975 2592 camerae
2003 2542 2286 2602 Silesiacae,
2319 2542 2423 2604 jam

161 2617 431 2682 Imperialis
471 2618 644 2665 aerarii
681 2617 892 2677 foribus,
932 2619 1221 2679 interimque
1261 2616 1404 2664 rebus
1443 2616 1667 2664 humanis
1708 2622 1898 2665 exemto
1938 2622 2142 2678 patrono
2182 2615 2420 2677 AugustO,

156 2705 283 2739 anno
330 2693 489 2751 1612,
529 2690 720 2752 injustis
760 2705 925 2738 rursus
964 2691 1164 2739 oneravi
1203 2689 1411 2752 querelis
1451 2689 1510 2737 de
1550 2688 1895 2751 impedimento
1936 2691 2130 2751 privato
2179 2688 2422 2736 fortunam

164 2763 442 2825 publicam:
485 2764 666 2825 quippe
707 2765 777 2811 sic
815 2769 918 2812 erat
956 2765 1003 2811 in
1043 2763 1171 2823 satie,
1212 2768 1266 2809 ut
1303 2762 1587 2810 feriarentur
1626 2775 1802 2823 operae
1841 2763 2222 2821 astronomicae,
2263 2761 2422 2810 adhuc

160 2851 185 2884 e
239 2835 507 2899 longinquo
556 2835 856 2889 adventante
907 2835 1121 2885 Patrono
1172 2849 1278 2883 suo,
1367 2833 1496 2895 Quid
1543 2835 1689 2896 igitur
1742 2839 1968 2882 causatus
2018 2849 2124 2881 sum
2175 2832 2420 2896 deincep8‚

159 2911 412 2957 transitum
453 2907 624 2957 eodem
664 2923 791 2956 anno
831 2911 879 2971 in
921 2909 1183 2969 Austriam,
1225 2922 1342 2955 sane
1381 2921 1528 2968 quam
1565 2907 1889 2968 negotiosum,
1930 2920 2038 2955 cum
2065 2906 2229 2955 liberis
2269 2913 2421 2955 matre

161 2982 305 3042 orbis,
346 2996 455 3030 cum
493 2981 783 3046 supellectili
823 2968 1035 3042 libraria,
1076 2982 1167 3031 sub
1206 2994 1336 3028 novo
1375 2979 1674 3041 Imperatore
1700 2979 1949 3028 Matthia?
1990 2978 2108 3041 quid
2149 2978 2418 3027 discessum

166 3069 196 3101 a
232 3052 365 3102 libris
421 3055 816 3103 observationum
854 3041 1173 3104 Braheanis‘?
1207 3052 1334 3115 quid
1375 3051 1702 3115 profectiones
1744 3052 1977 3102 molestas
2028 3057 2076 3099 et
2122 3050 2418 3113 impendium

166 3128 396 3187 temporis
436 3124 717 3176 sarciendae
755 3127 826 3174 illi
866 3126 1135 3190 rupturae?
1175 3125 1292 3188 quid
1319 3123 1594 3172 diuturnam
1634 3125 1805 3173 domus
1851 3125 2106 3174 orbitatem
2143 3124 2252 3172 loco
2276 3139 2419 3186 pere—

138 3194 147 3198 ”
168 3198 347 3259 grino?
401 3198 527 3260 Quid
569 3202 696 3249 enim
733 3202 782 3247 in
821 3203 1022 3249 remoris
1061 3201 1168 3248 istis
1208 3199 1571 3256 omnibusverat
1608 3197 1795 3261 culpae,
1837 3196 1969 3261 quod
2006 3211 2103 3246 non
2141 3198 2419 3244 universum

162 3272 210 3317 in
251 3284 303 3318 se
342 3274 556 3334 recipiat,
597 3280 706 3334 tua,
761 3273 1067 3323 Ferdinande
1107 3272 1303 3331 Caesar,
1343 3272 1598 3319 imminens
1636 3273 1910 3331 successiO,
1965 3272 2013 3317 in
2052 3285 2198 3332 quam
2235 3269 2420 3318 scilicet

165 3342 417 3390 differebat
455 3344 722 3393 studiorum
762 3360 1040 3395 successum
1081 3344 1299 3394 occultus
1338 3345 1690 3392 astronomicae
1724 3346 1839 3392 artis
1877 3344 2065 3407 genius,
2140 3342 2418 3404 Senserunt,

166 3417 359 3478 opinor,
411 3417 766 3478 speculationes
816 3420 953 3481 ipsae
992 3417 1223 3469 viciniam
1261 3417 1479 3481 Styriae,
1529 3418 1714 3479 primae
1751 3430 1868 3464 suae
1905 3417 2113 3479 patriae,
2167 3422 2421 3464 senserunt

165 3492 444 3551 surgentem
479 3489 529 3534 in
568 3503 638 3550 ea,
679 3491 768 3538 sub
796 3487 1094 3540 Ferdinandi
1128 3505 1215 3553 spe
1254 3491 1537 3550 imminenti,
1579 3504 1716 3538 suam
1755 3490 1900 3537 etiam
1938 3489 2177 3537 fortunam
2214 3502 2418 3550 prospe-

163 3563 338 3609 riorem
373 3574 616 3622 sensuque
655 3561 748 3610 hoe
785 3570 1059 3625 recreatae,
1099 3566 1306 3627 primum
1344 3569 1490 3625 atque
1526 3561 1799 3624 Ratispona
1838 3560 2060 3609 Lincium
2099 3562 2147 3607 in
2186 3562 2418 3609 comitatu

165 3634 477 3697 Imperatoris
515 3632 585 3680 fui
621 3647 841 3682 reversus
882 3652 1008 3686 anno
1054 3638 1208 3697 1614,
1247 3637 1454 3698 primum
1494 3640 1640 3698 atque
1666 3635 1774 3682 loco
1814 3636 1949 3695 quies
1978 3633 2167 3682 reddita
2204 3633 2419 3682 discessu

170 3706 313 3755 aulae
353 3705 620 3768 domusque
659 3705 776 3752 mihi
815 3711 1104 3771 composita,
1157 3709 1462 3771 profecerunt
1509 3722 1595 3769 per
1631 3708 1890 3768 insequens
1930 3707 2178 3755 biennium
2222 3706 2284 3754 ad
2323 3704 2418 3753 ali-

169 3794 314 3842 quam
352 3780 500 3829 totius
539 3779 696 3842 operis
734 3778 959 3828 formam:
1015 3782 1222 3844 denique
1261 3781 1436 3830 iisdem
1471 3771 1944 3843 gradibus‚'quibus
1982 3778 2315 3828 Ferdinandus
2353 3777 2416 3826 ad
