2554 4140
189 98 292 148 250
1016 93 1250 160 Epitomes
1280 66 1596 141 Astronomiae

186 248 350 294 autem
386 242 544 306 portio
583 243 884 306 aequatoris‚
936 244 1161 292 nimirum
1207 245 1427 293 ascensio
1476 249 1610 293 recta
1645 250 1818 302 *motus
1857 244 1985 300 Solis
2037 245 2196 296 diurni
2241 246 2438 310 proprii,

186 330 273 365 seu
310 329 449 364 arcus
488 313 756 378 eclipticae,
799 330 942 378 quem
979 315 1066 366 Sol
1103 319 1152 364 in
1193 330 1288 364 uno
1329 315 1407 364 die
1442 315 1650 375 naturali
1671 318 1894 376 conficit.

328 387 385 435 Si
407 385 509 435 dies
533 388 794 437 naturales
817 395 936 436 sunt
957 390 1248 452 inaequales
1269 395 1481 450 propter
1506 391 1803 451 inaequalia
1827 391 2192 453 additamenta,
2219 406 2348 453 quae
2373 398 2442 440 est

186 474 301 522 erqo
337 474 579 509 mensura
616 461 907 522 aequabilis,
949 477 1079 524 quae
1117 476 1198 510 eos
1225 461 1466 509 metitur?
1500 461 1617 524 Ipsa
1643 462 1822 513 Terrae
1859 479 1946 513 seu
1985 466 2264 526 aequatoris
2287 478 2437 513 -revo-

181 532 329 593 lutio,
376 533 500 581 inter
538 534 870 582 citatissimam
911 540 959 582 et
996 535 1382 582 remississimam
1423 533 1609 596 media,
1649 535 1806 597 qualis
1846 543 1919 585 est
1956 536 2102 585 hodie
2141 535 2291 599 paulo
2328 543 2440 599 post

187 605 509 668 aequinoctia.

331 677 469 740 Quid
511 678 640 745 facit
686 677 1034 726 additamenta
1073 678 1411 740 inaequalia?
1464 678 1608 727 Duae
1648 694 1827 730 causae
1868 686 1997 743 sunt,
2034 680 2190 730 altera
2229 680 2439 744 petenda

182 764 241 797 ex
280 748 498 799 doctrina
534 749 748 808 theorica
787 757 832 798 et
870 756 1004 798 motu
1044 750 1174 799 Solis
1212 752 1407 813 proprio
1448 751 1710 817 inaequali,
1750 753 1878 802 unde
1914 753 1982 813 fit,
2023 760 2076 802 ut
2101 753 2259 801 diurni
2297 767 2439 802 arcus

183 820 310 870 Solis
349 824 397 870 in
437 823 663 887 ecliptica
700 826 798 870 sint
835 824 959 870 inter
996 837 1049 871 se
1089 822 1387 886 inaequales.
1465 823 1627 873 Hodie
1665 840 1877 888 namque
1905 825 1991 874 Sol
2028 832 2141 889 post
2178 825 2439 874 solstitium

182 894 372 944 conficit
423 897 508 945 57‘
552 897 619 944 δ”
658 897 705 942 in
758 910 853 942 una
892 894 994 955 die,
1050 903 1164 959 post
1213 897 1432 945 brumam
1483 911 1595 946 vero
1638 898 1723 946 61¹
1764 901 1884 946 21⁰.
1962 899 2024 946 Et
2073 913 2250 947 causae
2288 899 2436 962 hujus

134 991 136 993 ν
181 967 544 1031 inaequalitatis
571 982 657 1031 pro
683 967 877 1016 diversa
904 974 1157 1016 auctorum
1182 971 1422 1018 sententia
1450 972 1614 1019 variae
1641 970 1909 1032 traduntur,
1949 977 2002 1019 ut
2026 985 2117 1020 suo
2135 971 2253 1020 -loco
2293 971 2441 1020 doce-

180 1046 270 1088 tur.
345 1041 537 1090 Parvus
574 1047 735 1090 autem
775 1048 934 1088 motus
974 1039 1172 1089 diurnus
1211 1041 1360 1091 habet
1399 1057 1600 1106 parvam
1638 1045 1975 1093 ascensionem
2009 1049 2219 1105 rectam,
2267 1047 2440 1093 ceteris

180 1113 394 1175 paribuS‚
431 1127 639 1177 magnus
676 1127 918 1176 magnam.

321 1186 491 1236 Altera
529 1200 679 1235 causa
717 1192 790 1234 est
827 1186 972 1249 hujus
1013 1185 1107 1235 loci
1145 1189 1365 1251 propria,
1421 1187 1579 1250 quod,
1636 1190 1862 1250 quamvis
1901 1191 2042 1237 arcus
2080 1195 2241 1237 motus
2281 1184 2440 1238 diurni

180 1258 309 1308 Solis
348 1265 510 1309 essent
560 1258 792 1321 aequales
832 1261 954 1307 inter
990 1274 1068 1320 se,
1125 1265 1287 1308 tamen
1336 1261 1383 1307 in
1423 1259 1626 1308 diversis
1678 1259 1799 1310 locis
1838 1261 2093 1324 eclipticas
2133 1261 2353 1310 diversas
2392 1266 2441 1310 et

178 1333 248 1380 sic
285 1331 567 1395 inaequales
587 1331 772 1381 habent
811 1333 1124 1381 ascensiones
1162 1340 1334 1382 rectas
1414 1331 1540 1395 Quin
1569 1334 1714 1382 etiam
1754 1335 1804 1381 in
1828 1333 1999 1382 iisdem
2038 1333 2292 1398 eclipticae
2318 1333 2439 1382 locis

186 1419 284 1453 non
323 1405 546 1453 omnibus
583 1404 761 1454 seculis
800 1405 1175 1468 aequalissimae
1215 1411 1327 1454 sunt
1365 1407 1674 1455 ascensiones
1712 1413 1873 1456 rectae
1911 1413 2107 1470 propter
2139 1407 2440 1470 obliquitatis

181 1476 436 1540 eclipticas
481 1478 827 1539 variationem,
877 1477 937 1528 de
989 1493 1087 1542 qua
1133 1493 1279 1542 supra
1329 1478 1590 1539 nonnulla,
1643 1479 1767 1528 infra
1805 1494 1921 1529 vero
1975 1479 2100 1529 libro
2140 1479 2252 1528 V11.
2300 1478 2442 1543 plura

187 1549 418 1601 dicentur.
804 1594 806 1597 ,
2142 1604 2150 1617 x

335 1623 662 1688 Quotuplicia
698 1626 857 1687 iyitur
892 1630 1011 1672 sunt
1031 1623 1381 1672 additamenta
1420 1623 1566 1687 apud
1589 1625 1940 1675 astronomos?
1977 1625 2211 1688 Duplicia
2255 1621 2302 1691 1)
2341 1645 2439 1675 και-

181 1715 314 1760 ρικα,
370 1696 464 1746 hoc
502 1703 576 1745 est
613 1697 928 1760 temporalia,
981 1711 1106 1760 quae
1159 1696 1364 1746 diversis
1415 1697 1717 1761 temporibus
1757 1712 1869 1747 vere
1921 1713 2050 1746 nunc
2087 1700 2274 1747 minora
2310 1703 2439 1758 sunt,
2516 1733 2523 1742 ,

181 1783 308 1818 nunc
345 1770 546 1832 majora.
604 1767 654 1835 2)
691 1771 754 1818 Et
790 1765 967 1830 ὁμαλα,
1009 1769 1174 1819 media
1211 1771 1333 1819 inter
1358 1770 1548 1832 majora
1586 1777 1634 1820 et
1661 1771 1862 1833 minora,
1903 1771 2017 1820 ficta
2055 1772 2117 1820 ab
2152 1771 2442 1821 astronomis

182 1841 489 1891 mensurandi
528 1856 692 1903 causa,
733 1857 859 1906 quae
899 1848 1013 1891 sunt
1051 1842 1295 1905 aequalia.

326 1914 585 1978 Quomodo
624 1918 937 1965 constituunt
974 1918 1255 1965 astronomi
1293 1913 1642 1964 additamenta
1680 1914 1848 1963 media
1884 1931 1972 1964 seu
1996 1917 2275 1980 aequalia?
2314 1915 2443 1979 Quia

180 1986 350 2036 diebus
389 1990 504 2036 anni
543 1989 645 2037 365
678 2003 787 2037 cum
827 1987 1098 2052 quadrante
1125 2003 1211 2051 per
1249 1986 1689 2036 additamentorum
1715 1991 2042 2038 accessionem
2072 1992 2259 2052 integra
2297 1989 2438 2038 deni-

181 2074 275 2123 que
314 2060 555 2110 revolutio
584 2063 862 2124 aequatoris
901 2063 1319 2126 supernumeraria
1344 2062 1590 2122 accrescit,
1631 2064 1898 2110 astronomi
1937 2061 2071 2110 illam
2100 2061 2323 2110 dividunt
2358 2077 2443 2125 per

181 2132 284 2182 dies
323 2136 438 2182 anni
466 2133 568 2182 365
611 2149 720 2183 cum
746 2134 1016 2198 quadrante
1055 2141 1103 2182 et
1127 2136 1400 2197 portionem
1429 2148 1575 2182 unam
1604 2133 1770 2183 dicunt
1792 2133 2180 2184 additamentum
2206 2135 2441 2197 aequale;

184 2211 255 2254 est
294 2212 458 2255 autem
496 2207 544 2254 id
584 2207 788 2270 aequale
827 2208 981 2255 motui
1020 2206 1190 2255 diurno
1229 2206 1360 2256 Solis
1399 2208 1447 2253 in
1487 2207 1712 2270 ecliptica
1748 2206 1926 2268 medio,
1966 2207 2068 2256 scil.
2113 2208 2197 2256 59‘
2240 2209 2326 2258 8‘1.
2510 2257 2518 2272 ‚

325 2279 650 2344 Quotuplicia
686 2287 806 2328 sunt
843 2275 1247 2345 νυχθημεραέεα
1284 2279 1385 2327 dies
1422 2279 1722 2328 naturales?
1759 2279 1839 2328 Ad
1877 2294 2096 2329 normam
2136 2279 2442 2330 additamen-
2516 2291 2519 2299 ·

183 2356 339 2400 torum
379 2351 460 2400 alii
498 2358 610 2401 sunt
648 2358 938 2416 apparentes
977 2367 1064 2401 seu
1103 2355 1218 2411 veri,
1261 2351 1344 2401 alii
1391 2351 1624 2415 aequales
1662 2351 1807 2401 medii
1849 2355 2122 2415 quantitate
2162 2360 2210 2402 et
2248 2353 2348 2402 ficti
2380 2353 2444 2403 ab
2517 2359 2523 2373 ⁸

187 2427 492 2483 astronomis,
533 2425 617 2488 qui
655 2432 879 2475 constant
916 2424 1104 2475 scilicet
1142 2424 1227 2474 tali
1268 2423 1622 2473 additamento,

339 2498 573 2562 Quantus
612 2505 680 2547 est
717 2498 818 2547 dies
855 2499 1112 2547 naturalis
1150 2498 1367 2555 medius,
1417 2504 1614 2560 quanta
1663 2499 1769 2552 eius
1805 2497 1972 2547 hora?
2027 2497 2307 2562 Longitudo
2349 2498 2444 2548 diei

180 2571 413 2621 naturalis
451 2570 598 2620 medii
635 2571 785 2620 habet
811 2573 1090 2634 aequatoris
1116 2577 1337 2635 tempora
1375 2572 1494 2619 360.
1539 2571 1624 2619 59’
1666 2568 1748 2620 80.
1810 2569 1949 2619 Hora
1986 2570 2093 2634 ejus
2126 2573 2272 2634 igitur
2312 2570 2443 2622 valet

182 2650 399 2708 tempora
445 2646 524 2693 15.
568 2645 618 2692 2‘
659 2641 763 2692 28⁴1
802 2645 914 2693 sere.

330 2717 463 2781 Quot
499 2717 805 2780 temporibus
841 2717 1085 2780 disserunt
1134 2718 1266 2765 inter
1305 2731 1353 2764 se
1392 2715 1493 2765 dies
1543 2715 1807 2764 naturales
1849 2715 1993 2764 veri?
2046 2715 2282 2764 Biuorum
2321 2718 2445 2765 inter

187 2804 238 2839 se
274 2791 603 2853 proximorum
642 2789 912 2838 differentia
953 2796 1026 2838 est
1063 2789 1456 2838 inobservabilis.
1534 2787 1672 2838 Unus
1709 2789 1858 2837 etiam
1883 2787 2016 2837 solus
2056 2789 2442 2846 exbrevissimis

184 2861 247 2910 ad
285 2877 434 2911 unum
474 2878 533 2911 ex
558 2863 856 2925 longissimis
895 2867 1201 2923 comparatus
1241 2876 1337 2910 non
1379 2861 1524 2910 valde
1564 2875 1790 2923 magnam
1831 2862 1979 2910 efficit
2006 2860 2354 2926 differentiam3
2393 2868 2447 2912 at
2501 2892 2508 2901 ι

179 2935 333 2997 juncti
371 2937 580 2985 invicem
619 2935 851 2998 aliquam,
893 2934 1034 2982 multi
1073 2933 1240 2984 ordine
1278 2936 1325 2981 in
1368 2949 1465 2982 una
1502 2940 1639 2999 parte
1667 2935 1795 2994 anni,
1837 2933 2039 2983 totidem
2071 2933 2257 2997 junctis
2281 2937 2329 2983 in
2368 2934 2444 2984 al-

180 3014 282 3056 tera
319 3014 454 3070 parte
493 3010 622 3069 anni,
662 3010 780 3057 satis
820 3007 1038 3057 evidenti
1078 3007 1347 3055 differentia
1385 3007 1632 3056 breviores
1669 3006 1982 3068 longioresve
2019 3006 2159 3056 fiunt.

320 3080 611 3130 Maestlinus
661 3080 724 3129 ad
771 3080 932 3144 legem
984 3080 1329 3143 hypothesium
1369 3079 1625 3143 Copernici
1676 3078 2042 3142 particularium
2089 3081 2218 3130 circa
2255 3085 2442 3130 motum
2551 3074 2554 3078 ⁴

179 3151 308 3201 Solis
348 3158 395 3202 et
431 3155 820 3215 praecessionem
858 3155 1305 3216 aequinoctiorum,
1361 3167 1488 3215 quae
1532 3166 1630 3201 non
1669 3166 1836 3201 omnes
1888 3153 2184 3215 recipiuntur
2207 3159 2273 3202 „et
2310 3167 2437 3216 quae
2547 3137 2554 3223 Ῑ

181 3225 245 3274 ad
283 3224 548 3274 doctrinam
586 3226 852 3276 theoricam
890 3227 1145 3289 pertinent,
1188 3224 1399 3288 colligit,
1441 3224 1761 3274 differentiam
1800 3223 1986 3274 dierum
2024 3225 2250 3273 brevium
2289 3227 2439 3275 totius
2543 3241 2554 3300 ς

180 3298 293 3346 anni
332 3313 362 3346 a
401 3297 570 3346 diebus
609 3299 914 3348 naturalibus
938 3313 1026 3348 seu
1065 3302 1381 3364 ἰὐχθημεροις
1417 3297 1579 3361 longis
1619 3297 1856 3347 esse-hoc
1895 3302 2062 3345 nostro
2101 3296 2273 3346 seculo
2301 3300 2488 3348 unius!
2542 3302 2554 3399 i

180 3370 330 3419 horae
369 3376 416 3418 et
453 3371 593 3417 unius
631 3371 842 3434 scrupuli
881 3386 989 3420 cum
1031 3374 1059 3418 2
1102 3370 1342 3431 secundis,
1383 3385 1530 3434 posse
1567 3377 1730 3419 autem
1767 3369 1876 3418 aliis
1909 3368 2086 3418 seculis
2125 3370 2188 3418 ad
2214 3371 2436 3420 trientem
2544 3401 2554 3431 fl

180 3442 329 3492 horae
366 3457 511 3505 supra
538 3443 773 3504 integram
812 3444 982 3492 horam
1009 3458 1274 3493 excurrere.
1300 3439 1366 3507 3⁶)
1444 3442 1585 3505 Quod
1611 3444 1680 3492 sic
1705 3441 2092 3504 intelligendum,
2133 3449 2291 3492 totum
2329 3444 2441 3492 anni
2477 3448 2485 3453 “
2542 3433 2547 3443 ’

181 3515 410 3565 vertentis
454 3515 663 3577 spatium
702 3517 825 3564 inter
852 3516 974 3565 duas
1013 3516 1196 3565 classes
1222 3515 1422 3577 dierum,
1465 3531 1670 3579 quorum
1708 3514 1790 3563 alii
1818 3516 2039 3578 pauciori
2077 3531 2278 3564 numero
2306 3516 2440 3580 longi

183 3593 311 3649 sunt,
354 3587 437 3636 alii
476 3586 648 3647 majori
684 3602 884 3636 numero
924 3590 1113 3650 breveS,
1153 3603 1250 3637 nou
1290 3604 1396 3639 esse
1436 3589 1748 3638 distributum
1784 3588 2190 3650 proportionabili
2229 3590 2440 3651 ratione;

183 3676 298 3719 nam
345 3675 442 3709 una
489 3659 607 3708 hora
657 3673 764 3707 cum
815 3662 983 3709 triente
1033 3661 1280 3718 meliorem
1319 3676 1425 3711 esse
1463 3667 1650 3725 partem
1687 3662 1972 3723 pauciorum
2022 3662 2071 3708 in
2110 3676 2201 3710 sua
2234 3676 2440 3725 propor-

182 3736 332 3791 tione,
372 3747 516 3796 quam
555 3737 740 3794 partem
780 3732 989 3795 plurium
1030 3735 1075 3779 in
1119 3748 1223 3781 sua.
1300 3734 1522 3798 Tychoni
1559 3734 1735 3793 Brahe,
1775 3732 1837 3781 ad
1864 3736 2121 3795 pauciores
2160 3748 2334 3783 causas
2358 3748 2439 3784 re·

182 3807 419 3870 spicienti‚
460 3819 647 3854 summa
687 3804 956 3854 differentia
994 3804 1086 3855 hoc
1111 3805 1276 3855 seculo
1317 3813 1390 3856 est
1420 3807 1569 3858 horae
1608 3807 1750 3855 unius
1789 3811 1837 3854 et
1874 3807 2168 3856 minutorum
2208 3808 2440 3871 quinque,
