2560 4100
915 127 986 173 De
1024 126 1235 184 Epitome
1275 126 1603 174 Astronomiae.
2316 131 2381 180 57

141 280 343 328 rithmus
383 275 824 327 accommodandae
863 279 1162 341 autpenitus
1189 277 1499 338 omittendae,
1539 277 1804 327 substituto
1833 277 2003 327 eodem
2031 291 2215 326 canone
2241 276 2385 340 loga-

139 353 448 412 rithmorum,
499 349 585 399 sed
625 352 709 413 qni
746 352 878 414 prius
918 353 1155 400 exactius
1184 352 1249 400 sit
1294 349 1664 413 computandus,
1742 351 1960 399 Alterum
2005 355 2148 415 caput
2197 352 2286 399 erit
2325 349 2385 400 de

139 423 560 543 observationigus
596 423 864 473 Braheanis
904 423 1240 488 computandis
1279 422 1576 486 edendisque
1627 428 1676 473 et
1715 422 1773 472 de
1811 424 2168 487 impedimentis
2207 424 2387 473 editio-

137 500 211 546 nis
250 496 456 546 amolien
495 498 549 544 is.

280 583 418 646 Quae
455 583 641 632 Marius
693 583 750 632 de
788 584 931 633 Nova
980 585 1094 633 anni
1137 585 1303 644 1572,
1352 596 1449 632 non
1489 578 1600 631 sun't
1639 581 1894 632 dissimilia
1937 583 2054 631 veri.
2132 582 2385 631 Cometam

135 671 227 720 ego
266 657 413 720 hujus
451 657 566 705 anni
606 658 742 704 1618
783 672 947 706 mense
986 656 1120 720 Sept.
1153 657 1258 720 jam
1296 658 1530 706 minorem
1568 657 1790 705 omnibus
1827 655 1937 704 fixis
1965 656 2384 704 circumstantibus
2414 652 2417 657 ’

135 730 240 778 vidi
275 745 364 793 per
399 730 569 778 tubum
607 731 728 778 satis
766 746 992 793 magnam
1029 731 1211 779 habere
1251 731 1594 793 quantitatem3
1635 730 1904 778 obscuritas
1941 730 2089 791 igitur
2124 730 2383 792 parvitatis

137 805 351 867 speciem
389 803 607 866 praebet.
684 803 936 852 Terrentio
974 804 1256 853 felicitatem
1294 803 1615 866 expeditionis
1656 817 1768 852 vere
1807 802 2161 850 astronomicae
2199 816 2383 865 precor,

133 878 316 925 utinam
341 874 665 944 Ephemerida
689 878 804 924 anni
835 877 971 926 1619
1011 876 1223 925 haberet.
1299 875 1395 925 llla
1433 877 1710 926 observatio
1743 880 1804 930 0²
1835 871 1878 941 ῼ
1906 870 1975 941 ᾧ
2014 888 2112 922 non
2152 881 2224 924 est
2261 890 2381 924 sane

67 986 74 990 -
134 950 276 999 nobis
314 948 622 1011 negligenda,
661 964 758 998 non
798 955 958 997 tamen
997 951 1042 998 ei
1076 949 1224 998 fidere
1261 964 1522 1013 possumus
1562 964 1716 1012 usque
1755 945 1818 995 ad
1859 945 1917 995 4⁰
1955 952 2041 996 aut
2081 944 2138 995 5⁰
2181 948 2231 994 in
2267 947 2380 996 lon-

131 1023 436 1086 gitudinibus
474 1022 692 1070 locorum
731 1022 1072 1083 differentiam,
1126 1037 1235 1070 cum
1273 1030 1322 1071 et
1359 1024 1591 1088 temporis
1630 1023 1909 1072 observatio
1957 1022 2022 1069 sit
2059 1021 2384 1070 crassiuscula

134 1102 181 1144 et
220 1095 435 1163 calculus
474 1094 780 1161 Tychonicus
834 1098 882 1143 in
922 1095 1063 1144 Luna
1099 1095 1323 1144 triduana
1377 1110 1474 1145 non
1512 1101 1727 1160 praestet
1764 1093 2092 1144 omnimodam
2130 1094 2385 1143 certitudi-

138 1183 249 1218 nem
288 1169 350 1217 ob
389 1169 676 1217 variationis
714 1168 1006 1218 anomaliam
1057 1168 1272 1217 nondum
1311 1170 1432 1218 satis
1471 1169 1775 1233 exploratam
1826 1168 2155 1232 temporisque
2196 1181 2383 1231 aequa-

134 1243 314 1292 tionem
353 1241 513 1290 adhuc
549 1241 630 1290 vel
666 1256 890 1291 mancam
929 1242 1008 1291 vel
1044 1248 1337 1306 suspectam.

219 1339 226 1347 “
286 1330 364 1379 De
413 1329 670 1378 latitudine
705 1330 876 1379 Lunae
925 1330 1082 1394 deque
1121 1330 1389 1379 differentia
1427 1331 1490 1380 ab
1530 1329 1744 1394 Origano
1781 1335 1897 1378 tunc
1935 1327 2248 1389 disseremus,
2303 1327 2385 1375 ubi

135 1404 269 1467 prius
308 1410 361 1452 tu
400 1402 746 1467 prolegomena
769 1403 1146 1467 Ephemeridum
1184 1405 1298 1453 anni
1329 1405 1463 1453 1617
1505 1403 1760 1468 diligenter
1795 1403 1989 1466 legeris,
2064 1401 2190 1450 Nam
2229 1400 2383 1464 eclip-

132 1478 199 1524 sis
237 1478 352 1524 anni
395 1477 528 1524 1612
567 1476 687 1524 mihi
724 1477 848 1526 inter
885 1476 1270 1527 fundamentales
1310 1483 1397 1527 est.
1475 1476 1614 1539 Quae
1666 1477 1799 1526 dicas
1847 1490 1978 1524 nova
2028 1474 2114 1524 illa
2161 1476 2384 1524 tirocinia

132 1550 458 1598 astronomiae
495 1563 591 1598 non
632 1552 786 1614 capio,
825 1565 940 1598 num
979 1549 1159 1617 editam
1199 1566 1228 1599 a
1265 1566 1342 1600 me
1383 1549 1651 1600 doctrinam
1690 1550 2007 1614 sphaericam,
2050 1564 2111 1597 an
2151 1549 2380 1611 paginam

127 1622 262 1671 illam
309 1625 512 1686 primam
563 1622 810 1671 doctrinae
848 1623 1115 1684 theoricae,
1174 1638 1320 1686 quam
1366 1638 1528 1673 coram
1570 1623 1770 1673 vidisti?
1844 1621 1942 1672 Ubi
1998 1623 2380 1680 convenerimus,

132 1695 331 1745 audiam
370 1695 581 1745 Galilaei
620 1696 936 1759 objectioneS,
978 1689 1125 1760 cujus
1156 1697 1388 1760 epistolas
1427 1698 1489 1746 ad
1507 1697 1764 1747 Velserum
1801 1695 2000 1745 Italicas
2038 1695 2224 1757 habe03
2262 1700 2382 1757 puto

132 1784 249 1818 vero
287 1769 472 1818 nullam
507 1770 634 1817 inter
670 1783 759 1818 nos
798 1784 904 1819 esse
941 1771 1319 1832 dissensionem,
1359 1772 1452 1820 nisi
1489 1771 1611 1820 forte
1649 1773 1699 1819 in
1739 1769 2045 1832 conjecturis,
2098 1767 2225 1816 ultra
2262 1782 2378 1816 sen-

127 1842 290 1891 sibilia
326 1857 434 1892 sese
458 1841 621 1903 altius,
662 1857 760 1905 qua
783 1843 1009 1907 redargui
1052 1859 1149 1892 non
1177 1844 1388 1907 amplius
1419 1849 1641 1907 possunt,
1681 1843 2008 1894 efferentibus
2083 1841 2380 1890 Demonstro

132 1930 222 1978 ego
263 1930 323 1964 ex
359 1917 662 1976 necessariiS‚
702 1931 877 1969 cavum
917 1933 1023 1967 esse
1061 1918 1289 1981 spatium,
1330 1919 1379 1965 in
1418 1932 1515 1981 qno
1556 1917 1796 1982 planetae,
1849 1916 1971 1965 fixas
2011 1917 2222 1964 exterius
2261 1928 2380 1963 con-

126 1983 363 2038 vectiores
400 1983 634 2050 invicem3
676 2005 931 2052 quousque
967 1987 1098 2040 illae·
1125 1997 1429 2053 spargantur,
1468 2006 1567 2040 non
1608 1987 1820 2054 disput0‚
1861 2004 1920 2038 ex
1959 1989 2185 2038 sensibus
2223 1987 2380 2036 solam

125 2058 405 2124 analogiam
445 2077 591 2121 vexo,
625 2063 712 2112 sed
750 2063 942 2113 dulcem
966 2071 1014 2114 et
1041 2061 1384 2127 multiplicem3
1423 2065 1662 2114 infinitum
1690 2059 1964 2114 rationibus
1997 2057 2380 2125 methaphysicis

123 2137 372 2198 impugno.
451 2135 717 2184 Veniamus
767 2132 918 2199 igitur
965 2137 1029 2186 ad
1080 2138 1358 2187 conflictum
1409 2141 1665 2188 rationum.
1753 2136 2054 2201 Opusculum
2103 2136 2166 2184 D.
2204 2130 2379 2191 Sirturi

130 2207 193 2271 (si
230 2214 359 2258 recte
396 2206 527 2273 lego)
565 2209 731 2258 videre
771 2210 1020 2273 pervelim.
1056 2207 1327 2262 '‘,Gometas
1367 2211 1489 2260 duos
1528 2207 1675 2261 simul
1714 2215 2005 2275 apparentes
2045 2208 2189 2269 vidi,
2214 2208 2382 2257 charta

127 2281 396 2345 descriptos
435 2281 497 2330 ad
522 2283 585 2331 D.
614 2297 893 2346 supremum
933 2286 1251 2334 camerarium
1287 2281 1414 2346 misi,
1451 2281 1684 2350 rogitanS‚
1723 2290 1778 2334 ut
1815 2283 2015 2333 medicis
2053 2283 2382 2345 Imperatoriis

128 2351 532 2419 communicaret;
571 2356 640 2404 ibi
680 2358 826 2420 igitur
862 2359 1117 2421 requires..
1169 2357 1296 2407 Vale
1335 2358 1493 2408 Lincii
1532 2357 1733 2408 Calend.
1773 2352 2058 2407 Decembris
2102 2357 2255 2404 1618.

1148 2430 1220 2479 Cl.
1261 2431 1348 2480 Ex.
1390 2432 1448 2480 T.
1490 2430 1751 2482 Officiosus

1823 2565 1826 2569 Α
1862 2505 1916 2554 J.
1956 2502 2163 2566 Kepler.

268 2591 449 2631 Remus
480 2593 525 2631 in
555 2592 826 2643 responsione
858 2603 934 2632 sua
965 2592 1027 2639 (d.
1060 2593 1283 2643 Insprughi
1315 2595 1380 2632 13.
1413 2591 1538 2633 Mart.
1574 2589 1703 2644 1619)
1734 2594 1894 2640 narrat,
1934 2591 2077 2629 literas
2108 2586 2277 2638 Kepleri
2306 2598 2379 2637 per

121 2651 147 2688 3
179 2662 340 2690 menses
370 2648 545 2690 latuisse
571 2654 611 2689 et
641 2650 814 2690 traditas
846 2663 932 2691 esse
964 2652 1168 2691 Brisachii
1201 2654 1238 2691 1.
1258 2651 1418 2692 Martii.
1478 2653 1706 2692 Licentiam
1738 2662 1781 2690 se
1811 2650 1982 2701 petiisse
2025 2650 2077 2687 ab
2108 2647 2376 2698 Imperatore,

127 2715 173 2748 ut
200 2708 253 2763 ad
284 2708 543 2759 Leopoldnm
573 2712 769 2764 transeat,
805 2713 1057 2758 „amatorem
1089 2722 1229 2750 verum
1261 2711 1447 2761 chymiae
1470 2714 1511 2751 et
1531 2711 1783 2757 mathese0s;
1813 2709 1882 2748 hic
1901 2708 2050 2747 melius
2070 2709 2211 2757 posset
2230 2708 2375 2756 ‚iuvare

123 2771 284 2807 nostros
315 2769 529 2809 conatus.“
573 2767 743 2807 Interim
774 2780 861 2819 ego,
893 2770 1039 2822 pergit,
1071 2770 1227 2824 bonum
1260 2770 1479 2809 consilium
1509 2773 1711 2823 tanquam
1742 2768 1897 2807 amicus
1921 2766 2043 2814 dabo,
2076 2764 2212 2804 sedin
2245 2764 2374 2803 silen-

121 2827 194 2871 tio.
223 2837 297 2876 pro
318 2830 393 2865 tua
423 2826 660 2878 provisione
691 2827 987 2880 extorquenda.
1051 2828 1154 2879 Mihi
1188 2828 1308 2875 olim,
1340 2841 1433 2868 cum
1465 2840 1594 2869 essem
1626 2828 1825 2875 Viennae,
1857 2825 1907 2864 D.
1927 2824 2182 2874 Rechperger
2213 2823 2375 2872 saepius

122 2883 250 2925 dixit:
298 2885 335 2924 si
365 2884 417 2926 D.
447 2885 651 2935 Keplerus
688 2896 848 2924 mecum
878 2887 1031 2925 bonam
1063 2887 1464 2937 correspondentiam
1497 2889 1557 2936 (ut
1586 2888 1647 2926 sic
1676 2883 1838 2937 loquar)
1876 2886 2035 2922 teneret
2065 2886 2105 2921 et
2136 2882 2377 2931 dignaretur

122 2943 225 2981 mihi
255 2943 456 2995 scribere,
501 2954 575 2992 ego
609 2943 691 2992 ipsi
721 2942 898 2983 faciliter
927 2957 1047 2984 suam
1075 2946 1357 2996 provisionem
1386 2945 1567 2997 persolvi
1598 2954 1782 2984 curarem
1822 2943 1890 2981 bei
1921 2941 2000 2980 den
2031 2942 2214 2980 obristen
2245 2938 2374 2979 Zahl-

120 3002 314 3040 meist-ern
348 3005 389 3041 et
418 3002 548 3056 alios,
597 3001 827 3052 ipse-enim
857 3003 1044 3043 medetur
1073 3005 1177 3044 tales
1208 3007 1249 3043 et
1278 3005 1402 3044 unico
1434 3005 1559 3044 verbo
1592 3013 1695 3054 opus
1726 3004 1810 3051 est,
1851 3003 1892 3039 et
1923 3003 1984 3040 est
2018 2999 2063 3039 in
2101 3009 2252 3049 magna
2283 2999 2373 3037 exi-

120 3059 371 3102 stimatione.

234 3132 339 3171 Mihi
367 3131 580 3184 perplacet
607 3137 706 3172 tuus
738 3131 922 3174 calculus
950 3134 1144 3176 Mercurii
1174 3139 1215 3175 et
1244 3147 1294 3174 ex
1325 3138 1444 3186 parte
1476 3146 1568 3174 eum
1599 3134 1804 3190 intelligo,
1837 3136 1910 3176 sed
1939 3147 2024 3175 non
2055 3136 2099 3174 in
2130 3137 2230 3174 toto.
2281 3133 2372 3174 Non

124 3191 234 3230 enim
263 3191 351 3230 vidi
381 3203 514 3243 neque
544 3196 682 3242 tuam,
729 3203 862 3245 neque
894 3193 1130 3243 Benjamini
1161 3191 1533 3245 (legarithmorum)
1566 3193 1812 3249 editionem3
1858 3196 1893 3234 si
1938 3207 2031 3234 eam
2074 3194 2237 3234 mittere
2269 3193 2373 3232 mihi

124 3246 264 3303 velles,
296 3254 418 3299 prout
448 3251 574 3290 etiam
604 3249 899 3301 prolegomena
919 3252 1254 3305 Ephemeridum,
1286 3263 1390 3303 quae
1419 3252 1605 3292 nondum
1635 3254 1724 3293 vidi
1753 3265 1888 3306 neque
1916 3254 2069 3293 habere
2100 3252 2232 3306 potui,
2266 3252 2373 3291 sicut

122 3307 245 3346 etiam
276 3307 550 3361 Har-monica,
594 3321 679 3348 rem
711 3309 811 3348 mihi
843 3310 1115 3358 gratissimam
1148 3312 1287 3350 facies.
1350 3310 1645 3351 Serenissimus
1677 3312 1779 3351 mihi
1811 3316 1970 3352 sumtus
2011 3311 2254 3362 suppeditat
2294 3321 2369 3361 pro

121 3364 277 3405 talibus
309 3367 503 3417 operibus
534 3368 835 3407 mathematicis
866 3372 906 3407 et
935 3367 1112 3407 libenter
1141 3370 1282 3408 omnia
1311 3367 1554 3420 persolvam.

263 3437 342 3476 Pro
372 3439 576 3478 tirociniis
605 3438 690 3479 illis
722 3440 924 3480 debebam
963 3442 1157 3480 scribere:
1203 3441 1448 3482 'theoricam
1480 3442 1698 3493 Epitomen
1729 3444 1876 3487 habeo.
1937 3444 2042 3483 Mihi
2073 3444 2295 3483 haerebant
2326 3443 2369 3481 in

122 3494 260 3534 animo
292 3496 528 3544 „Tirocinia
557 3498 695 3538 Balth.
728 3497 888 3549 Caprae
928 3501 1261 3554 astronomica«,
1307 3504 1347 3540 et
1387 3500 1438 3540 de
1479 3502 1532 3540 iis
1572 3502 1692 3552 plura
1730 3497 2010 3543 commodiore
2052 3505 2250 3552 tempore.
2312 3502 2366 3544 D.

123 3551 270 3592 Sirtnri
297 3553 640 3606 „Telescopinm“
670 3557 915 3607 impressum
948 3562 1010 3597 est
1039 3558 1312 3600 Franeofurti.
1360 3557 1547 3599 Cometas
1579 3560 1682 3600 duos
1714 3560 1838 3600 simul
1868 3564 2110 3613 apparentes
2143 3572 2224 3599 non
2255 3560 2364 3609 vidi3

123 3608 225 3649 sorte
254 3610 334 3651 fuit
372 3611 445 3652 ille
475 3614 717 3667 Decembri,
760 3617 834 3668 qui
864 3617 1031 3656 tandem
1071 3628 1202 3669 neque
1233 3617 1443 3657 oriebatur
1484 3630 1619 3671 neque
1662 3620 1889 3663 occidebat,
1952 3618 2165 3660 Galilaeus
2207 3630 2365 3657 mecum

124 3670 376 3709 concertabit
406 3670 457 3710 de
487 3677 666 3723 cometa,
696 3678 819 3725 prout
850 3676 1038 3725 scripsit:
1071 3676 1142 3715 sed
1173 3675 1278 3715 male
1308 3674 1433 3716 h‘abet
1462 3677 1596 3718 bonus
1627 3679 1701 3731 vir,
1733 3679 1816 3718 fere
1848 3679 1902 3718 ad
1932 3682 2117 3718 mortem.
2143 3709 2152 3719 .
2177 3708 2185 3718 .
2211 3707 2219 3715 .

236 3739 347 3782 Bene
376 3745 467 3783 vale
499 3749 539 3785 et
568 3757 633 3784 me
664 3758 801 3786 amare
831 3758 914 3786 non
947 3746 1113 3792 desino.
1158 3746 1405 3788 Germaniae
1436 3752 1603 3789 nostrae
1632 3749 1966 3789 mathematicum
2013 3749 2157 3798 decus,
2202 3751 2242 3785 et
2273 3758 2365 3785 mea

126 3806 258 3848 opera,
291 3801 326 3839 si
356 3800 504 3853 placet,
533 3806 669 3857 utere;
714 3804 759 3844 P.
793 3805 1007 3859 Zieglerus
1038 3805 1140 3844 mihi
1173 3807 1385 3860 promisit,
1430 3806 1466 3847 si
1496 3806 1644 3859 aliqua
1674 3808 1758 3848 sint
1788 3808 2032 3848 excudenda
2063 3806 2363 3858 mathematica,

124 3856 236 3907 qnod
264 3855 499 3909 fleguntiae
528 3866 766 3913 procuraret
794 3867 834 3905 et
865 3865 954 3916 ipse
985 3863 1229 3905 correctioni
1258 3865 1457 3907 interesse
1488 3866 1601 3908 velit.
