<?xml version="1.0" encoding="UTF-8"?>
<!DOCTYPE html PUBLIC "-//W3C//DTD XHTML 1.0 Transitional//EN"
    "http://www.w3.org/TR/xhtml1/DTD/xhtml1-transitional.dtd">
<html xmlns="http://www.w3.org/1999/xhtml" xml:lang="en" lang="en">
 <head>
  <title>
</title>
<meta http-equiv="Content-Type" content="text/html;charset=utf-8" />
  <meta name='ocr-system' content='tesseract 3.04.00' />
  <meta name='ocr-capabilities' content='ocr_page ocr_carea ocr_par ocr_line ocrx_word'/>
</head>
<body>
  <div class='ocr_page' id='page_1' title='image "./operaomniaedidit06kepluoft_0231.png"; bbox 0 0 2554 4140; ppageno 0'>
   <div class='ocr_carea' id='block_1_1' title="bbox 886 125 2365 177">
    <p class='ocr_par' dir='ltr' id='par_1_1' title="bbox 886 125 2365 177">
     <span class='ocr_line' id='line_1_1' title="bbox 886 125 2365 177; baseline 0.003 -5"><span class='ocrx_word' id='word_1_1' title='bbox 886 125 1024 172; x_wconf 89' lang='lat' dir='ltr'><strong>Liber</strong></span> <span class='ocrx_word' id='word_1_2' title='bbox 1053 125 1247 172; x_wconf 70' lang='lat' dir='ltr'><strong>Tertius</strong></span> <span class='ocrx_word' id='word_1_3' title='bbox 1306 126 1419 171; x_wconf 87' lang='lat' dir='ltr'><strong>Pars</strong></span> <span class='ocrx_word' id='word_1_4' title='bbox 1448 125 1613 172; x_wconf 86' lang='lat' dir='ltr'><strong>Prima.</strong></span> <span class='ocrx_word' id='word_1_5' title='bbox 2263 131 2365 177; x_wconf 78' lang='lat'><strong>217</strong></span> 
     </span>
    </p>
   </div>
   <div class='ocr_carea' id='block_1_2' title="bbox 105 273 2399 559">
    <p class='ocr_par' dir='ltr' id='par_1_2' title="bbox 105 273 2399 559">
     <span class='ocr_line' id='line_1_2' title="bbox 264 273 2399 338; baseline -0.001 -14"><span class='ocrx_word' id='word_1_6' title='bbox 264 273 523 338; x_wconf 78' lang='lat' dir='ltr'><em>Quomodo</em></span> <span class='ocrx_word' id='word_1_7' title='bbox 573 289 690 338; x_wconf 69' lang='lat' dir='ltr'><strong>erqo</strong></span> <span class='ocrx_word' id='word_1_8' title='bbox 735 276 1089 338; x_wconf 76' lang='lat' dir='ltr'><strong>phaenomena</strong></span> <span class='ocrx_word' id='word_1_9' title='bbox 1137 280 1235 325; x_wconf 82' lang='lat' dir='ltr'><strong>ista</strong></span> <span class='ocrx_word' id='word_1_10' title='bbox 1283 277 1432 326; x_wconf 77' lang='lat' dir='ltr'><strong>aliter</strong></span> <span class='ocrx_word' id='word_1_11' title='bbox 1483 290 1639 338; x_wconf 84' lang='lat' dir='ltr'><strong>quam</strong></span> <span class='ocrx_word' id='word_1_12' title='bbox 1691 273 2002 325; x_wconf 82' lang='lat' dir='ltr'><strong>observando</strong></span> <span class='ocrx_word' id='word_1_13' title='bbox 2032 281 2248 338; x_wconf 80' lang='lat' dir='ltr'><strong>possunt</strong></span> <span class='ocrx_word' id='word_1_14' title='bbox 2285 276 2399 323; x_wconf 81' lang='lat' dir='ltr'><strong>in·-</strong></span> 
     </span>
     <span class='ocr_line' id='line_1_3' title="bbox 114 347 2366 412; baseline 0 -17"><span class='ocrx_word' id='word_1_15' title='bbox 114 349 367 409; x_wconf 78' lang='lat' dir='ltr'><strong>vestiyari,</strong></span> <span class='ocrx_word' id='word_1_16' title='bbox 404 354 463 396; x_wconf 89' lang='lat' dir='ltr'><strong>ut</strong></span> <span class='ocrx_word' id='word_1_17' title='bbox 479 353 669 410; x_wconf 81' lang='lat' dir='ltr'><strong>postea,</strong></span> <span class='ocrx_word' id='word_1_18' title='bbox 707 350 1007 412; x_wconf 75' lang='lat' dir='ltr'><strong>investiyata</strong></span> <span class='ocrx_word' id='word_1_19' title='bbox 1039 365 1154 399; x_wconf 85' lang='lat' dir='ltr'><strong>cum</strong></span> <span class='ocrx_word' id='word_1_20' title='bbox 1180 350 1311 400; x_wconf 79' lang='lat' dir='ltr'><strong>coelo</strong></span> <span class='ocrx_word' id='word_1_21' title='bbox 1335 350 1459 410; x_wconf 82' lang='lat' dir='ltr'><strong>ipso,</strong></span> <span class='ocrx_word' id='word_1_22' title='bbox 1498 350 1602 397; x_wconf 79' lang='lat' dir='ltr'><strong>suis</strong></span> <span class='ocrx_word' id='word_1_23' title='bbox 1628 348 1860 411; x_wconf 81' lang='lat' dir='ltr'><strong>quodque</strong></span> <span class='ocrx_word' id='word_1_24' title='bbox 1897 347 2204 411; x_wconf 76' lang='lat' dir='ltr'><em>temporibus</em></span> <span class='ocrx_word' id='word_1_25' title='bbox 2229 362 2366 396; x_wconf 86' lang='lat' dir='ltr'><strong>com-</strong></span> 
     </span>
     <span class='ocr_line' id='line_1_4' title="bbox 105 417 2365 485; baseline 0 -17"><span class='ocrx_word' id='word_1_26' title='bbox 105 419 362 481; x_wconf 72' lang='lat' dir='ltr'><strong>paretur?</strong></span> <span class='ocrx_word' id='word_1_27' title='bbox 409 417 545 483; x_wconf 89' lang='lat' dir='ltr'><strong>Opus</strong></span> <span class='ocrx_word' id='word_1_28' title='bbox 595 421 737 469; x_wconf 90' lang='lat' dir='ltr'><strong>nobis</strong></span> <span class='ocrx_word' id='word_1_29' title='bbox 787 427 861 470; x_wconf 87' lang='lat' dir='ltr'><strong>est</strong></span> <span class='ocrx_word' id='word_1_30' title='bbox 912 424 1227 485; x_wconf 82' lang='lat' dir='ltr'><strong>inquisitione</strong></span> <span class='ocrx_word' id='word_1_31' title='bbox 1266 420 1539 471; x_wconf 76' lang='lat' dir='ltr'><strong>altitudinis</strong></span> <span class='ocrx_word' id='word_1_32' title='bbox 1578 420 1682 485; x_wconf 88' lang='lat' dir='ltr'><strong>poli</strong></span> <span class='ocrx_word' id='word_1_33' title='bbox 1719 422 1767 467; x_wconf 91' lang='lat' dir='ltr'><strong>in</strong></span> <span class='ocrx_word' id='word_1_34' title='bbox 1808 423 1983 483; x_wconf 88' lang='lat' dir='ltr'><strong>quovis</strong></span> <span class='ocrx_word' id='word_1_35' title='bbox 2022 421 2200 470; x_wconf 86' lang='lat' dir='ltr'>Terrae</span> <span class='ocrx_word' id='word_1_36' title='bbox 2238 420 2365 480; x_wconf 83' lang='lat' dir='ltr'><strong>loco,</strong></span> 
     </span>
     <span class='ocr_line' id='line_1_5' title="bbox 112 491 2369 559; baseline 0.001 -21"><span class='ocrx_word' id='word_1_37' title='bbox 112 491 381 540; x_wconf 83' lang='lat' dir='ltr'><strong>altitudinis</strong></span> <span class='ocrx_word' id='word_1_38' title='bbox 430 496 736 555; x_wconf 86' lang='lat' dir='ltr'><strong>aequatoris‚</strong></span> <span class='ocrx_word' id='word_1_39' title='bbox 791 495 1060 544; x_wconf 84' lang='lat' dir='ltr'><strong>altitudinis</strong></span> <span class='ocrx_word' id='word_1_40' title='bbox 1112 495 1348 559; x_wconf 88' lang='lat' dir='ltr'><strong>cujusque</strong></span> <span class='ocrx_word' id='word_1_41' title='bbox 1392 493 1568 543; x_wconf 77' lang='lat' dir='ltr'><strong>&#39;stellae</strong></span> <span class='ocrx_word' id='word_1_42' title='bbox 1606 493 1902 542; x_wconf 80' lang='lat' dir='ltr'><strong>meridianae</strong></span> <span class='ocrx_word' id='word_1_43' title='bbox 1943 498 1991 543; x_wconf 91' lang='lat' dir='ltr'><strong>et</strong></span> <span class='ocrx_word' id='word_1_44' title='bbox 2029 493 2369 545; x_wconf 79' lang='lat' dir='ltr'><strong>declinationis</strong></span> 
     </span>
    </p>
   </div>
   <div class='ocr_carea' id='block_1_3' title="bbox 20 564 755 632">
    <p class='ocr_par' dir='ltr' id='par_1_3' title="bbox 20 564 755 632">
     <span class='ocr_line' id='line_1_6' title="bbox 20 564 755 632; baseline 0.003 -20"><span class='ocrx_word' id='word_1_45' title='bbox 20 613 30 632; x_wconf 44' lang='lat'><strong><em>⁹</em></strong></span> <span class='ocrx_word' id='word_1_46' title='bbox 114 564 330 627; x_wconf 88' lang='lat' dir='ltr'><strong>ejusdem</strong></span> <span class='ocrx_word' id='word_1_47' title='bbox 368 565 432 613; x_wconf 88' lang='lat' dir='ltr'><strong>ab</strong></span> <span class='ocrx_word' id='word_1_48' title='bbox 472 571 755 628; x_wconf 86' lang='lat' dir='ltr'><strong>aequatore.</strong></span> 
     </span>
    </p>
   </div>
   <div class='ocr_carea' id='block_1_4' title="bbox 260 652 2413 716">
    <p class='ocr_par' dir='ltr' id='par_1_4' title="bbox 260 652 2413 716">
     <span class='ocr_line' id='line_1_7' title="bbox 260 652 2413 716; baseline 0 -16"><span class='ocrx_word' id='word_1_49' title='bbox 260 652 396 715; x_wconf 78' lang='lat' dir='ltr'><strong>Quid</strong></span> <span class='ocrx_word' id='word_1_50' title='bbox 428 659 498 701; x_wconf 79' lang='lat' dir='ltr'><strong>est</strong></span> <span class='ocrx_word' id='word_1_51' title='bbox 534 653 749 703; x_wconf 81' lang='lat' dir='ltr'><strong>altitudo</strong></span> <span class='ocrx_word' id='word_1_52' title='bbox 768 655 893 716; x_wconf 81' lang='lat' dir='ltr'><strong>poli,</strong></span> <span class='ocrx_word' id='word_1_53' title='bbox 932 657 1222 716; x_wconf 77' lang='lat' dir='ltr'><strong>aequatoris</strong></span> <span class='ocrx_word' id='word_1_54' title='bbox 1247 655 1324 703; x_wconf 81' lang='lat' dir='ltr'><strong>vel</strong></span> <span class='ocrx_word' id='word_1_55' title='bbox 1348 655 1515 703; x_wconf 79' lang='lat' dir='ltr'><strong>stellae</strong></span> <span class='ocrx_word' id='word_1_56' title='bbox 1539 652 1868 702; x_wconf 80' lang='lat' dir='ltr'><strong>meridiana?</strong></span> <span class='ocrx_word' id='word_1_57' title='bbox 1913 653 2000 701; x_wconf 84' lang='lat' dir='ltr'><strong>Est</strong></span> <span class='ocrx_word' id='word_1_58' title='bbox 2025 667 2165 703; x_wconf 89' lang='lat' dir='ltr'><strong>arcus</strong></span> <span class='ocrx_word' id='word_1_59' title='bbox 2203 652 2369 704; x_wconf 89' lang='lat' dir='ltr'><strong>circuli</strong></span> <span class='ocrx_word' id='word_1_60' title='bbox 2410 706 2413 709; x_wconf 23' lang='lat' dir='ltr'><em>s</em></span> 
     </span>
    </p>
   </div>
   <div class='ocr_carea' id='block_1_5' title="bbox 3 723 2370 822">
    <p class='ocr_par' dir='ltr' id='par_1_5' title="bbox 3 723 2370 822">
     <span class='ocr_line' id='line_1_8' title="bbox 3 723 2370 822; baseline 0.002 -50"><span class='ocrx_word' id='word_1_61' title='bbox 3 728 36 795; x_wconf 15' lang='grc' dir='ltr'><em>Σ</em></span> <span class='ocrx_word' id='word_1_62' title='bbox 89 723 384 785; x_wconf 68' lang='lat' dir='ltr'><strong>meridiani,</strong></span> <span class='ocrx_word' id='word_1_63' title='bbox 436 727 731 789; x_wconf 87' lang='lat' dir='ltr'><strong>interceptus</strong></span> <span class='ocrx_word' id='word_1_64' title='bbox 782 729 907 776; x_wconf 89' lang='lat' dir='ltr'><strong>inter</strong></span> <span class='ocrx_word' id='word_1_65' title='bbox 943 726 1208 776; x_wconf 88' lang='lat' dir='ltr'><strong>horizontis</strong></span> <span class='ocrx_word' id='word_1_66' title='bbox 1245 734 1434 793; x_wconf 88' lang='lat' dir='ltr'><strong>partem</strong></span> <span class='ocrx_word' id='word_1_67' title='bbox 1471 728 1681 822; x_wconf 81' lang='lat' dir='ltr'><strong>vicinam</strong></span> <span class='ocrx_word' id='word_1_68' title='bbox 1720 731 1770 776; x_wconf 87' lang='lat' dir='ltr'><strong>et</strong></span> <span class='ocrx_word' id='word_1_69' title='bbox 1806 725 1998 791; x_wconf 90' lang='lat' dir='ltr'><strong>polum,</strong></span> <span class='ocrx_word' id='word_1_70' title='bbox 2054 726 2135 776; x_wconf 88' lang='lat' dir='ltr'><strong>vel</strong></span> <span class='ocrx_word' id='word_1_71' title='bbox 2180 741 2370 791; x_wconf 88' lang='lat' dir='ltr'><strong>aequa-</strong></span> 
     </span>
    </p>
   </div>
   <div class='ocr_carea' id='block_1_6' title="bbox 0 2663 23 4140">
    <p class='ocr_par' dir='ltr' id='par_1_6' title="bbox 0 2663 23 4140">
     <span class='ocr_line' id='line_1_9' title="bbox 0 2663 23 4140; baseline 0 0"><span class='ocrx_word' id='word_1_72' title='bbox 0 2663 23 4140; x_wconf 95' lang='lat' dir='ltr'><strong> </strong></span> 
     </span>
    </p>
   </div>
   <div class='ocr_carea' id='block_1_7' title="bbox 113 797 629 848">
    <p class='ocr_par' dir='ltr' id='par_1_7' title="bbox 113 797 629 848">
     <span class='ocr_line' id='line_1_10' title="bbox 113 797 629 848; baseline 0 -2"><span class='ocrx_word' id='word_1_73' title='bbox 113 804 266 847; x_wconf 88' lang='lat' dir='ltr'><strong>torem</strong></span> <span class='ocrx_word' id='word_1_74' title='bbox 303 797 384 847; x_wconf 87' lang='lat' dir='ltr'><strong>vel</strong></span> <span class='ocrx_word' id='word_1_75' title='bbox 422 798 629 848; x_wconf 89' lang='lat' dir='ltr'><strong>stellam.</strong></span> 
     </span>
    </p>
   </div>
   <div class='ocr_carea' id='block_1_8' title="bbox 25 882 2375 3591">
    <p class='ocr_par' dir='ltr' id='par_1_8' title="bbox 105 882 2368 1170">
     <span class='ocr_line' id='line_1_11' title="bbox 267 882 2366 949; baseline 0 -17"><span class='ocrx_word' id='word_1_76' title='bbox 267 882 406 933; x_wconf 75' lang='lat' dir='ltr'><strong>Unde</strong></span> <span class='ocrx_word' id='word_1_77' title='bbox 430 885 551 933; x_wconf 78' lang='lat' dir='ltr'><strong>haec</strong></span> <span class='ocrx_word' id='word_1_78' title='bbox 584 886 752 935; x_wconf 80' lang='lat' dir='ltr'><strong>stellae</strong></span> <span class='ocrx_word' id='word_1_79' title='bbox 779 886 993 937; x_wconf 81' lang='lat' dir='ltr'><strong>altitudo</strong></span> <span class='ocrx_word' id='word_1_80' title='bbox 1030 887 1216 936; x_wconf 79' lang='lat' dir='ltr'><strong>dicitur</strong></span> <span class='ocrx_word' id='word_1_81' title='bbox 1253 885 1578 937; x_wconf 81' lang='lat' dir='ltr'><strong>meridiana?</strong></span> <span class='ocrx_word' id='word_1_82' title='bbox 1612 885 1724 935; x_wconf 86' lang='lat' dir='ltr'><strong>Non</strong></span> <span class='ocrx_word' id='word_1_83' title='bbox 1749 898 1939 948; x_wconf 88' lang='lat' dir='ltr'><strong>semper</strong></span> <span class='ocrx_word' id='word_1_84' title='bbox 1975 898 2006 934; x_wconf 87' lang='lat' dir='ltr'><strong>a</strong></span> <span class='ocrx_word' id='word_1_85' title='bbox 2031 884 2180 949; x_wconf 86' lang='lat' dir='ltr'>plaga</span> <span class='ocrx_word' id='word_1_86' title='bbox 2217 887 2366 936; x_wconf 91' lang='lat' dir='ltr'><strong>meri-</strong></span> 
     </span>
     <span class='ocr_line' id='line_1_12' title="bbox 109 956 2368 1032; baseline 0.001 -28"><span class='ocrx_word' id='word_1_87' title='bbox 109 956 222 1018; x_wconf 88' lang='lat' dir='ltr'><strong>diei,</strong></span> <span class='ocrx_word' id='word_1_88' title='bbox 263 956 348 1006; x_wconf 90' lang='lat' dir='ltr'><strong>sed</strong></span> <span class='ocrx_word' id='word_1_89' title='bbox 387 972 417 1006; x_wconf 85' lang='lat' dir='ltr'><strong>a</strong></span> <span class='ocrx_word' id='word_1_90' title='bbox 456 958 635 1007; x_wconf 88' lang='lat' dir='ltr'><strong>circulo</strong></span> <span class='ocrx_word' id='word_1_91' title='bbox 673 959 958 1032; x_wconf 79' lang='lat' dir='ltr'><strong>meridiano,</strong></span> <span class='ocrx_word' id='word_1_92' title='bbox 999 959 1063 1008; x_wconf 88' lang='lat' dir='ltr'><strong>ad</strong></span> <span class='ocrx_word' id='word_1_93' title='bbox 1089 961 1226 1024; x_wconf 86' lang='lat' dir='ltr'><strong>cujus</strong></span> <span class='ocrx_word' id='word_1_94' title='bbox 1263 966 1450 1026; x_wconf 88' lang='lat' dir='ltr'><strong>partem</strong></span> <span class='ocrx_word' id='word_1_95' title='bbox 1478 961 1624 1008; x_wconf 89' lang='lat' dir='ltr'><strong>etiam</strong></span> <span class='ocrx_word' id='word_1_96' title='bbox 1661 957 2090 1024; x_wconf 85' lang='lat' dir='ltr'><strong>septentrionalem</strong></span> <span class='ocrx_word' id='word_1_97' title='bbox 2127 957 2368 1022; x_wconf 85' lang='lat' dir='ltr'><strong>quaedam</strong></span> 
     </span>
     <span class='ocr_line' id='line_1_13' title="bbox 105 1020 2366 1097; baseline 0.001 -20"><span class='ocrx_word' id='word_1_98' title='bbox 105 1029 276 1079; x_wconf 88' lang='lat' dir='ltr'><strong>stellae</strong></span> <span class='ocrx_word' id='word_1_99' title='bbox 315 1030 540 1080; x_wconf 87' lang='lat' dir='ltr'><strong>videntur</strong></span> <span class='ocrx_word' id='word_1_100' title='bbox 577 1020 863 1096; x_wconf 80' lang='lat' dir='ltr'><strong>applieare,</strong></span> <span class='ocrx_word' id='word_1_101' title='bbox 880 1037 928 1081; x_wconf 91' lang='lat' dir='ltr'><strong>et</strong></span> <span class='ocrx_word' id='word_1_102' title='bbox 964 1031 1041 1082; x_wconf 91' lang='lat' dir='ltr'><strong>bis</strong></span> <span class='ocrx_word' id='word_1_103' title='bbox 1079 1034 1274 1097; x_wconf 87' lang='lat' dir='ltr'><strong>quidem</strong></span> <span class='ocrx_word' id='word_1_104' title='bbox 1313 1033 1520 1093; x_wconf 89' lang='lat' dir='ltr'><strong>illarum,</strong></span> <span class='ocrx_word' id='word_1_105' title='bbox 1562 1046 1688 1095; x_wconf 88' lang='lat' dir='ltr'><strong>quae</strong></span> <span class='ocrx_word' id='word_1_106' title='bbox 1735 1045 1831 1080; x_wconf 91' lang='lat' dir='ltr'><strong>non</strong></span> <span class='ocrx_word' id='word_1_107' title='bbox 1873 1029 2112 1093; x_wconf 85' lang='lat' dir='ltr'><strong>occidunt,</strong></span> <span class='ocrx_word' id='word_1_108' title='bbox 2154 1031 2366 1094; x_wconf 86' lang='lat' dir='ltr'><strong>aliquae,</strong></span> 
     </span>
     <span class='ocr_line' id='line_1_14' title="bbox 111 1101 2328 1170; baseline 0.001 -18"><span class='ocrx_word' id='word_1_109' title='bbox 111 1101 239 1152; x_wconf 90' lang='lat' dir='ltr'><strong>unde</strong></span> <span class='ocrx_word' id='word_1_110' title='bbox 280 1102 459 1168; x_wconf 82' lang='lat' dir='ltr'><strong>duplex</strong></span> <span class='ocrx_word' id='word_1_111' title='bbox 495 1109 568 1153; x_wconf 90' lang='lat' dir='ltr'><strong>est</strong></span> <span class='ocrx_word' id='word_1_112' title='bbox 606 1104 814 1154; x_wconf 85' lang='lat' dir='ltr'><strong>altitudo</strong></span> <span class='ocrx_word' id='word_1_113' title='bbox 853 1104 1123 1155; x_wconf 89' lang='lat' dir='ltr'><strong>meridiana</strong></span> <span class='ocrx_word' id='word_1_114' title='bbox 1161 1105 1481 1170; x_wconf 77' lang='lat' dir='ltr'><strong>quarundam,</strong></span> <span class='ocrx_word' id='word_1_115' title='bbox 1523 1120 1620 1154; x_wconf 90' lang='lat' dir='ltr'><strong>nna</strong></span> <span class='ocrx_word' id='word_1_116' title='bbox 1657 1107 1884 1165; x_wconf 87' lang='lat' dir='ltr'><strong>maxima,</strong></span> <span class='ocrx_word' id='word_1_117' title='bbox 1924 1104 2078 1153; x_wconf 89' lang='lat' dir='ltr'><strong>altera</strong></span> <span class='ocrx_word' id='word_1_118' title='bbox 2115 1105 2328 1154; x_wconf 85' lang='lat' dir='ltr'><strong>minima.</strong></span> 
     </span>
    </p>

    <p class='ocr_par' dir='ltr' id='par_1_9' title="bbox 104 1175 2370 1684">
     <span class='ocr_line' id='line_1_15' title="bbox 250 1175 2366 1240; baseline 0 -16"><span class='ocrx_word' id='word_1_119' title='bbox 250 1175 469 1238; x_wconf 75' lang='lat' dir='ltr'><strong>Explica</strong></span> <span class='ocrx_word' id='word_1_120' title='bbox 504 1177 635 1225; x_wconf 82' lang='lat' dir='ltr'><strong>hanc</strong></span> <span class='ocrx_word' id='word_1_121' title='bbox 672 1178 1005 1228; x_wconf 81' lang='lat' dir='ltr'><strong>altitudinum</strong></span> <span class='ocrx_word' id='word_1_122' title='bbox 1042 1179 1451 1228; x_wconf 79' lang='lat' dir='ltr'><strong>meridianarum</strong></span> <span class='ocrx_word' id='word_1_123' title='bbox 1489 1180 1787 1227; x_wconf 77' lang='lat' dir='ltr'><strong>varietatem</strong></span> <span class='ocrx_word' id='word_1_124' title='bbox 1829 1178 2220 1240; x_wconf 76' lang='lat' dir='ltr'><strong>particularius,</strong></span> <span class='ocrx_word' id='word_1_125' title='bbox 2309 1177 2366 1225; x_wconf 90' lang='lat' dir='ltr'><strong>In</strong></span> 
     </span>
     <span class='ocr_line' id='line_1_16' title="bbox 104 1246 2366 1315; baseline 0 -18"><span class='ocrx_word' id='word_1_126' title='bbox 104 1247 361 1298; x_wconf 89' lang='lat' dir='ltr'><strong>altitudine</strong></span> <span class='ocrx_word' id='word_1_127' title='bbox 398 1249 501 1315; x_wconf 86' lang='lat' dir='ltr'><strong>poli</strong></span> <span class='ocrx_word' id='word_1_128' title='bbox 551 1246 659 1312; x_wconf 85' lang='lat'><strong>45⁰,</strong></span> <span class='ocrx_word' id='word_1_129' title='bbox 711 1265 837 1314; x_wconf 89' lang='lat' dir='ltr'><strong>quae</strong></span> <span class='ocrx_word' id='word_1_130' title='bbox 876 1253 1126 1315; x_wconf 88' lang='lat' dir='ltr'><strong>quantitas</strong></span> <span class='ocrx_word' id='word_1_131' title='bbox 1165 1257 1238 1302; x_wconf 85' lang='lat' dir='ltr'><strong>est</strong></span> <span class='ocrx_word' id='word_1_132' title='bbox 1277 1251 1461 1301; x_wconf 91' lang='lat' dir='ltr'><strong>dimidii</strong></span> <span class='ocrx_word' id='word_1_133' title='bbox 1501 1250 1815 1314; x_wconf 76' lang='lat' dir='ltr'><strong>quadranti8‚</strong></span> <span class='ocrx_word' id='word_1_134' title='bbox 1864 1250 2036 1302; x_wconf 87' lang='lat' dir='ltr'><strong>stellae</strong></span> <span class='ocrx_word' id='word_1_135' title='bbox 2074 1251 2366 1313; x_wconf 87' lang='lat' dir='ltr'><strong>stringentes</strong></span> 
     </span>
     <span class='ocr_line' id='line_1_17' title="bbox 105 1321 2367 1389; baseline 0.001 -19"><span class='ocrx_word' id='word_1_136' title='bbox 105 1321 406 1371; x_wconf 87' lang='lat' dir='ltr'><strong>horizontem</strong></span> <span class='ocrx_word' id='word_1_137' title='bbox 443 1327 695 1373; x_wconf 87' lang='lat' dir='ltr'><strong>transeunt</strong></span> <span class='ocrx_word' id='word_1_138' title='bbox 731 1326 878 1374; x_wconf 90' lang='lat' dir='ltr'><strong>etiam</strong></span> <span class='ocrx_word' id='word_1_139' title='bbox 915 1339 1001 1389; x_wconf 90' lang='lat' dir='ltr'><strong>per</strong></span> <span class='ocrx_word' id='word_1_140' title='bbox 1041 1326 1299 1389; x_wconf 88' lang='lat' dir='ltr'><strong>verticem;</strong></span> <span class='ocrx_word' id='word_1_141' title='bbox 1353 1326 1415 1374; x_wconf 89' lang='lat' dir='ltr'><strong>ab</strong></span> <span class='ocrx_word' id='word_1_142' title='bbox 1455 1326 1514 1373; x_wconf 89' lang='lat' dir='ltr'><strong>iis</strong></span> <span class='ocrx_word' id='word_1_143' title='bbox 1562 1325 1709 1387; x_wconf 90' lang='lat' dir='ltr'><strong>igitur</strong></span> <span class='ocrx_word' id='word_1_144' title='bbox 1748 1338 1914 1373; x_wconf 88' lang='lat' dir='ltr'><strong>omnes</strong></span> <span class='ocrx_word' id='word_1_145' title='bbox 1954 1322 2067 1386; x_wconf 91' lang='lat' dir='ltr'><strong>polo</strong></span> <span class='ocrx_word' id='word_1_146' title='bbox 2111 1325 2367 1373; x_wconf 85' lang='lat' dir='ltr'><strong>viciniores</strong></span> 
     </span>
     <span class='ocr_line' id='line_1_18' title="bbox 105 1395 2367 1464; baseline 0.001 -21"><span class='ocrx_word' id='word_1_147' title='bbox 105 1395 182 1444; x_wconf 88' lang='lat' dir='ltr'><strong>bis</strong></span> <span class='ocrx_word' id='word_1_148' title='bbox 228 1396 430 1444; x_wconf 89' lang='lat' dir='ltr'><strong>veniunt</strong></span> <span class='ocrx_word' id='word_1_149' title='bbox 474 1397 525 1444; x_wconf 91' lang='lat' dir='ltr'><strong>in</strong></span> <span class='ocrx_word' id='word_1_150' title='bbox 574 1396 893 1447; x_wconf 91' lang='lat' dir='ltr'><strong>meridianum</strong></span> <span class='ocrx_word' id='word_1_151' title='bbox 938 1413 998 1448; x_wconf 80' lang='lat' dir='ltr'><strong>ex</strong></span> <span class='ocrx_word' id='word_1_152' title='bbox 1034 1399 1184 1464; x_wconf 87' lang='lat' dir='ltr'><strong>plaga</strong></span> <span class='ocrx_word' id='word_1_153' title='bbox 1222 1400 1471 1463; x_wconf 80' lang='lat' dir='ltr'><strong>conspicui</strong></span> <span class='ocrx_word' id='word_1_154' title='bbox 1509 1396 1639 1461; x_wconf 86' lang='lat' dir='ltr'><strong>poli;</strong></span> <span class='ocrx_word' id='word_1_155' title='bbox 1679 1397 1817 1446; x_wconf 89' lang='lat' dir='ltr'><strong>nulla</strong></span> <span class='ocrx_word' id='word_1_156' title='bbox 1855 1411 2045 1458; x_wconf 89' lang='lat' dir='ltr'><strong>earum,</strong></span> <span class='ocrx_word' id='word_1_157' title='bbox 2088 1410 2213 1460; x_wconf 87' lang='lat' dir='ltr'><strong>quae</strong></span> <span class='ocrx_word' id='word_1_158' title='bbox 2253 1403 2367 1446; x_wconf 88' lang='lat' dir='ltr'><strong>sunt</strong></span> 
     </span>
     <span class='ocr_line' id='line_1_19' title="bbox 106 1468 2370 1536; baseline 0 -19"><span class='ocrx_word' id='word_1_159' title='bbox 106 1483 137 1517; x_wconf 87' lang='lat' dir='ltr'><strong>a</strong></span> <span class='ocrx_word' id='word_1_160' title='bbox 173 1468 287 1533; x_wconf 86' lang='lat' dir='ltr'><strong>polo</strong></span> <span class='ocrx_word' id='word_1_161' title='bbox 314 1471 612 1532; x_wconf 76' lang='lat' dir='ltr'><strong>remotioreS,</strong></span> <span class='ocrx_word' id='word_1_162' title='bbox 651 1470 727 1519; x_wconf 90' lang='lat' dir='ltr'><strong>bis</strong></span> <span class='ocrx_word' id='word_1_163' title='bbox 766 1470 827 1520; x_wconf 88' lang='lat' dir='ltr'><strong>ad</strong></span> <span class='ocrx_word' id='word_1_164' title='bbox 855 1470 1175 1521; x_wconf 89' lang='lat' dir='ltr'><strong>meridianum</strong></span> <span class='ocrx_word' id='word_1_165' title='bbox 1214 1471 1463 1536; x_wconf 86' lang='lat' dir='ltr'><strong>applicare</strong></span> <span class='ocrx_word' id='word_1_166' title='bbox 1491 1469 1697 1528; x_wconf 88' lang='lat' dir='ltr'><strong>videtur,</strong></span> <span class='ocrx_word' id='word_1_167' title='bbox 1737 1470 2010 1520; x_wconf 88' lang='lat' dir='ltr'><strong>inferiorem</strong></span> <span class='ocrx_word' id='word_1_168' title='bbox 2050 1472 2176 1519; x_wconf 88' lang='lat' dir='ltr'><strong>enim</strong></span> <span class='ocrx_word' id='word_1_169' title='bbox 2207 1469 2370 1534; x_wconf 86' lang='lat' dir='ltr'><strong>appli-</strong></span> 
     </span>
     <span class='ocr_line' id='line_1_20' title="bbox 107 1542 2368 1612; baseline 0.001 -23"><span class='ocrx_word' id='word_1_170' title='bbox 107 1542 347 1592; x_wconf 84' lang='lat' dir='ltr'><strong>cationem</strong></span> <span class='ocrx_word' id='word_1_171' title='bbox 382 1542 582 1612; x_wconf 80' lang='lat' dir='ltr'><strong>horizon</strong></span> <span class='ocrx_word' id='word_1_172' title='bbox 623 1543 861 1607; x_wconf 85' lang='lat' dir='ltr'><strong>occultat3</strong></span> <span class='ocrx_word' id='word_1_173' title='bbox 907 1545 1044 1594; x_wconf 86' lang='lat' dir='ltr'><strong>nulla</strong></span> <span class='ocrx_word' id='word_1_174' title='bbox 1092 1546 1238 1594; x_wconf 89' lang='lat' dir='ltr'><strong>etiam</strong></span> <span class='ocrx_word' id='word_1_175' title='bbox 1285 1545 1459 1594; x_wconf 90' lang='lat' dir='ltr'><strong>harum</strong></span> <span class='ocrx_word' id='word_1_176' title='bbox 1508 1545 1821 1593; x_wconf 86' lang='lat' dir='ltr'><strong>remotiorum</strong></span> <span class='ocrx_word' id='word_1_177' title='bbox 1872 1559 1902 1593; x_wconf 90' lang='lat' dir='ltr'><strong>a</strong></span> <span class='ocrx_word' id='word_1_178' title='bbox 1940 1543 2054 1608; x_wconf 89' lang='lat' dir='ltr'><strong>polo</strong></span> <span class='ocrx_word' id='word_1_179' title='bbox 2107 1544 2368 1608; x_wconf 91' lang='lat' dir='ltr'><strong>conspicuo</strong></span> 
     </span>
     <span class='ocr_line' id='line_1_21' title="bbox 107 1614 2118 1684; baseline 0.001 -20"><span class='ocrx_word' id='word_1_180' title='bbox 107 1614 322 1681; x_wconf 87' lang='lat' dir='ltr'><strong>applicat</strong></span> <span class='ocrx_word' id='word_1_181' title='bbox 359 1614 423 1665; x_wconf 90' lang='lat' dir='ltr'><strong>ad</strong></span> <span class='ocrx_word' id='word_1_182' title='bbox 461 1616 780 1666; x_wconf 88' lang='lat' dir='ltr'><strong>meridianum</strong></span> <span class='ocrx_word' id='word_1_183' title='bbox 819 1632 988 1667; x_wconf 90' lang='lat' dir='ltr'><strong>versus</strong></span> <span class='ocrx_word' id='word_1_184' title='bbox 1028 1618 1126 1683; x_wconf 90' lang='lat' dir='ltr'><strong>poli</strong></span> <span class='ocrx_word' id='word_1_185' title='bbox 1167 1619 1418 1684; x_wconf 88' lang='lat' dir='ltr'><strong>conspicui</strong></span> <span class='ocrx_word' id='word_1_186' title='bbox 1455 1617 1667 1683; x_wconf 87' lang='lat' dir='ltr'><strong>plagam.</strong></span> <span class='ocrx_word' id='word_1_187' title='bbox 2116 1646 2118 1648; x_wconf 32' lang='lat' dir='ltr'><strong>v</strong></span> 
     </span>
    </p>

    <p class='ocr_par' dir='ltr' id='par_1_10' title="bbox 25 1688 2370 1974">
     <span class='ocr_line' id='line_1_22' title="bbox 250 1688 2368 1755; baseline 0 -17"><span class='ocrx_word' id='word_1_188' title='bbox 250 1689 309 1738; x_wconf 91' lang='lat' dir='ltr'><strong>In</strong></span> <span class='ocrx_word' id='word_1_189' title='bbox 347 1688 603 1739; x_wconf 80' lang='lat' dir='ltr'><strong>altitudIne</strong></span> <span class='ocrx_word' id='word_1_190' title='bbox 642 1689 743 1755; x_wconf 88' lang='lat' dir='ltr'><strong>poli</strong></span> <span class='ocrx_word' id='word_1_191' title='bbox 782 1692 969 1753; x_wconf 92' lang='lat' dir='ltr'><strong>minori,</strong></span> <span class='ocrx_word' id='word_1_192' title='bbox 1011 1706 1137 1754; x_wconf 87' lang='lat' dir='ltr'><strong>quae</strong></span> <span class='ocrx_word' id='word_1_193' title='bbox 1175 1698 1288 1741; x_wconf 88' lang='lat' dir='ltr'><strong>sunt</strong></span> <span class='ocrx_word' id='word_1_194' title='bbox 1325 1693 1450 1741; x_wconf 87' lang='lat' dir='ltr'><strong>inter</strong></span> <span class='ocrx_word' id='word_1_195' title='bbox 1486 1690 1653 1740; x_wconf 89' lang='lat' dir='ltr'><strong>stellas</strong></span> <span class='ocrx_word' id='word_1_196' title='bbox 1694 1689 1950 1739; x_wconf 88' lang='lat' dir='ltr'><strong>verticales</strong></span> <span class='ocrx_word' id='word_1_197' title='bbox 1989 1695 2037 1738; x_wconf 90' lang='lat' dir='ltr'><strong>et</strong></span> <span class='ocrx_word' id='word_1_198' title='bbox 2060 1690 2368 1752; x_wconf 87' lang='lat' dir='ltr'><strong>stringentes,</strong></span> 
     </span>
     <span class='ocr_line' id='line_1_23' title="bbox 106 1761 2368 1830; baseline 0 -21"><span class='ocrx_word' id='word_1_199' title='bbox 106 1761 354 1827; x_wconf 88' lang='lat' dir='ltr'><strong>applicant</strong></span> <span class='ocrx_word' id='word_1_200' title='bbox 392 1762 455 1812; x_wconf 87' lang='lat' dir='ltr'><strong>ad</strong></span> <span class='ocrx_word' id='word_1_201' title='bbox 493 1762 808 1812; x_wconf 90' lang='lat' dir='ltr'><strong>meridianum</strong></span> <span class='ocrx_word' id='word_1_202' title='bbox 847 1779 906 1813; x_wconf 85' lang='lat' dir='ltr'><strong>ex</strong></span> <span class='ocrx_word' id='word_1_203' title='bbox 946 1763 1093 1829; x_wconf 85' lang='lat' dir='ltr'><strong>plaga</strong></span> <span class='ocrx_word' id='word_1_204' title='bbox 1131 1764 1232 1830; x_wconf 90' lang='lat' dir='ltr'><strong>poli</strong></span> <span class='ocrx_word' id='word_1_205' title='bbox 1271 1764 1445 1826; x_wconf 88' lang='lat' dir='ltr'><strong>semel,</strong></span> <span class='ocrx_word' id='word_1_206' title='bbox 1487 1778 1612 1828; x_wconf 86' lang='lat' dir='ltr'><strong>quae</strong></span> <span class='ocrx_word' id='word_1_207' title='bbox 1652 1764 1912 1813; x_wconf 87' lang='lat' dir='ltr'><strong>viciniores</strong></span> <span class='ocrx_word' id='word_1_208' title='bbox 1950 1771 2064 1811; x_wconf 89' lang='lat' dir='ltr'><strong>sunt</strong></span> <span class='ocrx_word' id='word_1_209' title='bbox 2101 1763 2240 1828; x_wconf 84' lang='lat' dir='ltr'><strong>pole,</strong></span> <span class='ocrx_word' id='word_1_210' title='bbox 2294 1763 2368 1812; x_wconf 91' lang='lat' dir='ltr'><strong>bis</strong></span> 
     </span>
     <span class='ocr_line' id='line_1_24' title="bbox 113 1834 510 1900; baseline 0.005 -17"><span class='ocrx_word' id='word_1_211' title='bbox 113 1848 171 1883; x_wconf 86' lang='lat' dir='ltr'><strong>ex</strong></span> <span class='ocrx_word' id='word_1_212' title='bbox 209 1834 311 1900; x_wconf 88' lang='lat' dir='ltr'><strong>poli</strong></span> <span class='ocrx_word' id='word_1_213' title='bbox 348 1834 510 1900; x_wconf 88' lang='lat' dir='ltr'><strong>plaga</strong></span> 
     </span>
     <span class='ocr_line' id='line_1_25' title="bbox 25 1893 2370 1974; baseline -0 -17"><span class='ocrx_word' id='word_1_214' title='bbox 25 1968 32 1971; x_wconf 20' lang='grc' dir='ltr'><strong><em>Δ</em></strong></span> <span class='ocrx_word' id='word_1_215' title='bbox 249 1909 305 1957; x_wconf 94' lang='lat' dir='ltr'><strong>In</strong></span> <span class='ocrx_word' id='word_1_216' title='bbox 354 1908 611 1958; x_wconf 90' lang='lat' dir='ltr'><strong>altitudine</strong></span> <span class='ocrx_word' id='word_1_217' title='bbox 662 1908 765 1973; x_wconf 90' lang='lat' dir='ltr'><strong>poli</strong></span> <span class='ocrx_word' id='word_1_218' title='bbox 812 1909 986 1973; x_wconf 89' lang='lat' dir='ltr'><strong>maj0ri</strong></span> <span class='ocrx_word' id='word_1_219' title='bbox 1037 1893 1357 1974; x_wconf 89' lang='lat' dir='ltr'><strong>quaecunque</strong></span> <span class='ocrx_word' id='word_1_220' title='bbox 1409 1914 1523 1958; x_wconf 90' lang='lat' dir='ltr'><strong>sunt</strong></span> <span class='ocrx_word' id='word_1_221' title='bbox 1577 1910 1833 1958; x_wconf 85' lang='lat' dir='ltr'><strong>viciniores</strong></span> <span class='ocrx_word' id='word_1_222' title='bbox 1878 1908 1994 1972; x_wconf 89' lang='lat' dir='ltr'><strong>polo</strong></span> <span class='ocrx_word' id='word_1_223' title='bbox 2034 1922 2181 1972; x_wconf 83' lang='lat' dir='ltr'><strong>quam</strong></span> <span class='ocrx_word' id='word_1_224' title='bbox 2219 1910 2370 1957; x_wconf 89' lang='lat' dir='ltr'><strong>strin-</strong></span> 
     </span>
    </p>

    <p class='ocr_par' dir='ltr' id='par_1_11' title="bbox 105 1981 2372 2250">
     <span class='ocr_line' id='line_1_26' title="bbox 106 1981 2367 2048; baseline 0 -18"><span class='ocrx_word' id='word_1_225' title='bbox 106 1986 276 2043; x_wconf 86' lang='lat' dir='ltr'><strong>gentes</strong></span> <span class='ocrx_word' id='word_1_226' title='bbox 315 1981 641 2043; x_wconf 85' lang='lat' dir='ltr'><strong>horizontem,</strong></span> <span class='ocrx_word' id='word_1_227' title='bbox 683 1984 759 2032; x_wconf 90' lang='lat' dir='ltr'><strong>bis</strong></span> <span class='ocrx_word' id='word_1_228' title='bbox 798 1982 1044 2048; x_wconf 87' lang='lat' dir='ltr'><strong>applicare</strong></span> <span class='ocrx_word' id='word_1_229' title='bbox 1083 1983 1334 2044; x_wconf 82' lang='lat' dir='ltr'><strong>videntur3</strong></span> <span class='ocrx_word' id='word_1_230' title='bbox 1383 1982 1496 2032; x_wconf 86' lang='lat' dir='ltr'><strong>illae</strong></span> <span class='ocrx_word' id='word_1_231' title='bbox 1537 1982 1760 2046; x_wconf 90' lang='lat' dir='ltr'><strong>quidem,</strong></span> <span class='ocrx_word' id='word_1_232' title='bbox 1801 1996 1926 2046; x_wconf 90' lang='lat' dir='ltr'><strong>quae</strong></span> <span class='ocrx_word' id='word_1_233' title='bbox 1966 1987 2079 2030; x_wconf 88' lang='lat' dir='ltr'><strong>sunt</strong></span> <span class='ocrx_word' id='word_1_234' title='bbox 2117 1984 2367 2047; x_wconf 81' lang='lat' dir='ltr'><strong>propiores</strong></span> 
     </span>
     <span class='ocr_line' id='line_1_27' title="bbox 105 2054 2372 2122; baseline 0 -20"><span class='ocrx_word' id='word_1_235' title='bbox 105 2054 221 2118; x_wconf 88' lang='lat' dir='ltr'><strong>polo</strong></span> <span class='ocrx_word' id='word_1_236' title='bbox 270 2069 417 2118; x_wconf 88' lang='lat' dir='ltr'><strong>quam</strong></span> <span class='ocrx_word' id='word_1_237' title='bbox 451 2054 747 2120; x_wconf 72' lang='lat' dir='ltr'><strong>verticales,</strong></span> <span class='ocrx_word' id='word_1_238' title='bbox 805 2057 880 2105; x_wconf 90' lang='lat' dir='ltr'><strong>bis</strong></span> <span class='ocrx_word' id='word_1_239' title='bbox 919 2071 979 2105; x_wconf 88' lang='lat' dir='ltr'><strong>ex</strong></span> <span class='ocrx_word' id='word_1_240' title='bbox 1019 2056 1190 2107; x_wconf 87' lang='lat' dir='ltr'><strong>eadem</strong></span> <span class='ocrx_word' id='word_1_241' title='bbox 1228 2057 1404 2122; x_wconf 87' lang='lat' dir='ltr'><strong>plaga,</strong></span> <span class='ocrx_word' id='word_1_242' title='bbox 1455 2071 1582 2120; x_wconf 89' lang='lat' dir='ltr'><strong>quae</strong></span> <span class='ocrx_word' id='word_1_243' title='bbox 1635 2070 1750 2105; x_wconf 89' lang='lat' dir='ltr'><strong>vero</strong></span> <span class='ocrx_word' id='word_1_244' title='bbox 1800 2061 1914 2104; x_wconf 91' lang='lat' dir='ltr'><strong>sunt</strong></span> <span class='ocrx_word' id='word_1_245' title='bbox 1951 2057 2075 2104; x_wconf 88' lang='lat' dir='ltr'><strong>inter</strong></span> <span class='ocrx_word' id='word_1_246' title='bbox 2117 2054 2372 2105; x_wconf 86' lang='lat' dir='ltr'><strong>verticales</strong></span> 
     </span>
     <span class='ocr_line' id='line_1_28' title="bbox 107 2128 2372 2195; baseline 0 -19"><span class='ocrx_word' id='word_1_247' title='bbox 107 2132 156 2176; x_wconf 88' lang='lat' dir='ltr'><strong>et</strong></span> <span class='ocrx_word' id='word_1_248' title='bbox 209 2130 501 2191; x_wconf 87' lang='lat' dir='ltr'><strong>stringentes</strong></span> <span class='ocrx_word' id='word_1_249' title='bbox 557 2129 886 2193; x_wconf 89' lang='lat' dir='ltr'><strong>horizontem,</strong></span> <span class='ocrx_word' id='word_1_250' title='bbox 941 2129 1094 2181; x_wconf 90' lang='lat' dir='ltr'><strong>semel</strong></span> <span class='ocrx_word' id='word_1_251' title='bbox 1149 2145 1179 2179; x_wconf 89' lang='lat' dir='ltr'><strong>a</strong></span> <span class='ocrx_word' id='word_1_252' title='bbox 1234 2129 1381 2195; x_wconf 87' lang='lat' dir='ltr'><strong>plaga</strong></span> <span class='ocrx_word' id='word_1_253' title='bbox 1438 2129 1565 2195; x_wconf 89' lang='lat' dir='ltr'><strong>poli,</strong></span> <span class='ocrx_word' id='word_1_254' title='bbox 1633 2128 1784 2180; x_wconf 89' lang='lat' dir='ltr'><strong>semel</strong></span> <span class='ocrx_word' id='word_1_255' title='bbox 1839 2144 1868 2179; x_wconf 91' lang='lat' dir='ltr'><strong>a</strong></span> <span class='ocrx_word' id='word_1_256' title='bbox 1925 2128 2075 2195; x_wconf 87' lang='lat' dir='ltr'><strong>plaga</strong></span> <span class='ocrx_word' id='word_1_257' title='bbox 2131 2129 2372 2178; x_wconf 88' lang='lat' dir='ltr'><strong>contraria</strong></span> 
     </span>
     <span class='ocr_line' id='line_1_29' title="bbox 106 2200 376 2250; baseline 0.004 -1"><span class='ocrx_word' id='word_1_258' title='bbox 106 2200 376 2250; x_wconf 86' lang='lat' dir='ltr'><strong>meridiani.</strong></span> 
     </span>
    </p>

    <p class='ocr_par' dir='ltr' id='par_1_12' title="bbox 106 2289 2375 3451">
     <span class='ocr_line' id='line_1_30' title="bbox 257 2289 2368 2354; baseline -0 -16"><span class='ocrx_word' id='word_1_259' title='bbox 257 2289 519 2353; x_wconf 81' lang='lat' dir='ltr'><strong>Quomodo</strong></span> <span class='ocrx_word' id='word_1_260' title='bbox 558 2292 885 2353; x_wconf 75' lang='lat' dir='ltr'><strong>coynoscitur,</strong></span> <span class='ocrx_word' id='word_1_261' title='bbox 925 2296 1147 2352; x_wconf 80' lang='lat' dir='ltr'><strong>quantus</strong></span> <span class='ocrx_word' id='word_1_262' title='bbox 1171 2292 1235 2339; x_wconf 84' lang='lat' dir='ltr'><strong>sit</strong></span> <span class='ocrx_word' id='word_1_263' title='bbox 1273 2305 1424 2339; x_wconf 81' lang='lat' dir='ltr'><strong>arcus</strong></span> <span class='ocrx_word' id='word_1_264' title='bbox 1461 2293 1550 2339; x_wconf 80' lang='lat' dir='ltr'><strong>iste</strong></span> <span class='ocrx_word' id='word_1_265' title='bbox 1588 2289 1874 2339; x_wconf 79' lang='lat' dir='ltr'><strong>altitudinis</strong></span> <span class='ocrx_word' id='word_1_266' title='bbox 1904 2290 2016 2354; x_wconf 78' lang='lat' dir='ltr'><strong>poli</strong></span> <span class='ocrx_word' id='word_1_267' title='bbox 2052 2291 2110 2337; x_wconf 82' lang='lat' dir='ltr'><strong>in</strong></span> <span class='ocrx_word' id='word_1_268' title='bbox 2148 2289 2368 2352; x_wconf 82' lang='lat' dir='ltr'><strong>quolibet</strong></span> 
     </span>
     <span class='ocr_line' id='line_1_31' title="bbox 108 2360 2370 2427; baseline 0 -18"><span class='ocrx_word' id='word_1_269' title='bbox 108 2361 248 2410; x_wconf 81' lang='lat' dir='ltr'><strong>loco?</strong></span> <span class='ocrx_word' id='word_1_270' title='bbox 287 2361 447 2423; x_wconf 89' lang='lat' dir='ltr'><strong>Varie,</strong></span> <span class='ocrx_word' id='word_1_271' title='bbox 490 2361 575 2411; x_wconf 90' lang='lat' dir='ltr'><strong>sed</strong></span> <span class='ocrx_word' id='word_1_272' title='bbox 614 2363 787 2412; x_wconf 90' lang='lat' dir='ltr'><strong>modus</strong></span> <span class='ocrx_word' id='word_1_273' title='bbox 825 2362 973 2425; x_wconf 91' lang='lat' dir='ltr'><strong>hujus</strong></span> <span class='ocrx_word' id='word_1_274' title='bbox 1011 2363 1107 2412; x_wconf 91' lang='lat' dir='ltr'><strong>loci</strong></span> <span class='ocrx_word' id='word_1_275' title='bbox 1144 2365 1367 2427; x_wconf 90' lang='lat' dir='ltr'><strong>proprius</strong></span> <span class='ocrx_word' id='word_1_276' title='bbox 1408 2369 1482 2412; x_wconf 87' lang='lat' dir='ltr'><strong>est</strong></span> <span class='ocrx_word' id='word_1_277' title='bbox 1518 2360 1634 2412; x_wconf 80' lang='lat' dir='ltr'><strong>iste:</strong></span> <span class='ocrx_word' id='word_1_278' title='bbox 1692 2363 1888 2427; x_wconf 89' lang='lat' dir='ltr'><strong>quando</strong></span> <span class='ocrx_word' id='word_1_279' title='bbox 1927 2377 2025 2411; x_wconf 88' lang='lat' dir='ltr'><strong>nox</strong></span> <span class='ocrx_word' id='word_1_280' title='bbox 2066 2368 2139 2412; x_wconf 88' lang='lat' dir='ltr'><strong>est</strong></span> <span class='ocrx_word' id='word_1_281' title='bbox 2178 2362 2370 2426; x_wconf 88' lang='lat' dir='ltr'><strong>longior</strong></span> 
     </span>
     <span class='ocr_line' id='line_1_32' title="bbox 110 2434 2370 2502; baseline 0.001 -21"><span class='ocrx_word' id='word_1_282' title='bbox 110 2449 256 2495; x_wconf 90' lang='lat' dir='ltr'><strong>quam</strong></span> <span class='ocrx_word' id='word_1_283' title='bbox 296 2434 413 2495; x_wconf 79' lang='lat' dir='ltr'><strong>dice,</strong></span> <span class='ocrx_word' id='word_1_284' title='bbox 453 2437 523 2484; x_wconf 90' lang='lat' dir='ltr'><strong>sic</strong></span> <span class='ocrx_word' id='word_1_285' title='bbox 548 2442 602 2484; x_wconf 91' lang='lat' dir='ltr'><strong>ut</strong></span> <span class='ocrx_word' id='word_1_286' title='bbox 641 2437 765 2484; x_wconf 89' lang='lat' dir='ltr'><strong>intra</strong></span> <span class='ocrx_word' id='word_1_287' title='bbox 805 2451 952 2485; x_wconf 92' lang='lat' dir='ltr'><strong>unam</strong></span> <span class='ocrx_word' id='word_1_288' title='bbox 989 2443 1181 2485; x_wconf 89' lang='lat' dir='ltr'><strong>noctem</strong></span> <span class='ocrx_word' id='word_1_289' title='bbox 1221 2437 1378 2500; x_wconf 87' lang='lat' dir='ltr'><strong>possit</strong></span> <span class='ocrx_word' id='word_1_290' title='bbox 1416 2436 1519 2485; x_wconf 86' lang='lat' dir='ltr'><strong>fieri</strong></span> <span class='ocrx_word' id='word_1_291' title='bbox 1557 2437 1667 2502; x_wconf 90' lang='lat' dir='ltr'><strong>plus</strong></span> <span class='ocrx_word' id='word_1_292' title='bbox 1707 2451 1855 2500; x_wconf 90' lang='lat' dir='ltr'><strong>quam</strong></span> <span class='ocrx_word' id='word_1_293' title='bbox 1894 2435 2097 2484; x_wconf 90' lang='lat' dir='ltr'><strong>dimidia</strong></span> <span class='ocrx_word' id='word_1_294' title='bbox 2129 2435 2370 2485; x_wconf 85' lang='lat' dir='ltr'><strong>revolutio</strong></span> 
     </span>
     <span class='ocr_line' id='line_1_33' title="bbox 106 2506 2371 2574; baseline 0.001 -19"><span class='ocrx_word' id='word_1_295' title='bbox 106 2506 332 2568; x_wconf 81' lang='lat' dir='ltr'><strong>Telluris,</strong></span> <span class='ocrx_word' id='word_1_296' title='bbox 372 2514 486 2557; x_wconf 92' lang='lat' dir='ltr'><strong>tnnc</strong></span> <span class='ocrx_word' id='word_1_297' title='bbox 512 2509 735 2571; x_wconf 87' lang='lat' dir='ltr'><strong>eligimus</strong></span> <span class='ocrx_word' id='word_1_298' title='bbox 772 2508 964 2559; x_wconf 87' lang='lat' dir='ltr'><strong>stellam</strong></span> <span class='ocrx_word' id='word_1_299' title='bbox 994 2524 1144 2574; x_wconf 89' lang='lat' dir='ltr'><strong>prope</strong></span> <span class='ocrx_word' id='word_1_300' title='bbox 1182 2509 1348 2573; x_wconf 90' lang='lat' dir='ltr'><strong>polum</strong></span> <span class='ocrx_word' id='word_1_301' title='bbox 1386 2509 1568 2570; x_wconf 90' lang='lat' dir='ltr'><strong>mundi,</strong></span> <span class='ocrx_word' id='word_1_302' title='bbox 1611 2524 1736 2573; x_wconf 88' lang='lat' dir='ltr'><strong>quae</strong></span> <span class='ocrx_word' id='word_1_303' title='bbox 1774 2524 1870 2558; x_wconf 90' lang='lat' dir='ltr'><strong>non</strong></span> <span class='ocrx_word' id='word_1_304' title='bbox 1912 2509 2117 2570; x_wconf 88' lang='lat' dir='ltr'><strong>occidat,</strong></span> <span class='ocrx_word' id='word_1_305' title='bbox 2158 2514 2207 2558; x_wconf 88' lang='lat' dir='ltr'><strong>et</strong></span> <span class='ocrx_word' id='word_1_306' title='bbox 2245 2523 2371 2570; x_wconf 89' lang='lat' dir='ltr'><strong>quae</strong></span> 
     </span>
     <span class='ocr_line' id='line_1_34' title="bbox 112 2581 2371 2647; baseline 0.002 -22"><span class='ocrx_word' id='word_1_307' title='bbox 112 2581 158 2626; x_wconf 88' lang='lat' dir='ltr'><strong>in</strong></span> <span class='ocrx_word' id='word_1_308' title='bbox 198 2582 433 2646; x_wconf 86' lang='lat' dir='ltr'><strong>principio</strong></span> <span class='ocrx_word' id='word_1_309' title='bbox 474 2587 522 2630; x_wconf 88' lang='lat' dir='ltr'><strong>et</strong></span> <span class='ocrx_word' id='word_1_310' title='bbox 558 2581 654 2630; x_wconf 87' lang='lat' dir='ltr'><strong>fine</strong></span> <span class='ocrx_word' id='word_1_311' title='bbox 691 2583 849 2631; x_wconf 88' lang='lat' dir='ltr'><strong>noctis</strong></span> <span class='ocrx_word' id='word_1_312' title='bbox 880 2588 1124 2646; x_wconf 87' lang='lat' dir='ltr'><strong>spectetur</strong></span> <span class='ocrx_word' id='word_1_313' title='bbox 1163 2584 1210 2629; x_wconf 90' lang='lat' dir='ltr'><strong>in</strong></span> <span class='ocrx_word' id='word_1_314' title='bbox 1237 2581 1522 2644; x_wconf 81' lang='lat' dir='ltr'><strong>meridiane,</strong></span> <span class='ocrx_word' id='word_1_315' title='bbox 1562 2582 1713 2632; x_wconf 86' lang='lat' dir='ltr'><strong>semel</strong></span> <span class='ocrx_word' id='word_1_316' title='bbox 1741 2597 1850 2632; x_wconf 90' lang='lat' dir='ltr'><strong>cum</strong></span> <span class='ocrx_word' id='word_1_317' title='bbox 1888 2588 2092 2647; x_wconf 87' lang='lat' dir='ltr'><strong>apparet</strong></span> <span class='ocrx_word' id='word_1_318' title='bbox 2118 2581 2371 2643; x_wconf 86' lang='lat' dir='ltr'><strong>altissima,</strong></span> 
     </span>
     <span class='ocr_line' id='line_1_35' title="bbox 112 2653 2375 2721; baseline 0.001 -21"><span class='ocrx_word' id='word_1_319' title='bbox 112 2654 286 2702; x_wconf 84' lang='lat' dir='ltr'><strong>iterum</strong></span> <span class='ocrx_word' id='word_1_320' title='bbox 325 2668 433 2702; x_wconf 91' lang='lat' dir='ltr'><strong>cum</strong></span> <span class='ocrx_word' id='word_1_321' title='bbox 471 2660 675 2719; x_wconf 83' lang='lat' dir='ltr'><strong>apparet</strong></span> <span class='ocrx_word' id='word_1_322' title='bbox 699 2654 986 2703; x_wconf 87' lang='lat' dir='ltr'><strong>humillima.</strong></span> <span class='ocrx_word' id='word_1_323' title='bbox 1063 2654 1178 2704; x_wconf 86' lang='lat' dir='ltr'><strong>Jam</strong></span> <span class='ocrx_word' id='word_1_324' title='bbox 1216 2655 1479 2720; x_wconf 88' lang='lat' dir='ltr'><strong>parallelus</strong></span> <span class='ocrx_word' id='word_1_325' title='bbox 1507 2658 1672 2721; x_wconf 81' lang='lat' dir='ltr'><strong>puncti</strong></span> <span class='ocrx_word' id='word_1_326' title='bbox 1713 2655 1955 2705; x_wconf 86' lang='lat' dir='ltr'><strong>verticalis</strong></span> <span class='ocrx_word' id='word_1_327' title='bbox 1995 2670 2052 2704; x_wconf 85' lang='lat' dir='ltr'><strong>ex</strong></span> <span class='ocrx_word' id='word_1_328' title='bbox 2095 2653 2375 2710; x_wconf 89' lang='lat' dir='ltr'><strong>definitione</strong></span> 
     </span>
     <span class='ocr_line' id='line_1_36' title="bbox 111 2726 2371 2815; baseline 0 -41"><span class='ocrx_word' id='word_1_329' title='bbox 111 2726 454 2789; x_wconf 85' lang='lat' dir='ltr'><strong>parallelorum</strong></span> <span class='ocrx_word' id='word_1_330' title='bbox 506 2727 656 2776; x_wconf 88' lang='lat' dir='ltr'><strong>habet</strong></span> <span class='ocrx_word' id='word_1_331' title='bbox 708 2727 905 2777; x_wconf 89' lang='lat' dir='ltr'><strong>eosdem</strong></span> <span class='ocrx_word' id='word_1_332' title='bbox 954 2743 1062 2778; x_wconf 89' lang='lat' dir='ltr'><strong>cum</strong></span> <span class='ocrx_word' id='word_1_333' title='bbox 1100 2728 1309 2801; x_wconf 87' lang='lat' dir='ltr'><strong>sphaera</strong></span> <span class='ocrx_word' id='word_1_334' title='bbox 1344 2728 1512 2792; x_wconf 88' lang='lat' dir='ltr'><strong>polos,</strong></span> <span class='ocrx_word' id='word_1_335' title='bbox 1568 2729 1777 2815; x_wconf 77' lang='lat' dir='ltr'><strong>ideoque</strong></span> <span class='ocrx_word' id='word_1_336' title='bbox 1817 2727 2022 2778; x_wconf 88' lang='lat' dir='ltr'><strong>circulus</strong></span> <span class='ocrx_word' id='word_1_337' title='bbox 2061 2726 2371 2788; x_wconf 88' lang='lat' dir='ltr'><strong>meridianus,</strong></span> 
     </span>
     <span class='ocr_line' id='line_1_37' title="bbox 113 2789 2374 2866; baseline 0.001 -19"><span class='ocrx_word' id='word_1_338' title='bbox 113 2801 292 2864; x_wconf 85' lang='lat' dir='ltr'><strong>qnippe</strong></span> <span class='ocrx_word' id='word_1_339' title='bbox 333 2815 415 2864; x_wconf 89' lang='lat' dir='ltr'><strong>per</strong></span> <span class='ocrx_word' id='word_1_340' title='bbox 443 2800 619 2864; x_wconf 90' lang='lat' dir='ltr'><strong>polum</strong></span> <span class='ocrx_word' id='word_1_341' title='bbox 658 2802 923 2862; x_wconf 88' lang='lat' dir='ltr'><strong>transiens,</strong></span> <span class='ocrx_word' id='word_1_342' title='bbox 975 2807 1110 2851; x_wconf 89' lang='lat' dir='ltr'><strong>secat</strong></span> <span class='ocrx_word' id='word_1_343' title='bbox 1159 2789 1289 2850; x_wconf 80' lang='lat' dir='ltr'><strong>hunc</strong></span> <span class='ocrx_word' id='word_1_344' title='bbox 1328 2801 1615 2865; x_wconf 87' lang='lat' dir='ltr'><strong>parallelum</strong></span> <span class='ocrx_word' id='word_1_345' title='bbox 1665 2805 1714 2851; x_wconf 91' lang='lat' dir='ltr'><strong>in</strong></span> <span class='ocrx_word' id='word_1_346' title='bbox 1754 2803 1944 2866; x_wconf 87' lang='lat' dir='ltr'><strong>punctis</strong></span> <span class='ocrx_word' id='word_1_347' title='bbox 1985 2799 2175 2849; x_wconf 89' lang='lat' dir='ltr'><strong>duobus</strong></span> <span class='ocrx_word' id='word_1_348' title='bbox 2215 2814 2374 2865; x_wconf 90' lang='lat' dir='ltr'><strong>oppo-</strong></span> 
     </span>
     <span class='ocr_line' id='line_1_38' title="bbox 115 2862 2372 2942; baseline 0.001 -21"><span class='ocrx_word' id='word_1_349' title='bbox 115 2873 238 2934; x_wconf 87' lang='lat' dir='ltr'><strong>sitis,</strong></span> <span class='ocrx_word' id='word_1_350' title='bbox 279 2887 484 2936; x_wconf 91' lang='lat' dir='ltr'><strong>quorum</strong></span> <span class='ocrx_word' id='word_1_351' title='bbox 522 2873 727 2922; x_wconf 88' lang='lat' dir='ltr'><strong>alterum</strong></span> <span class='ocrx_word' id='word_1_352' title='bbox 777 2871 990 2941; x_wconf 88' lang='lat' dir='ltr'><strong>(verticis</strong></span> <span class='ocrx_word' id='word_1_353' title='bbox 1029 2862 1262 2938; x_wconf 85' lang='lat' dir='ltr'><strong>punctum</strong></span> <span class='ocrx_word' id='word_1_354' title='bbox 1301 2876 1350 2922; x_wconf 91' lang='lat' dir='ltr'><strong>in</strong></span> <span class='ocrx_word' id='word_1_355' title='bbox 1390 2875 1439 2923; x_wconf 91' lang='lat' dir='ltr'><strong>id</strong></span> <span class='ocrx_word' id='word_1_356' title='bbox 1477 2873 1714 2942; x_wconf 88' lang='lat' dir='ltr'><strong>incidens)</strong></span> <span class='ocrx_word' id='word_1_357' title='bbox 1762 2876 2034 2939; x_wconf 87' lang='lat' dir='ltr'><strong>proximum</strong></span> <span class='ocrx_word' id='word_1_358' title='bbox 2074 2879 2147 2921; x_wconf 87' lang='lat' dir='ltr'><strong>est</strong></span> <span class='ocrx_word' id='word_1_359' title='bbox 2185 2873 2372 2935; x_wconf 88' lang='lat' dir='ltr'><strong>stellae,</strong></span> 
     </span>
     <span class='ocr_line' id='line_1_39' title="bbox 111 2945 1498 3011; baseline 0.001 -17"><span class='ocrx_word' id='word_1_360' title='bbox 111 2945 315 2994; x_wconf 88' lang='lat' dir='ltr'><strong>alterum</strong></span> <span class='ocrx_word' id='word_1_361' title='bbox 351 2948 413 2995; x_wconf 91' lang='lat' dir='ltr'><strong>ab</strong></span> <span class='ocrx_word' id='word_1_362' title='bbox 453 2961 510 2995; x_wconf 89' lang='lat' dir='ltr'><strong>eo</strong></span> <span class='ocrx_word' id='word_1_363' title='bbox 539 2948 926 2997; x_wconf 86' lang='lat' dir='ltr'><strong>remotissimum.</strong></span> <span class='ocrx_word' id='word_1_364' title='bbox 1004 2945 1210 3010; x_wconf 86' lang='lat' dir='ltr'><strong>Quando</strong></span> <span class='ocrx_word' id='word_1_365' title='bbox 1239 2962 1352 3011; x_wconf 90' lang='lat' dir='ltr'><strong>ergo</strong></span> <span class='ocrx_word' id='word_1_366' title='bbox 1392 2962 1498 2996; x_wconf 91' lang='lat' dir='ltr'><strong>me·-</strong></span> 
     </span>
     <span class='ocr_line' id='line_1_40' title="bbox 110 3018 1497 3085; baseline 0.003 -19"><span class='ocrx_word' id='word_1_367' title='bbox 110 3018 283 3068; x_wconf 88' lang='lat' dir='ltr'><strong>ridiani</strong></span> <span class='ocrx_word' id='word_1_368' title='bbox 323 3019 404 3067; x_wconf 91' lang='lat' dir='ltr'><strong>ille</strong></span> <span class='ocrx_word' id='word_1_369' title='bbox 442 3020 795 3081; x_wconf 83' lang='lat' dir='ltr'><strong>semicirculus,</strong></span> <span class='ocrx_word' id='word_1_370' title='bbox 848 3021 932 3084; x_wconf 88' lang='lat' dir='ltr'><strong>qui</strong></span> <span class='ocrx_word' id='word_1_371' title='bbox 969 3035 1055 3085; x_wconf 86' lang='lat' dir='ltr'><strong>per</strong></span> <span class='ocrx_word' id='word_1_372' title='bbox 1094 3022 1322 3070; x_wconf 89' lang='lat' dir='ltr'><strong>verticem</strong></span> <span class='ocrx_word' id='word_1_373' title='bbox 1360 3026 1497 3070; x_wconf 86' lang='lat' dir='ltr'><strong>tran-</strong></span> 
     </span>
     <span class='ocr_line' id='line_1_41' title="bbox 111 3092 1494 3157; baseline 0.001 -17"><span class='ocrx_word' id='word_1_374' title='bbox 111 3093 199 3152; x_wconf 84' lang='lat' dir='ltr'><strong>sit,</strong></span> <span class='ocrx_word' id='word_1_375' title='bbox 256 3092 446 3143; x_wconf 87' lang='lat' dir='ltr'><strong>stellam</strong></span> <span class='ocrx_word' id='word_1_376' title='bbox 502 3094 725 3155; x_wconf 82' lang='lat' dir='ltr'><strong>attingit,</strong></span> <span class='ocrx_word' id='word_1_377' title='bbox 783 3092 925 3143; x_wconf 86' lang='lat' dir='ltr'><strong>stella</strong></span> <span class='ocrx_word' id='word_1_378' title='bbox 981 3100 1185 3157; x_wconf 86' lang='lat' dir='ltr'><strong>apparet</strong></span> <span class='ocrx_word' id='word_1_379' title='bbox 1238 3093 1494 3152; x_wconf 88' lang='lat' dir='ltr'><strong>altissima,</strong></span> 
     </span>
     <span class='ocr_line' id='line_1_42' title="bbox 113 3165 1495 3230; baseline 0.001 -17"><span class='ocrx_word' id='word_1_380' title='bbox 113 3165 308 3228; x_wconf 88' lang='lat' dir='ltr'><strong>qnando</strong></span> <span class='ocrx_word' id='word_1_381' title='bbox 347 3168 615 3215; x_wconf 87' lang='lat' dir='ltr'><strong>contrarius</strong></span> <span class='ocrx_word' id='word_1_382' title='bbox 655 3165 1014 3227; x_wconf 85' lang='lat' dir='ltr'><strong>semicirculus,</strong></span> <span class='ocrx_word' id='word_1_383' title='bbox 1069 3172 1183 3216; x_wconf 85' lang='lat' dir='ltr'><strong>tunc</strong></span> <span class='ocrx_word' id='word_1_384' title='bbox 1220 3166 1364 3216; x_wconf 87' lang='lat' dir='ltr'><strong>stella</strong></span> <span class='ocrx_word' id='word_1_385' title='bbox 1402 3182 1495 3230; x_wconf 89' lang='lat' dir='ltr'><strong>ap-</strong></span> 
     </span>
     <span class='ocr_line' id='line_1_43' title="bbox 113 3238 1494 3302; baseline 0 -15"><span class='ocrx_word' id='word_1_386' title='bbox 113 3245 250 3302; x_wconf 87' lang='lat' dir='ltr'><strong>paret</strong></span> <span class='ocrx_word' id='word_1_387' title='bbox 289 3239 576 3288; x_wconf 88' lang='lat' dir='ltr'><strong>humillima.</strong></span> <span class='ocrx_word' id='word_1_388' title='bbox 635 3241 697 3288; x_wconf 88' lang='lat' dir='ltr'><strong>Et</strong></span> <span class='ocrx_word' id='word_1_389' title='bbox 736 3247 850 3288; x_wconf 86' lang='lat' dir='ltr'><strong>tunc</strong></span> <span class='ocrx_word' id='word_1_390' title='bbox 888 3238 1100 3288; x_wconf 90' lang='lat' dir='ltr'><strong>medium</strong></span> <span class='ocrx_word' id='word_1_391' title='bbox 1137 3239 1494 3289; x_wconf 85' lang='lat' dir='ltr'><strong>arithmeticum</strong></span> 
     </span>
     <span class='ocr_line' id='line_1_44' title="bbox 110 3311 1494 3376; baseline 0.001 -17"><span class='ocrx_word' id='word_1_392' title='bbox 110 3313 233 3362; x_wconf 85' lang='lat' dir='ltr'><strong>inter</strong></span> <span class='ocrx_word' id='word_1_393' title='bbox 288 3318 541 3376; x_wconf 88' lang='lat' dir='ltr'><strong>utramque</strong></span> <span class='ocrx_word' id='word_1_394' title='bbox 588 3313 760 3362; x_wconf 85' lang='lat' dir='ltr'><strong>stellae</strong></span> <span class='ocrx_word' id='word_1_395' title='bbox 818 3311 1126 3362; x_wconf 85' lang='lat' dir='ltr'><strong>altitudinem</strong></span> <span class='ocrx_word' id='word_1_396' title='bbox 1177 3311 1494 3361; x_wconf 82' lang='lat' dir='ltr'><strong>meridianam</strong></span> 
     </span>
     <span class='ocr_line' id='line_1_45' title="bbox 114 3385 585 3451; baseline 0 -17"><span class='ocrx_word' id='word_1_397' title='bbox 114 3391 186 3434; x_wconf 82' lang='lat' dir='ltr'><strong>est</strong></span> <span class='ocrx_word' id='word_1_398' title='bbox 222 3385 429 3435; x_wconf 88' lang='lat' dir='ltr'><strong>altitudo</strong></span> <span class='ocrx_word' id='word_1_399' title='bbox 470 3385 585 3451; x_wconf 88' lang='lat' dir='ltr'><strong>poli.</strong></span> 
     </span>
    </p>

    <p class='ocr_par' dir='ltr' id='par_1_13' title="bbox 107 3466 1494 3591">
     <span class='ocr_line' id='line_1_46' title="bbox 225 3466 1494 3526; baseline -0.002 -12"><span class='ocrx_word' id='word_1_400' title='bbox 225 3468 295 3515; x_wconf 86' lang='lat' dir='ltr'><strong>Sit</strong></span> <span class='ocrx_word' id='word_1_401' title='bbox 322 3469 362 3513; x_wconf 92' lang='lat' dir='ltr'><strong>V</strong></span> <span class='ocrx_word' id='word_1_402' title='bbox 394 3474 571 3524; x_wconf 78' lang='lat' dir='ltr'><strong>vertex,</strong></span> <span class='ocrx_word' id='word_1_403' title='bbox 612 3470 648 3514; x_wconf 94' lang='lat' dir='ltr'><strong>P</strong></span> <span class='ocrx_word' id='word_1_404' title='bbox 679 3469 835 3526; x_wconf 89' lang='lat' dir='ltr'><strong>polus,</strong></span> <span class='ocrx_word' id='word_1_405' title='bbox 879 3467 930 3512; x_wconf 93' lang='lat' dir='ltr'><strong>SI</strong></span> <span class='ocrx_word' id='word_1_406' title='bbox 973 3466 1180 3512; x_wconf 86' lang='lat' dir='ltr'><strong>circellus</strong></span> <span class='ocrx_word' id='word_1_407' title='bbox 1212 3473 1359 3513; x_wconf 83' lang='lat' dir='ltr'><strong>motus</strong></span> <span class='ocrx_word' id='word_1_408' title='bbox 1390 3467 1494 3513; x_wconf 84' lang='lat' dir='ltr'><strong>stel-</strong></span> 
     </span>
     <span class='ocr_line' id='line_1_47' title="bbox 107 3531 1494 3591; baseline 0.001 -14"><span class='ocrx_word' id='word_1_409' title='bbox 107 3531 178 3578; x_wconf 84' lang='lat' dir='ltr'><strong>lae</strong></span> <span class='ocrx_word' id='word_1_410' title='bbox 195 3534 469 3591; x_wconf 85' lang='lat' dir='ltr'><strong>apparentis,</strong></span> <span class='ocrx_word' id='word_1_411' title='bbox 499 3534 623 3579; x_wconf 80' lang='lat' dir='ltr'><strong>verbi</strong></span> <span class='ocrx_word' id='word_1_412' title='bbox 640 3547 779 3580; x_wconf 82' lang='lat' dir='ltr'><strong>causa</strong></span> <span class='ocrx_word' id='word_1_413' title='bbox 803 3532 971 3589; x_wconf 83' lang='lat' dir='ltr'><strong>polaris</strong></span> <span class='ocrx_word' id='word_1_414' title='bbox 1002 3532 1251 3586; x_wconf 82' lang='lat' dir='ltr'><strong>(schemata</strong></span> <span class='ocrx_word' id='word_1_415' title='bbox 1271 3532 1387 3578; x_wconf 91' lang='lat' dir='ltr'><strong>enim</strong></span> <span class='ocrx_word' id='word_1_416' title='bbox 1417 3546 1494 3579; x_wconf 86' lang='lat' dir='ltr'><strong>ex·</strong></span> 
     </span>
    </p>
   </div>
   <div class='ocr_carea' id='block_1_9' title="bbox 108 3597 1492 3921">
    <p class='ocr_par' dir='ltr' id='par_1_14' title="bbox 108 3597 1492 3921">
     <span class='ocr_line' id='line_1_48' title="bbox 108 3597 1492 3655; baseline 0.001 -13"><span class='ocrx_word' id='word_1_417' title='bbox 108 3598 308 3655; x_wconf 83' lang='lat' dir='ltr'><strong>primunt</strong></span> <span class='ocrx_word' id='word_1_418' title='bbox 337 3606 507 3645; x_wconf 88' lang='lat' dir='ltr'><strong>motum</strong></span> <span class='ocrx_word' id='word_1_419' title='bbox 539 3600 790 3650; x_wconf 86' lang='lat' dir='ltr'><strong>stellarum</strong></span> <span class='ocrx_word' id='word_1_420' title='bbox 833 3613 922 3644; x_wconf 85' lang='lat' dir='ltr'><strong>non</strong></span> <span class='ocrx_word' id='word_1_421' title='bbox 965 3603 1135 3642; x_wconf 85' lang='lat' dir='ltr'><strong>motum</strong></span> <span class='ocrx_word' id='word_1_422' title='bbox 1176 3597 1330 3654; x_wconf 88' lang='lat' dir='ltr'><strong>puncti</strong></span> <span class='ocrx_word' id='word_1_423' title='bbox 1361 3599 1492 3643; x_wconf 87' lang='lat' dir='ltr'><strong>verti-</strong></span> 
     </span>
     <span class='ocr_line' id='line_1_49' title="bbox 110 3663 1489 3723; baseline 0 -15"><span class='ocrx_word' id='word_1_424' title='bbox 110 3663 231 3717; x_wconf 82' lang='lat' dir='ltr'><strong>calis,</strong></span> <span class='ocrx_word' id='word_1_425' title='bbox 260 3666 391 3723; x_wconf 79' lang='lat' dir='ltr'><strong>qu&#39;us</strong></span> <span class='ocrx_word' id='word_1_426' title='bbox 412 3673 560 3710; x_wconf 89' lang='lat' dir='ltr'><strong>motus</strong></span> <span class='ocrx_word' id='word_1_427' title='bbox 589 3672 709 3710; x_wconf 85' lang='lat' dir='ltr'><strong>esset</strong></span> <span class='ocrx_word' id='word_1_428' title='bbox 727 3666 838 3719; x_wconf 86' lang='lat' dir='ltr'><strong>VH),</strong></span> <span class='ocrx_word' id='word_1_429' title='bbox 870 3664 928 3709; x_wconf 87' lang='lat' dir='ltr'><strong>sit</strong></span> <span class='ocrx_word' id='word_1_430' title='bbox 949 3663 1139 3708; x_wconf 85' lang='lat' dir='ltr'><strong>altitudo</strong></span> <span class='ocrx_word' id='word_1_431' title='bbox 1162 3663 1354 3709; x_wconf 81' lang='lat' dir='ltr'><strong>maxima</strong></span> <span class='ocrx_word' id='word_1_432' title='bbox 1384 3663 1489 3710; x_wconf 88' lang='lat' dir='ltr'><strong>stel-</strong></span> 
     </span>
     <span class='ocr_line' id='line_1_50' title="bbox 108 3726 1490 3787; baseline 0.003 -17"><span class='ocrx_word' id='word_1_433' title='bbox 108 3726 179 3772; x_wconf 86' lang='lat' dir='ltr'><strong>lae</strong></span> <span class='ocrx_word' id='word_1_434' title='bbox 210 3728 254 3785; x_wconf 89' lang='lat' dir='ltr'><strong>S,</strong></span> <span class='ocrx_word' id='word_1_435' title='bbox 284 3743 415 3776; x_wconf 89' lang='lat' dir='ltr'><strong>arcns</strong></span> <span class='ocrx_word' id='word_1_436' title='bbox 447 3730 533 3787; x_wconf 89' lang='lat' dir='ltr'><strong>SR,</strong></span> <span class='ocrx_word' id='word_1_437' title='bbox 562 3731 642 3776; x_wconf 85' lang='lat'><strong>51⁰</strong></span> <span class='ocrx_word' id='word_1_438' title='bbox 673 3732 735 3786; x_wconf 93' lang='lat'><strong>3,</strong></span> <span class='ocrx_word' id='word_1_439' title='bbox 779 3731 958 3775; x_wconf 89' lang='lat' dir='ltr'><strong>minima</strong></span> <span class='ocrx_word' id='word_1_440' title='bbox 997 3730 1058 3773; x_wconf 87' lang='lat' dir='ltr'><strong>IR</strong></span> <span class='ocrx_word' id='word_1_441' title='bbox 1088 3729 1166 3774; x_wconf 72' lang='lat'><strong>45⁰</strong></span> <span class='ocrx_word' id='word_1_442' title='bbox 1209 3728 1294 3776; x_wconf 64' lang='lat'><strong>291.</strong></span> <span class='ocrx_word' id='word_1_443' title='bbox 1351 3729 1490 3778; x_wconf 83' lang='lat' dir='ltr'><strong>Aufer</strong></span> 
     </span>
     <span class='ocr_line' id='line_1_51' title="bbox 108 3792 1488 3854; baseline 0.003 -18"><span class='ocrx_word' id='word_1_444' title='bbox 108 3792 173 3837; x_wconf 89' lang='lat' dir='ltr'><strong>lR</strong></span> <span class='ocrx_word' id='word_1_445' title='bbox 203 3795 259 3840; x_wconf 90' lang='lat' dir='ltr'><strong>ab</strong></span> <span class='ocrx_word' id='word_1_446' title='bbox 291 3796 385 3851; x_wconf 87' lang='lat' dir='ltr'><strong>SR,</strong></span> <span class='ocrx_word' id='word_1_447' title='bbox 426 3802 568 3842; x_wconf 87' lang='lat' dir='ltr'><strong>restat</strong></span> <span class='ocrx_word' id='word_1_448' title='bbox 599 3797 652 3842; x_wconf 92' lang='lat' dir='ltr'><strong>SI</strong></span> <span class='ocrx_word' id='word_1_449' title='bbox 684 3799 732 3840; x_wconf 74' lang='grc'><strong>.3“</strong></span> <span class='ocrx_word' id='word_1_450' title='bbox 772 3797 853 3854; x_wconf 82' lang='grc'><strong>34,</strong></span> <span class='ocrx_word' id='word_1_451' title='bbox 897 3796 1025 3851; x_wconf 84' lang='lat' dir='ltr'><strong>cnjus</strong></span> <span class='ocrx_word' id='word_1_452' title='bbox 1066 3794 1294 3840; x_wconf 88' lang='lat' dir='ltr'><strong>dimidium</strong></span> <span class='ocrx_word' id='word_1_453' title='bbox 1332 3800 1402 3842; x_wconf 83' lang='lat' dir='ltr'><strong>est</strong></span> <span class='ocrx_word' id='word_1_454' title='bbox 1429 3795 1488 3840; x_wconf 88' lang='grc' dir='ltr'><strong>ΡΙ</strong></span> 
     </span>
     <span class='ocr_line' id='line_1_52' title="bbox 110 3830 1488 3921; baseline 0.001 -18"><span class='ocrx_word' id='word_1_455' title='bbox 110 3858 161 3903; x_wconf 86' lang='lat'><strong>2⁰</strong></span> <span class='ocrx_word' id='word_1_456' title='bbox 189 3858 271 3904; x_wconf 79' lang='lat'><strong><em>47¹.</em></strong></span> <span class='ocrx_word' id='word_1_457' title='bbox 334 3830 463 3905; x_wconf 87' lang='lat' dir='ltr'><strong>Adde</strong></span> <span class='ocrx_word' id='word_1_458' title='bbox 493 3861 553 3906; x_wconf 86' lang='grc' dir='ltr'><strong>ΡΙ</strong></span> <span class='ocrx_word' id='word_1_459' title='bbox 582 3861 639 3908; x_wconf 83' lang='lat' dir='ltr'><strong>ad</strong></span> <span class='ocrx_word' id='word_1_460' title='bbox 670 3862 752 3914; x_wconf 76' lang='lat' dir='ltr'><strong>m,</strong></span> <span class='ocrx_word' id='word_1_461' title='bbox 785 3862 1014 3918; x_wconf 88' lang='lat' dir='ltr'><strong>consurgit</strong></span> <span class='ocrx_word' id='word_1_462' title='bbox 1042 3860 1138 3917; x_wconf 88' lang='lat' dir='ltr'><strong>PR,</strong></span> <span class='ocrx_word' id='word_1_463' title='bbox 1175 3859 1365 3907; x_wconf 84' lang='lat' dir='ltr'><strong>altitudo</strong></span> <span class='ocrx_word' id='word_1_464' title='bbox 1396 3861 1488 3921; x_wconf 87' lang='lat' dir='ltr'><strong>poli</strong></span> 
     </span>
    </p>
   </div>
   <div class='ocr_carea' id='block_1_10' title="bbox 1880 2986 2039 3028">
    <p class='ocr_par' dir='ltr' id='par_1_15' title="bbox 1880 2986 2039 3028">
     <span class='ocr_line' id='line_1_53' title="bbox 1880 2986 2039 3028; baseline -0.006 -7"><span class='ocrx_word' id='word_1_465' title='bbox 1880 2989 1958 3028; x_wconf 69' lang='grc' dir='ltr'><strong>Εἰς.</strong></span> <span class='ocrx_word' id='word_1_466' title='bbox 1984 2986 2039 3022; x_wconf 87' lang='grc'><strong>33.</strong></span> 
     </span>
    </p>
   </div>
   <div class='ocr_carea' id='block_1_11' title="bbox 1572 3118 2327 3857">
    <p class='ocr_par' dir='ltr' id='par_1_16' title="bbox 1572 3118 2327 3857">
     <span class='ocr_line' id='line_1_54' title="bbox 1572 3118 2327 3857; baseline 0 283"><span class='ocrx_word' id='word_1_467' title='bbox 1572 3118 2327 3857; x_wconf 95' lang='lat' dir='ltr'><strong> </strong></span> 
     </span>
    </p>
   </div>
  </div>
 </body>
</html>
