2554 4140
200 107 304 154 360
1014 95 1250 152 Epitomes
1282 94 1599 140 Astronomiae

197 249 380 299 bilibus
434 252 482 296 et
534 247 713 295 fractis.
791 245 845 309 2)
882 245 1055 294 Posita
1091 258 1212 294 vera
1248 245 1544 306 aequatione
1581 245 1813 307 temporis
1850 245 2079 311 physica,
2131 252 2246 296 tunc
2282 248 2325 296 si
2362 247 2449 297 Sol

200 323 363 371 omnia
408 320 611 378 faceret,
669 320 888 380 integrae
936 317 1146 367 Telluris
1198 316 1530 364 revolutiones
1587 316 1786 366 diurnae
1839 320 2228 382 proportionales
2285 327 2448 370 essent

199 391 469 443 intervallis
508 390 637 439 Solis
687 395 736 439 et
771 389 976 440 Terrae:
1025 397 1076 439 at
1121 388 1339 452 postulat
1377 390 1626 451 quantitas
1664 389 1809 452 hujus
1849 393 2159 454 aequationis
2199 398 2448 456 tempora·

199 469 323 526 riae,
363 471 416 514 ut
453 478 550 513 non
585 465 806 525 integrae
840 463 1199 521 revolutiones,
1239 461 1326 510 sed
1363 461 1631 525 particulae
1670 462 1844 512 saltem
1882 463 2078 527 aliquae
2116 466 2331 514 minutae
2369 480 2448 515 re-

199 538 505 587 volutionum
540 537 964 599 proportionentur
1000 535 1096 583 illis
1135 532 1404 582 intervallis
1440 534 1778 583 variabilibus.

356 611 603 658 Virtutem
642 612 901 657 internam
945 608 1155 656 Telluris
1192 609 1427 655 aestimas
1465 607 1572 655 360
1609 608 2007 656 revolutionibus
2043 611 2099 656 in
2137 624 2243 658 uno
2281 625 2446 660 anno:

199 698 357 747 quam
394 683 547 741 hujus
583 684 788 742 numeri
825 695 1034 729 causam
1070 680 1267 729 exhibes
1311 693 1373 728 ex
1408 679 1714 742 archetypo?
1768 679 1897 742 Quia
1935 680 2018 729 Sol
2057 687 2243 744 partem
2281 683 2446 731 circuli

198 771 286 806 seu
324 754 547 804 curriculi
584 755 660 803 sui
698 754 976 818 apparentis
1009 754 1172 801 720·¹¹²
1208 757 1375 814 tegere
1414 750 1581 800 debuit
1619 754 1667 800 in
1706 753 1994 815 longissima
2029 768 2120 803 sua
2159 754 2392 804 distantia
2416 771 2447 804 a

198 829 373 878 Terra:
426 829 650 876 existimo
696 833 881 875 tantam
919 825 1033 873 huic
1070 826 1359 873 tornationis
1398 826 1564 872 virtuti
1603 824 1910 875 conciliatam
1950 841 2058 875 esse
2096 826 2444 887 fortitudinem,

198 908 253 950 ut
289 900 376 950 Sol
424 906 563 948 motu
610 899 770 948 medio
820 900 867 945 in
919 897 1242 960 unaqualibet
1279 897 1488 946 Telluris
1540 899 1846 947 revolutione
1882 913 1969 960 per
2007 898 2130 948 duas
2167 899 2446 962 hujusmodi

197 973 462 1037 particulas
499 972 664 1022 circuli
705 973 779 1019 sui
817 972 1084 1034 promotior
1119 984 1353 1033 apparere
1390 975 1573 1032 posset,
1613 970 1676 1019 ad
1712 985 1966 1019 numerum
2003 971 2209 1020 duarum
2246 972 2446 1022 revolu-

199 1048 345 1096 tionis
385 1047 621 1110 partium,
663 1058 864 1108 quarum
904 1043 1057 1092 altera
1095 1042 1227 1103 dies,
1268 1042 1421 1092 altera
1459 1058 1557 1091 nox
1596 1043 1795 1103 dicitur,
1836 1045 2015 1092 intuitu
2053 1044 2200 1093 unius
2237 1045 2447 1109 alicujus

198 1121 294 1168 loci
331 1121 380 1166 in
419 1118 670 1181 superficie
697 1116 900 1166 Terrae:
941 1123 995 1163 ut
1032 1119 1102 1164 ita
1139 1116 1330 1164 duobus
1368 1117 1540 1179 spatiis
1578 1117 1768 1165 zodiaci
1807 1117 1985 1176 circuli,
2026 1119 2298 1180 signatis‚a
2336 1121 2447 1167 siti—
2536 1172 2538 1175 ,

201 1194 291 1242 bus
331 1191 460 1240 Solis
508 1192 556 1237 in
611 1189 802 1238 duobus
853 1188 1226 1239 succedentibus
1273 1188 1597 1250 meridiebuS,
1646 1190 1860 1251 spatium
1901 1189 2105 1253 aequale
2143 1190 2334 1239 illorum
2374 1191 2451 1239 al-

200 1266 367 1314 terutri
407 1263 770 1325 interciperetur
807 1276 1017 1310 vacuum
1056 1277 1142 1311 seu
1181 1277 1277 1310 non
1318 1263 1587 1324 signatum,
1640 1269 1864 1324 essetque
1904 1269 1955 1310 ut
1994 1262 2098 1311 dies
2136 1263 2199 1312 ad
2237 1270 2447 1325 noctem,

199 1340 269 1387 sic
319 1338 529 1400 spatium
568 1334 682 1384 Sole
729 1334 925 1398 plenum
974 1334 1036 1383 ad
1083 1337 1295 1399 spatium
1339 1349 1573 1396 vacuum,
1627 1334 1852 1383 diurnum
1899 1334 2085 1384 scilicet
2132 1338 2282 1385 centri
2320 1336 2450 1386 Solis

198 1409 262 1459 ad
283 1413 602 1467 'noctur-num.

343 1481 400 1529 In
448 1481 672 1529 omnibus
711 1481 838 1529 enim
877 1480 1011 1530 hisce
1047 1484 1223 1528 natura
1260 1479 1490 1539 hominis,
1546 1478 1887 1529 observatricis
1928 1485 2204 1540 creaturae,
2259 1480 2448 1531 incolae

201 1554 408 1604 Telluris
445 1555 616 1613 futuri,
666 1555 789 1602 inter
828 1568 1002 1602 causas
1042 1553 1377 1616 archetypicas
1411 1559 1608 1617 recepta
1644 1552 1757 1610 fuit,
1799 1559 1850 1601 ut
1888 1554 1972 1616 qui
2012 1554 2226 1617 corporis
2266 1554 2451 1604 Solaris

198 1629 521 1691 quantitatem
572 1616 914 1676 aestimaturus
964 1625 1159 1689 dieique
1210 1631 1257 1675 et
1307 1626 1464 1674 noctis
1513 1625 1789 1675 discrimina
1829 1627 2240 1690 contemplaturus
2276 1627 2448 1676 suerat.

343 1702 503 1763 Atqui
545 1703 588 1747 si
637 1699 728 1749 hoe
765 1701 1050 1762 quaesitum
1096 1700 1294 1763 fuisset,
1349 1698 1550 1747 videtur
1598 1705 1645 1746 et
1693 1699 1949 1748 obtentum
1995 1700 2236 1763 futurum
2271 1701 2449 1763 fuisse3

190 1777 305 1835 jam
343 1787 462 1822 vero
496 1774 677 1837 fateris
711 1775 841 1836 ipse,
892 1773 1125 1822 turbatas
1160 1785 1258 1820 esse
1293 1774 1517 1819 rationes
1552 1773 1686 1829 istas,
1725 1786 1843 1820 cum
1880 1773 2220 1821 incitamentis
2256 1774 2354 1821 illis
2390 1788 2451 1822 ea:

202 1848 315 1896 Sole
361 1848 641 1894 accessoriis
680 1861 781 1907 pro
817 1846 924 1894 360
956 1847 1084 1910 faeti
1129 1847 1232 1895 sint
1269 1845 1370 1893 dies
1406 1845 1509 1892 365
1546 1851 1631 1907 ete.
1671 1851 1718 1892 et
1752 1847 1822 1892 sic
1867 1845 2064 1893 diurna
2107 1847 2295 1894 itinera
2332 1846 2447 1895 bre·

200 1923 360 1970 viora.
442 1916 496 1985 1)
535 1918 645 1967 Non
683 1917 964 1982 simpliciter
1003 1917 1276 1981 quaesitum
1313 1917 1407 1966 hoc
1447 1931 1553 1965 esse
1593 1917 1688 1966 dici
1727 1923 1903 1981 potest,
1944 1917 2029 1967 sed
2066 1917 2239 1967 saltem
2276 1919 2325 1965 iu
2364 1933 2449 1968 ac·-

200 1991 587 2042 eommodatione
624 1993 848 2055 principii
886 1997 1048 2040 motus
1085 1992 1259 2040 interni
1298 1992 1345 2039 in
1378 1988 1600 2052 Tellure;
1643 2004 1740 2053 quo
1779 1990 1925 2039 modo
1966 1996 2015 2040 et
2052 1991 2304 2040 obtentum
2342 1991 2449 2040 fuit.

200 2065 252 2129 2)
291 2066 396 2114 Etsi
449 2079 564 2112 vero
612 2066 662 2112 in
712 2064 806 2114 hoc
856 2070 992 2113 motu
1042 2062 1327 2112 secundario
1381 2077 1644 2112 concursus
1696 2077 1954 2112 causarum
1991 2063 2157 2112 turbat
2193 2063 2446 2113 numerum

199 2140 489 2196 institutum,
528 2142 579 2186 at
616 2151 712 2186 non
750 2142 888 2186 tanta
923 2137 1015 2186 suit
1051 2136 1174 2186 haec
1211 2135 1416 2196 turbela,
1458 2136 1574 2198 quin
1615 2136 1760 2184 etiam
1798 2137 1868 2185 sic
1904 2136 2152 2184 mensibus
2186 2135 2450 2186 Novembri

198 2218 247 2260 et
284 2209 522 2259 Januario
577 2210 823 2272 quantitas
871 2209 994 2258 haec
1036 2210 1280 2274 ipsissima
1318 2209 1645 2273 obtineretur,
1697 2211 1812 2270 quia
1850 2215 1965 2257 tunc
2004 2209 2253 2271 quantitas
2293 2209 2451 2257 diurni

198 2289 358 2332 motus
404 2281 534 2331 Solis
587 2287 662 2331 est
710 2283 854 2331 unius
909 2281 1090 2345 gradus
1145 2297 1232 2331 seu
1287 2282 1363 2331 bis
1416 2282 1483 2329 30
1529 2282 1839 2331 minutorum.
1926 2281 1990 2329 Et
2031 2281 2135 2344 jam
2187 2287 2355 2342 antea,
2410 2284 2451 2330 si

199 2357 345 2407 etiam
396 2355 532 2404 nulla
567 2355 681 2404 talis
737 2355 928 2405 turbela
985 2361 1142 2415 esset,
1197 2355 1273 2403 bis
1328 2359 1516 2402 tantum
1566 2354 1613 2401 in
1666 2368 1793 2403 anno
1847 2355 2096 2417 quantitas
2148 2354 2244 2403 ista
2291 2355 2453 2403 sutura
2520 2418 2522 2420 Ι

200 2430 370 2478 fuisset
418 2434 579 2476 motus
627 2427 785 2476 diurni
837 2427 990 2490 Solis,
1045 2433 1242 2492 propter
1289 2428 1614 2478 necessariam
1661 2426 2061 2490 inaequalitatem
2117 2432 2278 2476 motus
2324 2427 2452 2477 Solis

199 2502 492 2565 apparentis

350 2573 610 2637 Quomodo
651 2572 739 2622 Sol
771 2573 1015 2637 fortificat
1051 2575 1289 2622 virtutem
1335 2572 1554 2622 Telluris
1589 2575 1878 2633 motorium,
1920 2586 2114 2636 auqens
2150 2573 2451 2622 celeritatem

196 2647 525 2697 revolutionis
569 2645 755 2694 Terrae
809 2646 1068 2695 diurnae?
1127 2645 1286 2695 Valde
1340 2644 1601 2695 verisimile
1655 2651 1754 2705 est,
1806 2645 1854 2694 id
1893 2645 1998 2694 fieri
2035 2644 2279 2695 mediante
2318 2645 2449 2694 Solis

198 2720 409 2779 lumine,
464 2716 595 2781 quod
633 2717 818 2768 Telluri
856 2719 1135 2780 infunditur,
1173 2717 1261 2782 pe'r
1298 2717 1702 2767 illuminationem
1740 2717 2086 2781 hemisphaerii
2125 2719 2247 2781 ejus.
2323 2718 2449 2768 Nam

197 2795 312 2855 quia
347 2790 554 2855 physica
590 2793 823 2854 aequatio
874 2793 1102 2855 temporis
1142 2791 1359 2855 postulat
1395 2790 1679 2854 inaequales
1719 2790 1920 2839 diurnas
1958 2790 2291 2840 revolutiones
2331 2790 2449 2839 Tel-

195 2867 341 2923 luris,
393 2870 538 2927 prout
588 2865 848 2913 intervalla
889 2866 994 2928 ejus
1034 2881 1064 2914 a
1102 2864 1217 2914 Sole
1257 2866 1530 2925 variantur,
1581 2870 1710 2913 certe
1750 2866 1797 2911 in
1839 2865 1974 2912 brevi
2013 2864 2271 2912 intervallo
2312 2863 2450 2912 fortis

198 2943 271 2986 est
307 2936 622 2996 illuminatio,
675 2938 854 3000 quippe
894 2953 923 2985 a
960 2937 1140 2986 lumine
1181 2937 1417 2995 densiori,
1466 2938 1514 2984 iu
1555 2936 1702 3000 longo
1743 2935 1945 2996 debilis,
1992 2942 2161 2999 utpote
2201 2952 2229 2984 a
2268 2936 2449 2985 lumine

198 3010 404 3059 tenuiori
444 3015 492 3057 et
529 3011 599 3058 sic
633 3012 867 3072 pauciori,
906 3009 1053 3073 idque
1091 3008 1274 3075 (quoad
1300 3024 1447 3058 unam
1479 3009 1826 3059 dimensionem
1852 3008 2185 3072 longitudinis,
2225 3011 2272 3056 in
2301 3024 2448 3072 quam

200 3081 354 3130 tendit
391 3081 569 3140 motus)
610 3083 657 3129 in
698 3083 805 3145 ipsa
841 3081 1205 3132 intervallorum
1245 3084 1573 3145 proportione.
1649 3082 1726 3131 Ita
1763 3083 1906 3144 copia
1942 3081 2167 3142 luminis,
2209 3096 2335 3144 quae
2374 3088 2447 3131 est

199 3154 374 3216 quovis
412 3160 646 3219 tempore,
683 3154 737 3203 fit
773 3161 904 3218 apta,
944 3155 1051 3205 loco
1091 3155 1472 3217 intervallorum,
1511 3154 1574 3204 ad
1602 3154 1980 3218 dispensandam
2004 3169 2090 3217 per
2117 3169 2296 3203 annum
2322 3154 2447 3204 hane

198 3226 612 3275 accelerationem.
2445 3279 2454 3285 ,

339 3298 450 3360 ‘Qui
486 3305 606 3347 sunt
642 3299 841 3362 effectus
876 3301 1204 3351 revolutionis
1236 3301 1422 3350 Terrae
1446 3301 1680 3362 diurnae,
1722 3307 1767 3348 et
1790 3303 1847 3348 in
1870 3314 2048 3362 yenere
2068 3301 2446 3360 primariorum
2498 3323 2501 3327 ›

203 3373 340 3419 circa
386 3384 500 3418 suos
547 3372 701 3420 axes?
756 3373 896 3420 Duo:
950 3375 1135 3435 primus
1173 3374 1351 3424 Terrae
1399 3375 1650 3437 proprius,
1705 3372 1836 3435 quod
1872 3373 2015 3420 nobis
2054 3371 2234 3421 Terrae
2271 3372 2444 3421 incolis

200 3443 360 3492 sidera
399 3441 521 3490 coeli
561 3440 886 3505 omnia,‘fixa,
927 3448 1138 3494 errantia
1175 3446 1394 3509 adeoque
1437 3449 1583 3495 etiam
1621 3446 1706 3495 Sol
1747 3452 1794 3494 et
1831 3445 1974 3492 Luna
2012 3444 2239 3493 videntur
2279 3445 2442 3493 dietim

199 3516 262 3565 ab
314 3519 422 3564 ortu
468 3528 662 3576 surgere
717 3521 763 3564 et
801 3519 850 3563 in
889 3531 1115 3567 occasum
1155 3519 1323 3567 condi:
1377 3520 1601 3581 quamvis
1638 3523 1864 3580 respectu
1901 3517 2049 3579 hujus
2088 3516 2245 3566 diurni
2283 3523 2444 3566 motus

200 3590 308 3651 ipsa
352 3601 403 3635 re
450 3600 567 3635 vera
612 3588 712 3634 suis
762 3587 882 3636 locis
930 3590 1029 3638 fixa
1076 3599 1318 3640 maneant.
1395 3593 1470 3640 De
1514 3592 1608 3639 hac
1645 3590 1933 3652 apparentia
1969 3589 2132 3638 fallaci
2171 3597 2334 3638 actum
2371 3594 2458 3638 est·
2551 3644 2554 3651 Ι

198 3661 335 3709 libris
386 3659 541 3707 tribus
588 3659 753 3721 primis
803 3660 1048 3710 doctrinae
1098 3663 1396 3726 sphaericae.
1474 3664 1611 3712 Alter
1649 3663 1846 3711 effectus
1883 3662 2117 3726 physicus
2158 3668 2206 3711 et
2249 3662 2468 3722 verissir

199 3748 332 3794 mue,
373 3732 640 3781 communis
679 3732 901 3780 omuibus
938 3735 1177 3794 primariis
1215 3738 1406 3799 ipsique
1446 3737 1570 3785 adeo
1608 3734 1739 3794 Soli,
1785 3740 1858 3782 est
1896 3736 2001 3796 iste,
2043 3733 2174 3797 quod
2212 3735 2441 3798 primarii,

199 3820 286 3874 per
323 3807 398 3857 sui
438 3805 650 3870 corporis
687 3806 736 3857 iu
777 3805 1204 3863 circumvolutione
1243 3809 1490 3861 constituti
1527 3808 1737 3875 speciem
1776 3821 2020 3873 egressam
2045 3809 2173 3858 cient
2210 3820 2324 3857 suos
2362 3821 2443 3858 se-
