2554 4140
923 1069 1256 1193 LIBRI
1329 1070 1771 1211 QUARTI

1093 1293 1264 1344 PARS
1304 1292 1630 1344 SECUNDA.

706 1437 798 1504 DE
842 1435 1036 1505 MOTU
1081 1436 1458 1506 CORPORUM
1505 1435 2013 1507 MUNDANORUM.

838 1715 877 1764 Ι.
927 1714 1098 1779 Quot
1136 1723 1194 1767 et
1231 1716 1449 1780 quales
1488 1719 1622 1769 sint
1657 1723 1877 1767 motus.

382 1831 521 1896 Quid
566 1833 715 1880 sentit
754 1833 1062 1895 Copernicus
1109 1833 1168 1881 de
1212 1840 1356 1883 motu
1406 1848 1709 1899 corporum,
1765 1833 1890 1896 quid
1935 1833 2011 1883 illi
2046 1839 2306 1895 movetur,
2364 1833 2490 1897 quid

239 1905 482 1967 quiescit?
534 1905 702 1954 Motus
749 1905 924 1954 localis
977 1905 1102 1955 duae
1146 1912 1260 1954 sunt
1296 1908 1510 1972 species:
1563 1906 1644 1957 vel
1681 1908 1810 1955 enim
1849 1907 2145 1955 convertitur
2182 1912 2340 1955 totum
2377 1906 2486 1956 loco

237 1992 325 2027 suo
377 1992 604 2039 manens,
658 1979 879 2041 partibus
922 1993 1035 2027 vero
1088 1980 1298 2028 invicem
1348 1978 1747 2039 succedentibus,
1801 1981 1884 2043 qui
1928 1985 2089 2028 motus
2141 1983 2365 2042 δινησεως
2401 1993 2486 2029 seu
2528 1979 2539 2022 ’.

232 2052 522 2099 tornationis
563 2051 971 2101 turbinationisve
1010 2067 1041 2100 a
1076 2051 1411 2114 similitudine,
1451 2060 1538 2102 aut
1563 2054 1800 2102 versionis
1838 2052 1902 2101 ab
1941 2053 2259 2101 instrumento
2307 2053 2489 2101 vertice
2537 2071 2539 2077 ¹

238 2123 332 2171 dici
370 2130 559 2187 potest3
598 2130 682 2173 aut
721 2126 878 2187 ipsum
918 2125 1068 2173 etiam
1106 2132 1262 2173 totum
1301 2124 1360 2174 de
1399 2126 1508 2174 loeo
1549 2125 1783 2174 in-locum
1807 2125 1958 2174 fertur
1982 2124 2303 2186 circulariter,
2345 2139 2488 2187 quem

235 2203 422 2245 motum
462 2195 639 2246 Graeci
678 2216 864 2261 φοραν,
906 2196 1071 2246 Latini
1109 2198 1205 2246 fere
1245 2200 1498 2247 circuitum
1536 2203 1622 2248 aut
1660 2196 2072 2247 circumlationem
2110 2203 2196 2247 aut
2236 2197 2488 2260 ambitum,

235 2275 491 2332 utrumque
530 2283 647 2318 vero
689 2271 1007 2319 communiter
1042 2269 1521 2320 revolutio-nem
1562 2270 1829 2336 appellant.

377 2341 544 2404 Solem
588 2343 739 2405 igitur
778 2342 1074 2407 Copernicus
1125 2345 1262 2406 ponit
1312 2344 1443 2408 apud
1482 2350 1701 2394 centrum
1751 2342 1918 2392 mundi
1957 2343 2250 2404 consistere,
2303 2344 2488 2392 ratione

236 2417 412 2480 totius,
461 2419 624 2464 centro
663 2429 732 2464 sc.
772 2423 822 2464 et
859 2430 978 2474 axe,
1029 2416 1352 2478 immobilem;
1404 2431 1549 2480 quem
1595 2423 1760 2467 tamen
1797 2418 1986 2466 ratione
2024 2416 2234 2480 partium
2276 2417 2489 2479 corporis
2548 2408 2554 2418 ’

237 2489 363 2537 circa
401 2502 542 2536 suum
581 2502 648 2536 sc.
690 2495 906 2537 centrum
946 2496 992 2539 et
1029 2503 1170 2538 axem
1210 2492 1429 2539 converti
1468 2505 1497 2540 a
1530 2491 1701 2552 'paucis
1727 2491 1867 2539 annis
1894 2487 2299 2553 deprehendimus
2325 2502 2487 2548 sensu,

236 2559 368 2623 quod
408 2560 588 2609 dudum
628 2575 929 2610 asserueram
969 2562 1270 2624 rationibus3
1310 2561 1558 2613 celeritate
1598 2561 1794 2626 quidem
1832 2567 1983 2625 tanta,
2023 2568 2078 2612 ut
2112 2563 2273 2626 spatio
2314 2562 2381 2610 25
2407 2558 2488 2612 vel

237 2634 303 2682 26
346 2631 531 2683 dierum
568 2648 668 2682 una
707 2635 960 2684 conversio
1001 2634 1302 2684 absolvatur.
1321 2631 1388 2697 ⁵⁴)

377 2705 513 2755 Jam1
543 2711 598 2756 ut
636 2708 845 2770 quisque
884 2708 1221 2772 primariorum
1260 2714 1334 2758 est
1371 2707 1475 2758 Soli
1512 2708 1733 2772 propior,
1787 2708 1858 2757 ita
1894 2707 2117 2756 breviore
2154 2705 2356 2770 periodo
2396 2707 2488 2755 cir·

238 2793 346 2827 cum
384 2778 549 2829 Solem
587 2780 759 2837 fertur,
798 2780 890 2829 sub
930 2779 1103 2829 eodem
1143 2779 1339 2844 quidem
1379 2783 1622 2830 communi
1662 2779 1841 2830 circulo
1878 2779 2082 2830 zodiaco
2121 2785 2170 2829 et
2208 2781 2255 2827 in
2294 2779 2488 2844 plagam

241 2866 405 2901 omnes
451 2851 681 2914 eandem,
733 2854 780 2900 in
835 2867 982 2916 quam
1020 2859 1184 2917 partes
1224 2856 1438 2918 corporis
1476 2852 1607 2903 Solis
1642 2852 1969 2917 praecedunt3
2021 2852 2292 2902 Mercurius
2329 2853 2489 2916 spatio

242 2926 271 2972 3
311 2927 564 2987 mensium,
604 2925 773 2975 Venus
814 2922 933 2993 872,
973 2925 1141 2975 Tellus
1181 2941 1290 2975 cum
1329 2925 1466 2975 coelo
1506 2926 1676 2976 Lunae
1720 2929 1803 2986 12,
1831 2925 1976 2974 'Mars
2012 2921 2167 2992 22¹l2,
2206 2940 2295 2976 seu
2331 2926 2489 2974 minus

242 3011 387 3058 quam
427 2997 616 3048 duobus
654 2999 820 3060 anniS,
872 2998 1071 3062 Jupiter
1114 3001 1199 3061 12,
1239 2999 1478 3049 Saturnus
1519 3000 1586 3048 30
1624 3001 1780 3048 annis.
1856 2999 2087 3047 Fixarum
2125 3012 2241 3047 vero
2281 2997 2493 3061 sphaeroe

243 3068 509 3133 Copernico
558 3063 753 3136 penisus
806 3077 880 3120 est
930 3070 1210 3122 immobilis,
1286 3070 1455 3121 Tellus
1503 3071 1695 3121 interim
1734 3074 1860 3121 circa
1897 3085 2039 3120 suum
2080 3071 2226 3121 etiam
2265 3085 2404 3120 axem
2441 3073 2493 3119 et

247 3142 373 3191 circa
410 3142 607 3193 Terram
644 3143 786 3193 Luna
824 3144 1238 3206 circumvolvitur,
1277 3159 1442 3193 rursus
1481 3146 1529 3192 in
1566 3144 1766 3208 plagam
1804 3150 2026 3207 utraque,
2070 3145 2111 3192 si
2150 3142 2213 3193 ad
2252 3144 2490 3194 exteriora

243 3213 409 3262 mundi
445 3218 696 3282 respicias,
734 3217 951 3279 eandem,
993 3219 1042 3265 in
1082 3232 1228 3281 quam
1269 3231 1436 3267 omnes
1473 3218 1706 3281 primarii.

388 3285 566 3338 Omnes
615 3295 777 3339 autem
826 3296 987 3340 motus
1027 3290 1295 3376 Copernico
1345 3295 1458 3352 sunt
1506 3295 1696 3340 tantum
1739 3290 1790 3338 in
1828 3287 2063 3338 directum
2106 3293 2153 3338 et
2191 3289 2495 3349 continuum,
2553 3325 2554 3330 ¹

241 3356 377 3408 nulla
413 3373 563 3421 penes
602 3361 736 3410 illum
774 3365 921 3412 statio
955 3365 1010 3410 in
1047 3365 1118 3412 rei
1156 3365 1378 3423 veritate,
1418 3362 1554 3412 nulla
1590 3361 1958 3426 retrogradatio.

397 3431 591 3494 Quibus
641 3438 955 3496 aryumentis
995 3437 1270 3500 probatur,
1318 3436 1544 3498 fixarum
1589 3436 1857 3500 sphaeram
1902 3449 2008 3484 non
2057 3433 2287 3483 moveri?
2347 3427 2487 3495 Quod

243 3503 327 3552 illa
364 3517 460 3552 non
500 3510 808 3554 convertatur
845 3510 972 3557 circa
1009 3515 1224 3558 centrum
1263 3514 1312 3558 et
1349 3522 1520 3568 axem,
1561 3507 1943 3558 demonstratum
1981 3513 2054 3556 est
2090 3507 2213 3555 libro
2250 3505 2290 3554 Ῑ.
2363 3503 2490 3554 Nam*
2548 3538 2554 3569 .·

243 3574 475 3639 quicquid
510 3576 657 3638 hujus
693 3579 743 3623 in
782 3579 948 3628 oeulos
986 3583 1200 3642 incurrit,
1239 3586 1396 3630 totum
1433 3580 1483 3629 id
1521 3580 1698 3630 Terrae
1737 3579 2006 3628 tribuimus.
2069 3580 2368 3642 Argumenta
2405 3589 2487 3625 ce-
2547 3573 2554 3636 Ξ

243 3655 348 3698 tera
383 3645 688 3712 requirantur
724 3649 808 3710 ibi,
848 3651 930 3699 fol.
965 3654 1064 3701 168
1092 3660 1140 3702 et
1166 3668 1302 3717 seqq.
1356 3654 1469 3702 Duo
1508 3654 1616 3702 sola
1650 3651 1795 3714 hujus
1834 3650 1930 3700 loci
1966 3653 2162 3715 propria
2196 3656 2484 3715 repetamus.
2520 3677 2527 3681 -

242 3720 405 3771 Unum
443 3736 473 3769 a
513 3719 774 3770 celeritate.
850 3722 973 3770 Nam
1011 3727 1052 3772 si
1090 3726 1298 3788 sphaera
1335 3727 1516 3774 extima
1554 3724 1725 3774 saltem
1765 3725 2019 3773 4000000
2060 3724 2320 3773 diametros
2358 3719 2486 3771 Solis
2528 3724 2554 3790 ’ς

245 3797 292 3841 in
333 3794 610 3843 dimetiente
647 3793 821 3854 habet,
876 3795 1258 3847 circumferentia
1306 3797 1456 3861 longa
1493 3799 1582 3847 erit
1622 3797 1932 3845 12566370:
1982 3810 2108 3860 quae
2145 3798 2187 3845 si
2223 3801 2328 3844 tota
2362 3794 2486 3841 intra

246 3868 314 3914 24
353 3867 498 3916 horas
535 3865 764 3929 volvitur,
805 3867 855 3914 in
891 3880 990 3917 una
1028 3869 1175 3931 igitur
1213 3868 1472 3939 volventur
1511 3870 1753 3933 523600,
1791 3870 1841 3916 in
1879 3883 1976 3919 uno
2014 3872 2202 3919 minuto
2242 3868 2397 3928 8727,
2435 3865 2484 3911 iu
2540 3896 2548 3933 Ἴ-
