2560 4100
24 3659 32 3811 l

26 3821 31 3904 l

29 3993 33 4095 ξ

935 132 1006 180 De
1035 135 1247 192 Epitome
1274 134 1602 180 Astronomiae.
2218 146 2219 149 ’
2323 134 2389 186 ’15

151 287 284 334 illius
320 283 557 348 simplicis
596 285 740 333 toties
777 298 958 349 ponere
996 290 1045 332 et
1081 285 1130 331 in
1170 299 1223 333 se
1260 284 1597 347 multiplicare,
1638 288 1759 345 quot
1795 288 1909 331 sunt
1945 284 1992 330 in
2033 281 2396 330 denominatore

148 357 477 421 reduplicatae
514 359 743 406 unitates.
818 357 938 406 Esto
977 357 1182 420 simplex
1219 359 1344 406 inter
1371 359 1403 404 2
1437 362 1485 405 et
1513 358 1560 417 3,
1582 357 1848 419 ’quaeritur
1885 354 2240 418 hujus'tripla:
2282 368 2396 418 ergo

147 433 240 479 tria
279 433 309 478 2
358 432 406 477 in
460 445 512 479 se
560 431 858 494 multiplice,
912 429 1034 478 fiunt
1074 431 1131 491 8,
1183 432 1253 479 sic
1289 431 1382 478 tria
1421 431 1450 478 3
1502 431 1551 476 in
1598 443 1650 478 se
1703 429 1850 476 ducta
1901 429 2086 478 faciunt
2125 428 2223 490 ‘273
2283 441 2396 490 ergo

149 518 273 567 quac
320 504 445 552 inter
486 505 515 550 8
556 509 604 551 et
642 506 707 550 27
761 510 833 552 est
870 503 1015 566 tripla
1062 503 1222 564 illius,
1277 516 1401 565 quae
1442 505 1567 551 inter
1606 504 1634 548 2
1675 507 1725 553 et
1764 503 1810 549 3.
1888 501 1998 551 Hoc
2033 500 2179 550 modo
2230 507 2393 564 potest

147 577 378 625 constitui
429 581 478 624 et
524 575 1134 639 sesquialteraproportio
1171 577 1522 639 proportionis,
1576 577 1615 622 si
1665 575 1799 637 prius
1851 576 2084 623 minorem
2122 576 2394 633 terminum,

145 650 195 696 id
235 653 308 697 est
342 651 706 712 proportionem
745 649 1014 711 simplicem
1052 651 1281 711 bisecem,
1321 651 1436 711 quia
1474 650 1632 696 minor
1666 649 1897 696 terminus
1937 647 2286 709 sesquialterae
2325 653 2396 695 est

147 725 194 781 2,
235 724 471 784 quaesitis
509 721 755 770 radicibus
796 722 1045 784 quadratis
1085 722 1192 784 ejus
1228 724 1566 782 terminorum,
1622 719 1795 769 deinde
1841 720 1916 768 his
1963 719 2208 768 radicibus
2247 722 2395 769 ternis

147 797 197 841 in
235 809 290 844 se
338 801 508 842 mutuo
546 795 907 858 multiplicatiS,
962 795 1078 858 quia
1124 795 1282 857 major
1317 795 1552 844 terminus
1595 793 1950 856 sesquialterae
1988 799 2063 841 est
2101 794 2130 840 3
2184 798 2232 841 et
2268 795 2397 856 quia,

148 867 279 930 quod
328 875 401 917 est
448 870 600 917 totius
649 868 1050 931 sesquialterum,
1101 868 1150 915 id
1198 870 1414 918 semissis
1466 867 1796 930 est-triplum.
1875 865 2014 914 Haec
2064 870 2138 914 est
2182 865 2400 914 doctrina
2482 897 2484 902 f

146 941 415 990 Ptolemaei
467 941 527 989 de
573 943 942 1004 proportionum
991 943 1342 1003 compositione
1395 946 1443 990 et
1491 941 1754 1002 divisione3
1811 941 2031 988 invenies
2072 953 2179 988 eam
2229 939 2399 1001 procul

148 1015 297 1062 dubio
335 1016 384 1061 in
424 1015 640 1063 classicis
679 1016 956 1062 auctoribus
984 1020 1032 1062 et
1068 1017 1118 1061 in
1157 1013 1356 1074 Clavi0‚
1407 1019 1580 1077 estque
1628 1013 1794 1075 aliqua
1848 1013 1954 1076 ejus
1991 1025 2103 1074 pars
2142 1013 2192 1058 in
2230 1011 2400 1074 regula

150 1089 365 1162 quinque
404 1094 454 1135 et
490 1089 539 1134 in
576 1088 865 1136 fractionum
914 1086 1317 1150 multiplicatione
1358 1093 1406 1135 et
1444 1086 1712 1148 divisione3
1765 1085 1852 1134 sed
1888 1086 2140 1147 negotium
2188 1098 2287 1133 non
2327 1091 2399 1134 est

147 1161 291 1223 plane
328 1161 454 1209 idem
494 1166 543 1209 et
579 1160 851 1209 cavendum
889 1175 919 1208 a
957 1160 1254 1209 confusion&
1331 1161 1487 1209 Detur
1523 1160 1773 1223 proportio
1807 1158 2012 1222 simplex
2047 1160 2172 1206 inter
2199 1160 2227 1205 4
2271 1164 2319 1207 ει
2349 1161 2396 1218 9,

149 1235 399 1296 quaeritur
435 1232 536 1281 alia
573 1233 792 1296 simplex,
834 1247 959 1296 quae
999 1248 1106 1281 curn
1144 1234 1238 1282 ista
1279 1231 1956 1296 constituat-reduplicatam‚
2008 1245 2134 1293 quae
2175 1230 2398 1280 denomi-

147 1313 287 1356 netur
338 1307 683 1369 sesquialtera:
738 1321 921 1369 quaero
974 1307 1160 1356 radices
1211 1306 1272 1355 de
1311 1309 1345 1354 4
1399 1312 1450 1354 et·
1487 1307 1543 1366 9,
1601 1321 1727 1369 quae
1776 1311 1889 1354 sunt
1927 1308 1956 1353 2
1999 1311 2048 1352 ει
2087 1306 2144 1366 3;
2204 1310 2252 1352 ει
2295 1305 2399 1367 jam

153 1383 183 1428 2
226 1417 239 1428 .
279 1382 309 1427 2
350 1416 362 1429 .
405 1383 433 1427 2
481 1401 540 1420 =
586 1381 632 1437 8,
675 1381 722 1428 3.
762 1382 810 1427 3.
852 1381 882 1428 3
928 1400 988 1420 =
1033 1383 1125 1440 27,
1179 1387 1253 1428 est
1288 1381 1437 1442 igitur
1485 1379 1641 1428 altera
1677 1379 1896 1442 simplex>
1930 1379 2154 1441 quaesita
2205 1378 2330 1425 inter
2370 1379 2399 1425 8

146 1459 195 1502 et
233 1455 317 1502 27.
393 1452 582 1514 Quodsi
619 1455 867 1516 proportio
904 1453 1233 1516 proportionis
1281 1452 1425 1502 datae
1469 1451 1646 1502 debeat
1692 1466 1799 1501 esse
1844 1447 2036 1521 ²⁰⁰s203,
2092 1450 2398 1514 quaerendae

152 1533 314 1575 essent
351 1527 540 1575 radices
578 1529 887 1574 terminorum
928 1527 1177 1575 centesimi
1217 1526 1396 1575 ordinis
1444 1531 1492 1575 et
1540 1532 1654 1574 tunc
1694 1525 1995 1589 singularum
2033 1525 2249 1573 radicum
2291 1526 2395 1572 203

146 1602 197 1646 in
235 1613 288 1647 se
327 1605 490 1650 essent
527 1598 953 1662 multiplicandae,
1006 1613 1149 1662 quem
1187 1597 1405 1648 laborem
1455 1604 1509 1647 ut
1562 1614 1750 1648 sumam
1807 1599 1944 1648 Deus
1995 1603 2213 1659 avertat;
2273 1598 2398 1646 sub-

145 1673 312 1722 levant
362 1679 525 1722 autem
574 1687 685 1720 eum
733 1672 1012 1734 logarithmi
1049 1673 1227 1735 Neperi
1274 1673 1416 1722 facile
1461 1674 1512 1719 in
1558 1672 1760 1721 rudibus
1807 1673 2033 1722 numeris.
2123 1670 2398 1734 Diligenter

149 1748 296 1807 igitur
333 1752 408 1795 est
445 1745 818 1806 attendendum,
873 1745 1069 1808 quando
1109 1747 1358 1808 quantitas
1397 1745 1565 1808 aliqua
1602 1745 1808 1809 simplex
1861 1745 1941 1794 vel
1979 1744 2171 1793 sensilis
2212 1745 2399 1792 dicatur

144 1819 344 1867 alterius
389 1819 623 1882 simplicis
679 1821 969 1881 quantitatis
1007 1819 1359 1882 sesquialtera,
1428 1825 1477 1867 et
1515 1818 1710 1881 quando
1773 1820 2021 1882 proportio
2075 1817 2400 1881 proportionis

146 1891 336 1940 dicatur
382 1906 488 1941 esse
540 1891 874 1954 sesquialtera.
956 1893 1018 1940 Et
1068 1893 1192 1941 haec
1240 1891 1565 1941 consideratio
1618 1894 1814 1941 omnino
1861 1892 2022 1940 locum
2054 1892 2400 1940 ‘necessarium

142 1965 291 2014 habet
317 1967 375 2012 ”m
414 1965 596 2013 mundo
634 1972 831 2028 propter
868 1967 1023 2028 ipsam
1050 1964 1379 2014 conditionem
1407 1980 1662 2015 causarum
1696 1967 2013 2014 moventium.
2089 1964 2198 2013 Non
2237 1970 2402 2028 potest

145 2040 274 2088 enim
313 2038 596 2102 simpliciter
633 2041 816 2101 quaeri,
860 2053 985 2101 quae
1021 2041 1086 2086 sit
1123 2041 1372 2102 proportio
1410 2038 1644 2102 periodici
1670 2038 1902 2102 temporis
1940 2037 2003 2087 ad
2029 2037 2400 2100 amplitudinem

150 2112 309 2172 orbis,
362 2118 525 2161 essent
561 2114 687 2160 enim
724 2114 821 2160 ista
861 2113 1159 2161 diversorum
1196 2127 1455 2176 generum,
1509 2114 1581 2161 ibi
1618 2118 1833 2176 tempus,
1880 2112 1962 2161 hic
1997 2112 2252 2160 lineaseu
2292 2111 2401 2160 dia-

147 2191 327 2247 mete13
365 2199 456 2234 nec
493 2199 579 2248 per
617 2199 783 2234 omnes
821 2185 1045 2248 planetas
1083 2191 1247 2249 potest
1285 2200 1392 2236 esse
1431 2185 1626 2247 eadem,
1667 2188 1785 2249 quia
1819 2200 1917 2234 non
1955 2184 2084 2234 idem
2123 2187 2263 2249 vigor
2299 2187 2401 2233 vir-

143 2259 262 2307 tutis
301 2261 544 2307 moventis
582 2258 714 2322 apud
736 2273 929 2307 omnes,
1006 2259 1128 2308 Cum
1169 2272 1380 2322 quaere,
1436 2274 1562 2321 quae
1601 2261 1665 2307 sit
1700 2261 1951 2323 proportio
1993 2258 2182 2322 periodi
2222 2258 2282 2307 ad
2323 2272 2403 2307 or-

141 2331 267 2393 bem,
307 2334 475 2395 inepta
513 2337 587 2380 est
627 2334 868 2394 quaestio,
910 2334 1029 2395 quia
1066 2333 1297 2396 periodus
1337 2337 1410 2382 est
1449 2339 1657 2396 tempus,
1698 2334 1827 2382 orbis
1869 2338 1944 2382 est
1966 2332 2097 2381 linea
2136 2329 2402 2397 (hocloco)

145 2417 232 2453 seu
285 2407 390 2454 iter.
471 2404 593 2453 Cum
639 2419 757 2454 vero
806 2420 1011 2468 quaero,
1065 2419 1192 2469 quae
1245 2409 1308 2455 sit
1352 2408 1603 2470 proportio
1642 2406 1951 2470 periodorum
1999 2405 2062 2454 ad
2103 2406 2271 2466 orbeS,
2322 2405 2402 2454 hic

140 2477 603 2541 subintelligendum
645 2484 723 2527 est
755 2477 965 2541 aliquid,
1008 2479 1194 2528 scilicet
1234 2481 1281 2526 in
1321 2479 1452 2528 hunc
1487 2480 1712 2528 modum:
1766 2494 1894 2543 quae
1935 2479 2284 2542 sit‘proportio
2322 2493 2402 2528 re·-

146 2551 396 2614 duplicata
433 2553 760 2615 proportionis
799 2552 1033 2614 simplicis
1070 2549 1381 2616 periodorum
1421 2552 1483 2601 ad
1509 2555 1873 2616 proportionem
1900 2552 2166 2615 simplicem
2195 2552 2398 2600 orbium.

144 2624 268 2672 Nam
307 2624 431 2674 haec
466 2624 698 2672 fortitudo
751 2639 835 2673 seu
872 2628 1096 2674 remissio
1147 2628 1312 2689 potius
1363 2628 1578 2675 metricis
1618 2641 1797 2676 causae
1847 2627 2243 2690 proportionatur
2280 2627 2400 2687 ipsis

143 2696 389 2747 distantiis
425 2697 734 2760 planetarum
773 2698 1025 2747 mobilium
1066 2711 1095 2747 a
1133 2699 1262 2761 Sole,
1303 2700 1436 2749 fonte
1474 2706 1652 2762 motus,
1697 2700 1890 2763 legibus
1927 2713 2023 2747 non
2062 2699 2401 2762 archetypicis,

147 2783 245 2819 non
300 2771 505 2820 consilio
565 2772 824 2833 quaesitis,
882 2771 966 2821 sed
1019 2774 1309 2822 necessitate
1359 2775 1678 2835 geometrica,
1739 2787 1887 2837 quam
1926 2786 2018 2836 ego
2068 2772 2131 2820 ad
2169 2773 2402 2821 materiae

146 2846 490 2893 necessitatem
528 2844 706 2893 referre
743 2844 894 2905 soleo,
934 2849 988 2893 ut
1025 2847 1088 2894 sit
1124 2848 1271 2894 etiam
1312 2860 1402 2895 sua
1438 2847 1735 2910 geometriae
1760 2846 1966 2895 materia
2007 2846 2077 2909 (tu
2105 2844 2185 2894 bic
2212 2850 2260 2894 et
2284 2845 2403 2893 alibi

88 2978 98 2986 ,
141 2930 219 2965 me
267 2920 451 2980 poteris
505 2919 698 2980 egregie
743 2917 919 2979 juvare
958 2918 1316 2982 suppeditando
1353 2920 1599 2969 vocabula
1649 2919 1854 2978 idonea,
1914 2933 1973 2967 ex
2013 2919 2189 2981 quibus
2236 2918 2401 2981 philo-

144 2990 349 3054 sophiae
386 2992 601 3039 usitatae
648 2990 790 3053 periti
840 2997 1050 3040 mentem
1089 3006 1246 3041 meam
1297 3005 1469 3055 capere
1506 2992 1732 3055 possint).
1810 2990 1996 3053 Quodsi
2043 2997 2172 3040 esset
2209 2991 2400 3055 pondus

144 3062 272 3112 idem
312 3062 769 3112 circumvehendum
816 3062 866 3111 in
906 3065 1130 3113 omnibus
1169 3066 1398 3126 orbibus,
1450 3079 1547 3113 non
1589 3064 1789 3113 dubium
1830 3071 1924 3126 est,
1986 3066 2100 3127 quin
2149 3067 2399 3128 proportio

141 3135 499 3198 periodicorum
537 3137 700 3185 sutura
737 3137 883 3184 suerit
919 3136 1067 3199 dupla
1106 3137 1168 3187 ad
1206 3139 1567 3201 proportionem
1617 3137 2007 3198 intervallorum,
2061 3138 2172 3201 lege
2209 3153 2398 3186 rursum

142 3212 436 3270 geometrica
490 3215 540 3260 et
585 3211 877 3259 necessitate
924 3211 1190 3270 materiali,
1243 3213 1359 3273 quia
1412 3217 1603 3274 tempus
1640 3210 1955 3274 periodicum·
1995 3214 2301 3275 componitur
2340 3226 2399 3260 ex

142 3286 346 3346 utraque
385 3297 465 3332 re.-
524 3280 571 3347 1)
610 3297 668 3331 ex
708 3282 836 3331 dicta
861 3276 1158 3332 'remissione
1198 3285 1380 3346 vigoris
1418 3287 1683 3345 moventis,
1737 3290 1791 3333 ut
1830 3286 2035 3347 quisque
2071 3285 2273 3347 planeta
2311 3298 2398 3332 ex-

144 3356 316 3415 terior,
373 3352 427 3421 2)
466 3369 523 3405 ex
570 3356 851 3419 prolixitate
898 3356 1085 3418 circuli3
1143 3369 1344 3418 quarum
1385 3356 1587 3406 duarum
1626 3373 1784 3407 rerum
1830 3364 2036 3421 utraque
2075 3356 2209 3424 (quia
2247 3360 2398 3406 inter-

146 3427 327 3476 vallum
370 3434 445 3476 est
482 3429 614 3477 orbis
641 3428 1019 3495 semidiameter)
1057 3431 1452 3492 proportionatur
1476 3430 1745 3480 intervallis
1773 3433 1820 3478 in
1848 3432 2163 3497 proportione
2190 3431 2395 3494 simpla;

140 3499 339 3561 junctae
385 3503 533 3563 igitur
588 3503 637 3549 in
685 3503 999 3565 proportione
1057 3501 1220 3564 dupla.
1295 3501 1432 3553 Haec
1481 3505 1628 3567 igitur
1677 3506 1923 3568 proportio
1973 3504 2282 3567 periodorum
2335 3503 2395 3551 ad

145 3572 283 3622 orbes
323 3580 399 3623 est
435 3574 604 3623 eadem
657 3589 744 3638 per
783 3587 949 3624 omnes
989 3574 1128 3638 bigas
1165 3573 1469 3637 planetarum
1521 3583 1767 3640 utcunque
1806 3582 2168 3641 coaptatorum,
2227 3583 2396 3638 estque

144 3658 239 3693 non
278 3646 590 3709 aequalitatis
627 3650 903 3711 proportio,
958 3653 1012 3695 ut
1051 3649 1337 3697 concinnum
1378 3651 1536 3699 visum
1590 3656 1665 3700 est
1701 3650 1972 3701 Aristoteli.
2052 3650 2147 3700 Sed
2195 3663 2285 3697 nec
2324 3654 2397 3696 est

146 3716 295 3780 dupla
333 3722 596 3783 proportio,
635 3727 691 3769 ut
727 3720 883 3771 videri
923 3720 1070 3769 alicui
1108 3723 1284 3784 possit,
1325 3736 1420 3771 non
1461 3725 1623 3773 omnia
1662 3724 1768 3786 ejus
1804 3726 2043 3787 principia
2086 3721 2393 3785 expendenti,

149 3788 232 3836 sed
271 3797 344 3839 eet
379 3795 630 3856 proportio
669 3794 990 3856 sesquialtera
1026 3808 1112 3856 per
1151 3806 1317 3844 omnes
1342 3796 1482 3859 bigas
1505 3797 1829 3861 planetarum.
1905 3795 2075 3846 Utrum
2113 3808 2226 3844 vero
2265 3808 2393 3856 pon-

152 3860 240 3912 dus
278 3862 406 3913 idem
443 3865 492 3914 in
530 3867 758 3916 omnibus
795 3866 1007 3931 planetis
1046 3879 1153 3917 esse
1175 3866 1364 3931 debeat,
1406 3883 1468 3921 an
1507 3870 1721 3934 diversa,
1773 3875 1822 3921 et
1859 3870 1907 3917 in
1947 3882 2044 3934 qua
2079 3867 2390 3932 proportione
