2554 4140
217 154 322 202 366
1034 147 1271 203 Epitomes
1301 147 1621 192 Astronomiae

217 311 394 346 curvae
433 301 596 344 essent
635 294 722 343 OD
764 300 811 343 et
850 293 971 356 GH,
1012 301 1172 344 tamen
1211 295 1281 342 ibi
1319 309 1590 344 convexum
1630 294 1808 345 OGDL
1848 311 1900 345 se
1939 298 2152 347 insinuat
2197 313 2320 347 cavo
2359 300 2464 364 OD,

214 371 292 419 hic
358 382 628 417 convexum
687 366 909 416 ΜΘΗΝν
950 369 1220 417 obvertitur
1284 368 1377 430 ipsi
1434 366 1530 415 GH
1587 371 1764 430 speciei
1822 369 1977 430 lucia,
2045 385 2215 419 versus
2268 371 2466 421 Terram

212 455 475 491 convexae.
1461 456 1463 459 ’

357 514 412 562 Si
461 512 720 575 appendix
766 515 865 561 ista
899 513 1160 576 yraduum
1198 512 1293 558 133
1343 511 1413 558 ad
1449 513 1668 574 synodos
1703 516 1764 560 12
1801 516 1857 561 in
1896 529 2037 562 anno
2075 515 2265 564 sidereo
2301 523 2370 563 est
2404 530 2466 564 ex

209 589 502 635 incitatione
538 587 630 635 illa
667 587 904 649 copulari
940 592 1103 634 motus
1141 583 1347 643 Lunae,
1399 585 1646 645 oportebit
1695 593 1742 633 et
1778 590 2117 649 quantitatem
2155 591 2467 637 incitationis

209 661 346 708 illius
381 658 693 721 respondere.
771 659 1011 721 Equidem
1050 658 1277 721 incitatur
1314 657 1446 718 apud
1483 656 1770 720 Tychonem
1808 658 1970 708 Brahe
2006 667 2169 708 motus
2209 661 2378 708 Lunae
2417 663 2466 707 in

212 747 308 780 uno
347 731 501 794 gradu
540 734 595 778 in'
628 731 815 794 copulis
861 733 908 777 1¹
951 728 1068 788 261‘,
1110 729 1397 777 tantundem
1436 735 1485 777 et
1520 731 1794 779 retardatur
1831 733 1877 778 iu
1921 746 2017 780 uno
2055 733 2207 794 gradu
2254 735 2302 780 in
2341 745 2466 795 qua-

215 805 340 853 dris:
381 818 531 866 quare
570 805 612 852 si
650 804 910 852 retardatio
952 802 1170 866 deleatur
1205 816 1294 864 per
1331 801 1573 864 duplicem
1610 804 1958 863 incitationem,
2002 806 2091 853 erit
2129 809 2342 854 maxima
2381 819 2467 854 co-

210 877 435 941 pularum
472 877 691 926 incitatio
732 878 783 923 2¹
824 877 942 923 5211.
1001 873 1164 935 Quare
1201 877 1241 922 si
1281 876 1496 923 omnium
1535 876 1604 924 90
1642 877 1880 938 graduum
1919 879 2054 926 sinus
2092 878 2317 940 quadrati
2355 892 2469 942 por·-

212 949 608 1000 tinnculassuas
646 951 695 995 in
738 963 880 996 unam
920 961 1158 995 summam
1198 947 1462 1008 conferant,
1502 949 1918 998 accumulabimus
1947 948 2003 997 2⁰
2032 953 2101 1015 9‘,
2137 953 2183 998 iu
2218 965 2347 999 anno
2374 953 2470 1015 igi-

212 1031 289 1072 tur
326 1023 515 1072 sidereo
559 1019 687 1070 106ο
726 1023 829 1082 22’,
867 1034 962 1068 non
1004 1035 1120 1068 vero
1166 1019 1293 1068 132ο
1331 1021 1434 1068 45‘.
1479 1032 1483 1033 ⁷

358 1098 423 1143 At
460 1097 614 1158 primo
648 1107 746 1141 uon
773 1099 847 1141 est
873 1095 1140 1141 certissima
1163 1095 1413 1155 quantitas
1438 1095 1677 1142 maximae
1704 1096 1991 1143 variationis
2016 1095 2147 1158 apud
2171 1095 2468 1159 Tychonem‚

213 1171 298 1233 qui
336 1183 442 1218 eam
482 1170 528 1215 in
568 1166 720 1227 gradu
760 1165 870 1214 45⁶0
908 1166 1104 1214 exhibet
1143 1163 1326 1234 40's2‘,
1375 1167 1542 1228 itaque
1579 1169 1621 1215 si
1661 1181 1720 1215 ea
1757 1173 2001 1215 statuatur
2040 1170 2148 1229 51‘,
2201 1182 2469 1231 aequamus

213 1256 448 1291 summam
489 1240 852 1304 praescriptam,
891 1245 1055 1287 sumta
1092 1240 1233 1302 primi
1271 1238 1451 1300 gradus
1490 1239 1773 1288 incitatione
1802 1243 1854 1288 3¹
1880 1241 1986 1288 34¹¹
2013 1241 2137 1288 40“‘
2173 1241 2280 1306 (seu
2316 1243 2471 1290 forma

213 1315 460 1378 Tychouis
514 1315 559 1360 1¹
608 1313 714 1359 47⁰
768 1313 890 1359 20“‘
937 1317 985 1360 et
1035 1312 1229 1374 aequali
1276 1311 1604 1360 retardatione
1653 1315 1959 1375 nonagesimi
2011 1327 2099 1364 seu
2153 1316 2201 1361 in
2249 1315 2468 1378 quadris)

215 1388 553 1449 colligiturque
592 1386 664 1433 sic
702 1386 748 1430 in
788 1399 886 1433 uno
926 1384 1196 1447 quadrante
1235 1399 1426 1432 summa
1465 1381 1523 1431 2⁰
1561 1386 1665 1444 41‘,
1705 1399 1832 1448 quae
1871 1386 2016 1446 infra,
2059 1401 2169 1435 cum
2208 1386 2268 1435 de
2307 1390 2468 1436 causis

218 1459 621 1522 inaequalitatum
661 1472 877 1520 agemus,
918 1472 1146 1518 magnam
1181 1459 1402 1520 acquiret
1427 1457 1912 1508 verisimilitudinem.
1970 1458 2161 1508 Deinde
2190 1461 2231 1507 si
2258 1461 2468 1510 maxime

214 1533 510 1582 retineamus
560 1532 881 1592 quantitatem
913 1530 1247 1594 Tychouicam
1291 1544 1495 1593 parvam
1533 1532 1580 1576 in
1620 1531 1772 1593 gradu
1813 1530 1944 1591 45²⁰,
1994 1539 2195 1596 possent
2242 1539 2292 1582 et
2327 1538 2469 1583 ante-

215 1606 439 1654 cedentes
479 1610 529 1652 et
565 1610 823 1666 sequentes
862 1602 962 1651 alia
998 1603 1177 1663 forma,
1230 1617 1378 1666 quam
1425 1610 1500 1651 est
1536 1603 1838 1666 Tychonica‚
1889 1603 2177 1654 distributae
2228 1618 2465 1654 summam

216 1679 403 1727 efficere
443 1682 686 1741 optatam,
726 1682 813 1724 aut
850 1676 1004 1725 latent
1040 1690 1131 1724 nos
1170 1690 1347 1725 causae
1384 1675 1668 1738 minutulae,
1707 1691 1835 1740 quae
1874 1677 2193 1729 nonnihil.de
2234 1679 2329 1727 illis
2369 1681 2467 1727 133
2542 1689 2554 1706 ·

215 1751 413 1800 demunt
450 1751 499 1797 in
538 1750 825 1797 variationis
863 1751 1168 1797 tractatione.
1222 1754 1323 1806 (Otr.
1357 1760 1499 1796 annot.
1525 1753 1614 1804 58.)

364 1823 482 1888 Qua
532 1825 692 1884 ἐρίων
733 1825 1062 1883 proportione
1110 1821 1438 1870 distributum
1479 1826 1636 1882 putas
1679 1829 1873 1871 motum
1923 1823 2105 1871 Lunae
2154 1829 2471 1871 menstruum

212 1898 350 1945 cirea
395 1896 607 1944 Terram
655 1898 789 1943 inter
837 1895 929 1943 has
979 1895 1109 1943 duas
1153 1909 1358 1954 causas,
1414 1890 1630 1955 speciem
1671 1897 1854 1943 scilicet
1908 1899 2134 1957 corporis
2177 1896 2389 1945 Telluris
2426 1901 2472 1945 et

214 1970 462 2019 circulum
509 1970 902 2017 illuminationis
945 1967 1260 2031 corporum?
1311 1966 1575 2026 Videmus,
1625 1966 1739 2015 dum
1778 1968 1947 2017 Tellus
1985 1970 2113 2017 circa
2149 1982 2292 2017 suum
2330 1978 2475 2016 axem

214 2042 482 2092 revolvitur
532 2043 718 2101 tricieS,
771 2042 929 2088 minus
981 2055 1127 2102 quam
1167 2042 1367 2089 semisse
1407 2039 1596 2099 demto,
1644 2040 1835 2089 Lunam
1875 2043 2064 2090 iuterim
2105 2043 2233 2091 circa
2271 2041 2471 2090 Terram
2540 2076 2542 2078 -

217 2115 372 2164 redire
411 2113 586 2170 semel,
640 2129 670 2162 a
709 2113 830 2162 Sole.
862 2113 1051 2162 scilicet
1087 2113 1150 2161 ad
1188 2112 1370 2161 Solem.
1445 2111 1523 2160 Ita
1559 2112 1638 2173 fit,
1681 2119 1737 2161 ut
1774 2115 1824 2161 in
1862 2127 1960 2162 uuo
1999 2127 2129 2162 anno
2167 2128 2255 2163 seu
2293 2113 2468 2163 diebus
2532 2126 2552 2139 ·’

224 2189 345 2237 365.
386 2187 435 2237 h.
478 2189 524 2236 6.
567 2188 616 2235 9‘
657 2187 760 2234 26‘1
815 2185 958 2234 Luna
1005 2184 1267 2234 duodecies
1313 2190 1584 2234 revertatur
1634 2191 1683 2235 et
1733 2186 1792 2234 de
1844 2188 2151 2236 revolutione
2203 2186 2468 2236 tredecima

216 2261 327 2325 plus
364 2274 512 2323 quam
548 2260 787 2319 trientem,
827 2259 922 2308 hoc
959 2265 1034 2307 est
1063 2258 1191 2306 132⁰
1227 2267 1335 2308 cum
1374 2257 1608 2306 dodrante
1635 2258 1851 2320 adjiciat.
1905 2260 2472 2322 Consentaneumigitur
2520 2251 2530 2255 ’

217 2339 312 2394 est,
365 2336 436 2382 sic
484 2338 854 2395 attemperatam
906 2345 1014 2380 esse
1069 2330 1359 2380 densitatem
1413 2331 1643 2380 materiae
1691 2334 1740 2378 in
1779 2346 1978 2395 corpore
2016 2332 2188 2382 Lunae
2226 2332 2289 2381 ad
2327 2332 2468 2381 illum

216 2406 416 2469 gradum
456 2405 822 2468 archetypicum
857 2404 1154 2452 fortitudinis
1190 2406 1236 2451 in
1277 2406 1438 2467 specie
1474 2405 1686 2465 corporis
1713 2404 1936 2465 Telluris,
1978 2412 2031 2453 ut
2056 2406 2148 2454 nisi
2177 2404 2470 2454 illuminatio

217 2479 474 2541 adjuvaret
513 2477 722 2527 Telluris
768 2476 1136 2526 revolutionem.
1175 2476 1395 2525 diurnam
1439 2482 1487 2524 et
1524 2491 1609 2540 per
1643 2476 1772 2525 hauc
1807 2480 1954 2526 etiam
1992 2478 2161 2528 Lunae
2202 2481 2487 2541 promotio-r
2528 2519 2552 2546 a

215 2568 341 2613 nem,
382 2554 488 2616 ipsa
515 2551 657 2599 Luna
691 2551 900 2614 simplici
940 2552 1117 2599 virtute
1155 2552 1356 2599 motrice
1395 2549 1606 2598 Telluris
1645 2550 1793 2613 paulo
1834 2550 2034 2612 tardius,
2075 2553 2300 2599 nimirum
2326 2565 2472 2615 prae-o

218 2628 315 2675 cise
354 2625 615 2674 duodecies
654 2638 906 2672 reversura
943 2623 1100 2671 fuerit.
1180 2622 1292 2671 Hoc
1327 2625 1489 2687 posito
1527 2625 1760 2685 sequitur,
1801 2624 2020 2672 residuos
2048 2631 2096 2672 et
2123 2625 2275 2673 veluti
2300 2639 2472 2688 super·
2521 2622 2525 2626 ’

216 2700 514 2747 numerarios
553 2697 666 2746 illos
699 2694 823 2744 132⁰
861 2711 969 2745 cum
1010 2695 1245 2744 dodrante
1283 2695 1602 2745 revolutionis
1640 2695 1931 2745 tredecimae
1967 2697 2227 2747 inchoatae
2250 2696 2473 2747 ferendos

219 2786 326 2821 esse
364 2776 593 2834 acceptos
631 2769 772 2818 alteri
809 2783 986 2818 causae
1024 2770 1229 2830 motrici,
1269 2783 1336 2817 sc.
1375 2768 1734 2816 illuminationi.
2464 2806 2470 2827 k

366 2844 646 2892 Densitatis
690 2845 849 2904 iyitur
891 2845 947 2889 in
998 2850 1206 2904 corpore
1247 2842 1429 2890 Lunae
1465 2847 1919 2904 temperamentum
1958 2846 2193 2904 aestimas
2230 2845 2293 2890 12
2326 2843 2492 2899 reve-J

221 2917 497 2966 tutionibus
533 2915 716 2965 Lunae
751 2917 811 2963 in
845 2930 952 2964 uno
989 2929 1152 2976 ann03
1209 2929 1364 2976 quam
1401 2914 1556 2974 hujus
1589 2917 1794 2962 numeri
1831 2930 2040 2964 causam
2077 2916 2208 2964 dices
2244 2916 2472 2978 archam*

218 2990 427 3052 picam?
480 2989 646 3038 Causa
683 2987 875 3037 videtur
926 3001 1035 3035 esse
1073 2989 1344 3051 composita
1381 3001 1441 3034 ex
1481 2986 1835 3050 pulchritudine
1875 2991 2172 3051 geometrica
2209 2995 2259 3037 et
2297 3003 2358 3037 ex
2395 2988 2474 3037 of·-
2534 3033 2538 3035 .

220 3062 329 3110 ficio
379 3063 606 3126 planetae
656 3062 803 3124 hujus
849 3062 896 3108 in
947 3059 1156 3120 mundo,
1206 3063 1254 3107 in
1302 3059 1431 3108 hunc
1479 3059 1694 3109 modum.
1773 3061 1859 3108 Est
1906 3063 2034 3110 enim
2084 3062 2227 3110 Luna
2275 3061 2475 3125 planetu

220 3136 532 3184 secundarius
571 3141 619 3184 et
658 3135 853 3183 Terrae.
887 3133 1098 3181 tributus
1137 3135 1360 3197 circaque
1400 3132 1600 3182 Terram
1637 3133 1863 3195 privatim
1901 3149 2018 3182 suos
2058 3148 2226 3182 cursus
2265 3139 2468 3182 exercet.

221 3206 336 3255 Jam
375 3222 490 3256 voro
518 3208 698 3257 Terrae
738 3207 1106 3255 destinabantur
1142 3205 1475 3255 revolutiones
1512 3206 1632 3263 360,
1673 3207 1863 3254 interim
1901 3206 2015 3254 dum
2054 3214 2269 3256 centrum
2297 3195 2503 3256 Terrae

222 3280 376 3328 semel
417 3282 548 3328 eirca
582 3280 748 3329 Solem
796 3281 1068 3328 revertitur.
1145 3274 1282 3328 Sicut
1325 3279 1472 3340 igitur
1507 3277 1680 3325 Lunae
1726 3279 1858 3326 orbis
1906 3281 1955 3325 in
2001 3280 2330 3342 superioribus
2367 3292 2474 3327 me·-

225 3351 356 3400 dium
394 3353 755 3416 proportionale
792 3353 896 3401 fieri
937 3352 1105 3401 debuit
1142 3355 1264 3400 inter
1303 3365 1478 3415 corpus
1506 3350 1714 3399 Telluris
1754 3357 1802 3399 et
1837 3351 2018 3412 orbem,
2060 3355 2106 3399 in
2135 3367 2232 3414 quo
2261 3358 2477 3410 centrum

227 3424 408 3473 Terrae
454 3439 589 3484 vere,
643 3425 727 3474 Sol
777 3430 1091 3488 apparenter,
1139 3426 1372 3484 cirmmit,
1426 3426 1498 3472 sic
1547 3425 1694 3472 etiam
1729 3423 2061 3473 revolutiones
2100 3425 2270 3474 Lunae
2311 3424 2500 3487 plures,

225 3511 348 3558 uua,
396 3498 650 3560 pauciores
687 3513 804 3546 vero
844 3513 992 3560 quam
1031 3499 1137 3546 360
1175 3511 1285 3546 esse
1323 3497 1607 3545 debuerunt.
1684 3496 1747 3544 Et
1784 3496 1997 3561 medium
2036 3497 2232 3559 quidem
2267 3510 2472 3561 proper-q

223 3569 406 3619 tionale
445 3571 568 3618 inter
612 3572 631 3616 l
678 3575 726 3616 et
766 3571 866 3617 361
910 3577 982 3618 est
1027 3572 1120 3631 193
1161 3570 1250 3619 sed
1288 3572 1404 3632 quia
1441 3578 1673 3618 numerus
1711 3569 1811 3616 361
1853 3584 1951 3617 non
1990 3578 2064 3619 est
2104 3572 2236 3630 360,
2275 3583 2366 3619 nec
2406 3569 2474 3617 18

2543 3318 2554 3476 ἑ

2541 3486 2554 3565 4

2539 3570 2554 3633 ,ζ

225 3643 376 3692 ullam
423 3641 574 3691 habet
621 3640 1051 3703 pulchritudinem,
1107 3657 1197 3692 nec
1244 3644 1588 3704 geometricam
1634 3655 1726 3690 nec
1773 3641 2130 3691 harmonicam:
2189 3642 2287 3691 duo
2327 3643 2471 3704 igitur
2537 3645 2554 3694 r

224 3718 319 3779 ipsi
362 3716 425 3763 19
463 3714 691 3777 proximi,
741 3714 823 3774 qui
863 3715 911 3760 in
949 3729 1000 3762 se
1041 3714 1170 3763 ducti
1212 3717 1314 3765 360
1354 3714 1621 3774 efficerent,
1668 3712 1911 3776 iidemque
1949 3716 2230 3777 geometrici
2270 3720 2318 3764 et
2355 3715 2472 3763 har-0
2535 3724 2554 3764 r.

225 3789 404 3837 monici
451 3785 757 3850 pulcherrimi
799 3784 1065 3834 debuerunt
1106 3789 1234 3849 eligi.
1312 3787 1526 3835 Proximi
1562 3785 1759 3849 quidem
1799 3788 1882 3849 qui
1925 3789 2029 3836 360
2068 3787 2311 3847 efficiunt,
2346 3788 2471 3835 suu&
2533 3778 2554 3850 j}

231 3863 295 3909 18
337 3867 385 3909 et
423 3861 507 3918 20,
548 3860 664 3921 quia
701 3857 810 3906 sola
848 3859 1034 3907 unitate
1072 3866 1146 3907 est
1183 3859 1265 3909 ille
1303 3862 1475 3921 minor,
1514 3859 1594 3908 hic
1631 3859 1786 3919 maJor
1824 3874 1974 3921 quam
2004 3863 2099 3922 193
2137 3866 2188 3909 at
2222 3860 2377 3921 figura
2403 3857 2473 3907 1ss
2532 3872 2544 3907 τ
