2554 4140
124 180 129 186 Κ
159 119 265 169 494
993 111 1231 168 Epitomes
1247 86 1579 156 'Astronomiae

167 259 710 319 enneakaedecae‘teris,
759 258 910 308 Arato
961 258 1229 318 celebrata,
1274 257 1465 320 longior
1505 262 1532 306 7
1543 261 1571 306 6
1611 267 1868 322 annorum,
1921 276 2046 324 quae
2092 262 2183 309 fuit
2222 252 2415 324 Calippl

161 332 412 397 periodus;
454 331 748 392 longissima
797 338 844 379 et
893 334 1256 380 accuratissima
1292 330 1561 393 Hipparchi
1609 338 1816 394 quatuor
1855 334 2131 398 (alippicas
2172 334 2415 397 complec-

161 410 301 466 titur,
357 410 430 452 est
483 406 608 452 enim
658 417 893 452 annorum
943 406 1075 464 304,
1130 418 1253 467 quos
1303 406 1428 452 intra
1479 404 1582 452 dies
1639 419 1736 453 una
1790 406 1848 455 de
1901 408 2171 456 rationibus
2225 405 2415 468 Calippi

173 478 394 527 demitur.

290 549 432 597 Cum
458 562 573 597 vero
602 548 1117 598 enneakaedecae'teris
1155 563 1243 596 seu
1282 548 1512 611 periodus
1551 547 1801 610 Galippica
1842 553 1906 599 76
1946 566 2181 600 annorum
2220 564 2415 599 accom-

164 622 388 671 modatur
428 621 719 669 ordinationi
759 623 872 669 anni
907 620 1094 669 ‚Iuliani
1134 627 1182 669 et
1221 621 1555 669 observationi
1592 620 1790 669 Judaici
1830 623 1974 687 cycli,
2028 625 2212 672 dierum
2252 629 2417 686 septe-

161 710 276 743 num
315 695 548 758 perpetui,
587 693 811 756 equidem
837 693 1038 742 Juliana
1074 696 1197 741 ratio
1237 708 1322 756 per
1358 708 1411 742 se
1452 696 1668 742 continet
1706 695 1895 757 cyclum
1933 711 2167 744 annorum
2191 703 2418 758 quatuor,

162 782 286 831 quos
325 769 475 827 intra,
525 773 578 820 ut
615 781 761 830 supra
799 769 846 814 in
887 766 1073 814 theoria
1110 765 1237 813 Solis
1277 773 1331 819 et,
1363 766 1487 814 libro
1526 766 1619 813 ΙΙΙ.
1660 775 1733 814 est
1774 767 1969 827 dictum,
2008 783 2132 835 uuus
2172 771 2417 816 bissextus

163 839 493 898 intercalatur,
534 841 618 902 qui
658 845 864 901 quatuor
902 840 1046 886 sumti
1072 840 1267 901 septieS,
1307 846 1362 887 ut
1399 853 1498 886 una
1524 845 1572 886 et
1609 839 1852 887 bissextus
1881 847 1929 887 et
1966 841 2085 889 feria
2119 844 2419 906 septimanae

166 928 255 962 seu
292 913 433 960 litera
471 912 774 964 dominicalis
812 910 993 971 redeat,
1034 911 1292 959 conficiunt
1318 912 1446 960 Solis
1487 911 1676 974 cyclum
1717 911 1898 960 dictum
1936 927 2171 961 annorum
2211 914 2413 961 28.1n

165 986 293 1035 hanc
345 987 491 1047 igitur
541 994 776 1040 summam
835 983 1006 1032 ductus
1059 998 1285 1032 numerus
1338 998 1573 1032 annorum
1624 985 1983 1045 novemdecim,
2039 987 2203 1048 cyclus
2254 985 2422 1033 Lunae

159 1059 339 1117 edictus,
379 1056 573 1107 conficit
610 1049 860 1121 periodum
901 1071 1137 1105 annorum
1178 1058 1278 1104 532
1319 1039 1596 1121 politicum,
1647 1074 1676 1105 a
1714 1058 1951 1121 Dionysio
1991 1057 2186 1106 Abbate
2223 1060 2420 1106 auctore

166 1131 560 1192 denominatum3
600 1136 711 1194 post
745 1136 942 1178 exactos
981 1129 1180 1178 totidem
1209 1144 1363 1178 annos
1402 1144 1569 1178 omnes
1609 1135 1656 1177 et
1682 1131 1883 1179 bissexti
1924 1137 1971 1178 et
2009 1131 2172 1179 seriae
2184 1138 2231 1179 et
2272 1133 2420 1178 inter-

168 1205 354 1254 calares
393 1218 582 1251 menses
625 1202 792 1251 eodem
833 1202 997 1250 ordine
1034 1203 1252 1262 redeunt,
1294 1217 1573 1265 quanquam
1612 1203 1690 1251 hic
1729 1203 1893 1266 cyclus
1934 1205 2138 1251 vitiosus
2178 1209 2264 1263 est,
2307 1205 2423 1265 quia

164 1280 378 1326 rationes
406 1275 681 1339 Calippicas
722 1282 866 1335 tenet,
907 1274 1129 1337 neglecta
1168 1278 1466 1324 correctione
1495 1274 1780 1338 Hipparchi,
1822 1276 1947 1324 unde
1986 1277 2094 1340 plus
2134 1291 2280 1339 quam
2318 1290 2424 1324 ses-

169 1350 330 1414 quidie
370 1350 582 1396 rationes
618 1348 783 1397 Lunae
823 1349 1025 1406 excedit,
1066 1350 1279 1396 rationes
1318 1363 1435 1397 vero
1476 1348 1604 1396 Solis
1645 1348 1931 1411 quadriduo.

324 1421 457 1483 Quid
486 1423 806 1482 potissimum
843 1421 1214 1470 observandum
1254 1428 1324 1468 est
1360 1424 1496 1470 circa
1518 1421 1654 1469 hunc
1692 1423 1886 1485 cyclum
1910 1437 2159 1484 maynum
2200 1423 2299 1470 532
2325 1436 2424 1468 an·
2502 1434 2510 1443 ¹

171 1495 395 1545 norum?
440 1493 599 1555 Hujus
641 1495 801 1542 vitiosi
842 1494 965 1557 cycli
1006 1495 1346 1543 observatione
1384 1494 1566 1542 factum
1605 1500 1692 1555 est,
1734 1501 1787 1543 ut
1824 1497 1949 1542 intra
1981 1497 2130 1543 ‘1600
2172 1509 2324 1543 annos
2362 1494 2423 1542 ab

168 1568 477 1631 aequinoctio
537 1580 650 1635 vero
710 1567 941 1615 aberrarit
1000 1566 1142 1616 sedes
1193 1569 1286 1631 ipsi
1332 1566 1575 1615 destinata
1624 1569 1671 1613 in
1722 1567 1998 1616 calendario
2048 1582 2133 1631 per
2173 1567 2286 1616 dies
2344 1569 2423 1626 12,

170 1641 406 1703 Lunaque
448 1639 711 1688 calendarii
747 1639 939 1688 aLuna
977 1640 1100 1687 coeli
1139 1654 1224 1703 per
1263 1640 1364 1687 dies
1406 1640 1452 1687 5.
1530 1639 1672 1701 Quod
1709 1655 1832 1701 cum,
1872 1655 1969 1703 qua
1996 1640 2216 1700 dabatur,
2257 1654 2426 1689 emen-

172 1714 329 1763 darint
366 1727 517 1774 regna
555 1718 602 1760 et
638 1713 918 1774 provinciae
958 1712 1218 1774 plurimae,
1275 1711 1386 1760 inde
1425 1712 1506 1771 fit,
1559 1718 1613 1760 ut
1651 1715 1773 1762 inter
1820 1713 1931 1761 illos
1972 1720 2020 1761 et
2056 1713 2296 1774 reliquoe,
2344 1714 2427 1774 qui

166 1793 331 1836 tenent
368 1787 580 1834 rationes
618 1786 864 1853 antiquas,
906 1786 1070 1833 crebro
1112 1785 1366 1833 discrimen
1407 1785 1654 1849 paschatis
1691 1786 1979 1846 intercedat,
2019 1788 2181 1846 uniuS,
2220 1794 2427 1848 quatuor

168 1860 248 1909 vel
290 1860 318 1907 5
347 1861 736 1922 septimanarum,
779 1859 895 1920 quia
931 1857 1114 1922 pascha
1152 1860 1342 1906 nonnisi
1385 1859 1626 1907 dominica
1664 1865 1778 1922 post
1818 1859 2006 1908 Lunam
2046 1859 2427 1921 decimamquin-

170 1940 284 1996 tam,
324 1934 620 1995 proximam
630 1937 742 1994 post
780 1932 1154 1992 aequinoctium,
1196 1930 1429 1980 celebrari
1467 1937 1645 1994 potest.

326 2005 482 2066 Quid
494 2011 562 2052 est
599 2018 786 2052 aureus
823 2004 1102 2052 numerus?
1164 2003 1343 2066 Cyclus
1371 2003 1555 2065 Lunae,
1596 2019 1682 2053 seu
1722 2004 1906 2052 numeri
1945 2003 2297 2064 novemdecim,
2337 1990 2427 2050 ad—

171 2078 336 2141 scripti
374 2083 475 2126 arte
526 2077 759 2138 singulari
809 2075 869 2124 ad
921 2076 1023 2124 dies
1062 2075 1231 2124 calend
1236 2091 1323 2124 irn
1350 2075 1538 2124 Juliani
1579 2077 1731 2125 literis
1770 2078 1958 2138 aureis;
1998 2077 2091 2125 hoe
2128 2091 2302 2125 nomen
2343 2090 2427 2124 ac—

173 2155 403 2213 ceperunt
440 2151 502 2198 ab
542 2151 647 2212 ipso
686 2150 828 2211 primi
879 2150 1090 2197 auctoris
1126 2149 1273 2198 facto.
1349 2148 1474 2197 Sunt
1522 2156 1686 2197 autem
1724 2151 1756 2196 ii
1796 2151 1981 2198 numeri
2041 2150 2222 2198 indices
2260 2150 2428 2196 Lunae

176 2226 361 2287 primae
400 2237 496 2270 non
536 2237 724 2284 semper
755 2222 1052 2282 verissimae,
1091 2221 1176 2270 sed
1215 2221 1367 2270 usalis
1407 2236 1494 2271 seu
1531 2222 1813 2309 artificialis,
1853 2223 2058 2285 quilibet
2092 2224 2141 2270 in
2181 2222 2264 2270 illo
2300 2236 2428 2270 anno

180 2297 319 2361 cycli,
361 2310 504 2358 quem
545 2297 647 2358 ipse
684 2293 868 2342 indicat
908 2293 1073 2343 ordine
1112 2308 1217 2343 su0.

334 2372 474 2430 Quae
508 2370 643 2416 ratio
677 2368 806 2430 fuit,
855 2382 1020 2415 unum
1072 2382 1270 2416 annum
1317 2382 1451 2429 prae
1488 2367 1591 2416 alio
1627 2370 1856 2429 primum
1895 2369 1952 2415 in
1990 2347 2433 2415 decemnovennali

175 2442 309 2505 cyclo
357 2440 727 2491 constituendi?
788 2438 1134 2502 Propinquitas
1183 2440 1423 2488 novilunii
1475 2439 1538 2487 ad
1591 2442 1952 2503 aequinoctium
2003 2440 2135 2487 illius
2184 2440 2430 2502 temporis,

175 2529 272 2578 quo
310 2513 434 2563 haec
471 2513 712 2562 ordinatio
750 2513 841 2560 fuit
877 2512 1032 2572 facta,
1072 2512 1259 2562 scilicet
1298 2519 1411 2561 ante
1451 2519 1671 2575 tempora
1697 2512 2003 2561 Constantini
2028 2513 2196 2574 Magni
2237 2519 2283 2561 et
2322 2518 2435 2560 ante

174 2602 354 2638 annum
395 2586 572 2635 Christi
613 2587 744 2646 300,
784 2590 899 2633 tunc
937 2587 1063 2634 enim
1102 2587 1464 2649 aequinoctium
1502 2586 1594 2633 fuit
1631 2587 1678 2632 in
1720 2588 1803 2633 22.
1844 2586 2010 2634 Martii
2048 2585 2263 2647 Juliani3
2318 2598 2433 2647 ergo

175 2675 271 2723 quo
326 2674 453 2708 anno
514 2658 744 2708 coincidit
796 2658 1100 2707 novilunium
1151 2660 1200 2706 in
1251 2673 1458 2723 vespera
1510 2658 1608 2707 diei
1658 2661 1742 2707 22.
1794 2658 1984 2720 Martii,
2042 2670 2099 2707 eo
2152 2673 2279 2706 anno
2330 2657 2433 2706 dies

177 2736 263 2782 23.
304 2733 469 2782 Martii
510 2731 666 2780 dictus
703 2732 793 2780 fuit
831 2730 971 2780 Luna
1009 2733 1166 2795 prima
1203 2733 1342 2794 isque
1379 2743 1535 2780 annus
1573 2732 1667 2780 suit
1704 2731 1902 2783 habitus
1940 2745 2026 2796 pro
2065 2732 2248 2794 prime,
2296 2731 2435 2779 ideo-

179 2821 273 2869 que
315 2806 375 2855 ad
417 2807 503 2854 23.
544 2804 710 2853 Martii
749 2809 847 2852 stat
886 2819 1062 2853 aureus
1101 2819 1330 2854 numerus
1369 2804 1409 2852 Ι.

328 2878 456 2928 Cum
506 2884 678 2927 autem
717 2878 785 2925 28
822 2878 946 2940 cycli
982 2878 1455 2926 decemnovennales
1492 2880 1803 2926 constituant
1851 2891 2017 2926 unum
2056 2877 2250 2939 cyclum
2288 2891 2435 2937 may-

175 2966 318 3013 num,
358 2952 457 3013 'quo
494 2951 683 2999 delectu
717 2953 919 3011 primus
956 2957 1025 2998 est
1059 2956 1270 3008 sumtus,
1311 2965 1427 3018 cum
1465 2951 1672 3012 quilibet
1702 2953 1946 3012 potuisset
1982 2964 2077 2998 esse
2113 2948 2350 3018 primus?
2387 2948 2436 2995 Is

180 3024 345 3087 cyclus
386 3023 840 3074 decemnovennalis
879 3024 968 3071 fuit
1005 3024 1187 3085 primus
1213 3030 1415 3083 sumtus,
1458 3026 1539 3085 qui
1583 3023 1644 3072 ad
1671 3038 1848 3071 annum
1888 3025 1971 3070 42.
2010 3023 2197 3083 imperii
2228 3021 2438 3082 Augusti

180 3099 378 3158 propius
419 3099 624 3145 accessit
675 3111 781 3144 cum
834 3110 923 3144 suo
973 3098 1135 3145 initio:
1191 3098 1307 3158 quia
1354 3110 1461 3144 cum
1502 3096 1722 3144 Christus
1774 3110 1901 3144 anno
1947 3095 2025 3142 15.
2068 3094 2250 3142 Tiberii
2295 3094 2438 3142 suerit

183 3170 323 3229 quasi
365 3170 432 3216 30
471 3183 734 3229 annorum,
785 3183 898 3231 ergo
942 3169 1123 3230 ,demtis
1170 3169 1245 3217 his
1296 3171 1356 3217 15
1396 3171 1562 3231 primis
1601 3169 1785 3217 Tiberii
1835 3174 1884 3216 et
1935 3166 2118 3214 ultimis
2165 3167 2226 3215 15
2268 3165 2327 3214 de
2371 3167 2434 3213 57

182 3242 370 3302 imperii
412 3241 619 3302 Augusti
661 3244 853 3289 venitur
890 3241 954 3294 ad
991 3243 1078 3290 42.
1120 3257 1300 3290 annum
1347 3243 1535 3304 imperii
1576 3242 1785 3303 Augusti
1835 3253 1922 3302 pro
1962 3241 2217 3287 nativitate
2257 3239 2432 3286 Christi

180 3319 370 3375 praeter
407 3320 616 3375 propter.
693 3314 863 3362 Annus
903 3320 1085 3375 autem,
1120 3317 1203 3377 qui
1243 3306 1320 3363 di‘e
1360 3318 1443 3362 22.
1474 3315 1638 3363 Martii
1675 3312 1978 3362 novilunium
2013 3312 2228 3370 haberet,
2270 3314 2435 3373 proxi-

180 3400 288 3433 mus
326 3384 439 3432 huic
477 3387 704 3446 termino,
758 3388 847 3434 fuit
887 3388 970 3434 45.
1012 3386 1243 3436 Julianus
1281 3402 1368 3436 seu
1408 3389 1492 3434 44.
1536 3387 1762 3449 Augusti.
1837 3383 1933 3432 Hie
1974 3385 2122 3446 igitur
2170 3385 2326 3432 factus
2365 3390 2439 3431 est

182 3462 329 3522 caput
362 3456 486 3520 cycli
523 3460 687 3519 magni
728 3459 1023 3522 Dionysiani·
1055 3475 1290 3507 annorum
1326 3461 1457 3518 532,
1510 3459 1785 3520 acciditque
1821 3456 2023 3518 'pulchro
2064 3471 2207 3521 casu,
2247 3464 2300 3505 ut
2336 3459 2439 3518 ipse

183 3535 314 3580 esset
350 3531 494 3578 etiam
549 3529 649 3591 (vel
689 3545 793 3579 esse
832 3532 1074 3589 debuerit)
1126 3533 1418 3581 bissextilis:
1465 3538 1520 3580 ut
1565 3533 1647 3581 ita'
1678 3531 1897 3594 proximo
1947 3543 2111 3578 mense
2158 3536 2272 3592 post
2312 3530 2435 3577 diem

182 3596 518 3652 intercalatum
565 3603 796 3662 inciperet
835 3618 989 3652 annus
1028 3604 1225 3664 lunaris,
1265 3605 1452 3653 scilicet
1490 3605 1552 3652 ab
1594 3603 1919 3664 aequinoctio,

331 3675 438 3723 Pro
475 3675 612 3736 cyclo
650 3674 833 3730 Lunae
867 3677 1064 3725 sciendo
1093 3678 1277 3736 jubent
1314 3677 1385 3725 ad
1419 3691 1586 3724 annos
1626 3675 1809 3724 Christi
1845 3674 2048 3721 usuales
2085 3674 2270 3722 addere
2316 3675 2439 3720 uni·
2507 3720 2511 3724 ,

186 3754 354 3807 tatem,
396 3763 429 3795 a
465 3752 668 3795 summa
708 3747 920 3799 abiicere
946 3763 1114 3797 omnes
1152 3752 1308 3812 cyclos
1335 3750 1599 3810 Lunares3
1639 3762 1841 3808 quaero,
1880 3746 2018 3794 unde
2045 3752 2244 3806 constet,
2291 3744 2454 3793 Chri-

183 3827 316 3869 stum
356 3825 538 3868 natum
566 3833 706 3867 αηηο
746 3820 792 3866 2.
832 3821 968 3882 cycli,
1007 3821 1228 3871 Juliano
1254 3824 1336 3870 46.
1375 3828 1422 3869 et
1450 3836 1581 3884 quae
1605 3823 1738 3868 circa
1764 3819 1854 3868 hoc
1879 3818 2232 3868 observanda?
2253 3819 2440 3865 Annus
