2554 4140
184 130 290 178 204
784 117 792 128 ’
955 159 968 169 .
984 170 986 173 ,
1005 127 1243 184 Epitomes
1273 127 1588 172 Astronomiae

185 272 334 336 vulgo
372 275 628 336 imponunt
667 274 924 337 circellum,
965 278 1164 325 minutis
1202 291 1350 325 unum
1388 277 1592 338 apicem,
1633 277 1858 328 secundis
1896 278 2020 329 duos
2062 285 2110 330 et
2147 283 2219 330 sic
2258 295 2434 332 conse-

183 352 400 409 quenter.
475 346 531 394 In
570 346 664 396 hoc
701 345 865 396 libello
906 364 1082 399 nomen
1119 351 1287 412 partis,
1325 348 1505 433 gradus
1543 350 1624 398 vel
1662 354 1915 414 temporis,
1957 355 2027 401 sic
2064 355 2236 402 minuti
2273 356 2432 416 primi,

182 418 383 467 secundi
424 425 514 468 etc
560 419 639 468 vel
678 421 919 483 integrum
944 423 1024 471 vel
1047 423 1387 471 abbreviatum
1425 423 1471 468 in
1510 424 1666 484 prima
1703 423 1844 473 litera
1879 423 1983 490 (ubi
2022 425 2219 488 quidem
2259 427 2438 476 desunt

182 490 367 569 apices)
406 493 680 555 promiscue
718 493 800 542 vel
823 497 1138 558 praeponitur
1175 494 1254 542 vel
1280 497 1603 557 postponitur.
1683 494 1868 557 Quodsi
1898 498 1945 546 id
1985 512 2082 546 non
2108 499 2208 560 fiat,
2248 503 2434 549 numeri

181 579 240 613 ex
262 563 445 613 ordine
484 564 788 615 discernendi
825 567 952 628 sunt,
994 575 1041 616 et
1078 570 1160 629 qui
1199 569 1353 628 primo
1393 567 1502 616 loco
1544 568 1624 617 vel
1662 569 1867 617 solitarii
1903 578 2175 632 ponuntur,
2229 587 2315 634 pro
2356 575 2434 621 in-

181 638 330 700 tegris
369 637 600 699 habendi,
641 641 725 701 qui
762 641 992 699 secund0‚
1034 654 1120 703 pro
1160 641 1362 688 minutis
1401 641 1582 702 primiS,
1624 643 1707 703 qui
1746 644 1903 703 terti0,
1943 658 2029 705 pro
2069 645 2312 694 secundis.

330 709 501 773 Quam
536 712 684 761 habet
721 728 928 761 causam
955 714 1076 761 hacc
1098 713 1277 761 divisio
1314 714 1684 776 sescayenaria?
1722 714 1918 763 Nullam
1957 730 2118 778 neque
2156 718 2464 779 naturalem„
2514 739 2516 742 ·

180 797 239 830 ex
277 790 440 842 motu,
494 798 653 848 neque
691 786 976 835 rationalem
1014 787 1382 848 geometricam,
1435 800 1495 834 ex
1531 792 1704 835 natura
1751 788 1917 836 circuli
1968 788 2255 854 deductam,
2305 805 2434 853 quae

180 855 376 917 quidem
425 871 590 906 arcum
638 858 882 906 tantillum
933 873 1021 921 per
1064 872 1117 906 se
1170 860 1403 922 attineat,
1459 857 1546 907 scd
1599 859 1756 909 solum
1809 860 2179 911 arithmeticam.
2254 863 2432 912 Nullus

181 930 309 977 enim
357 935 431 978 est
483 945 710 979 numerus
763 933 887 980 intra
937 933 1290 990 centenarium,
1346 933 1430 994 qui
1473 931 1637 1015 plures
1685 932 1866 981 habeat
1900 941 2084 996 ‘partes
2135 934 2430 998 multiplices

181 1015 340 1064 eoque
384 1002 446 1051 ad
496 1003 798 1052 tractandum
850 1005 914 1052 sit
951 1006 1134 1067 aptior,
1185 1009 1389 1066 utpote
1386 1005 1488 1067 qui
1526 1005 1674 1054 habet
1721 1012 1882 1068 partes
1925 1008 2052 1055 60⁸³
2090 1004 2191 1072 (1),
2241 1011 2433 1058 tricesi-

177 1089 313 1124 mam
351 1072 456 1143 (2),
512 1078 791 1124 vicesimam
832 1075 934 1140 (3),
989 1076 1346 1139 quindecimam
1384 1076 1482 1143 (4),
1539 1077 1875 1128 duodecimam
1916 1076 2012 1144 (5),
2068 1078 2306 1130 decimam
2348 1080 2435 1146 (6),
2497 1132 2501 1143 ,

180 1154 387 1196 sextam
407 1145 529 1214 (10),
571 1151 789 1211 quintam
826 1148 947 1215 (12),
987 1156 1211 1213 quartam
1235 1147 1359 1216 (15),
1399 1151 1591 1198 tertiam
1621 1147 1762 1218 (20),
1804 1151 2050 1200 dimidiam
2074 1153 2207 1216 (30)
2275 1155 2461 1213 Adde„

181 1220 312 1283 quod
351 1221 528 1269 divisio
569 1221 690 1271 haec
729 1227 802 1270 est
841 1231 1051 1285 cognata
1086 1225 1237 1286 priori
1273 1222 1439 1275 circuli
1478 1225 1626 1271 totius
1667 1225 1714 1271 in
1753 1230 1916 1286 partes
1946 1227 2077 1288 360;
2118 1240 2231 1274 nam
2270 1229 2311 1275 si
2339 1229 2437 1276 cir-

181 1293 318 1342 culus
366 1293 611 1342 dividatur
663 1295 958 1357 sexangulo,
1022 1311 1147 1358 quae
1205 1295 1381 1344 divisio
1438 1301 1512 1344 est
1566 1297 1952 1358 expeditissima,
2017 1313 2074 1347 eo
2130 1299 2262 1361 quod
2308 1300 2437 1349 latus

180 1366 434 1428 sexanguli
473 1372 650 1429 aequet
688 1367 890 1430 radium,
930 1369 1155 1432 idemque
1186 1371 1406 1428 circinuS,
1448 1370 1533 1430 qui
1572 1369 1801 1417 circulum
1830 1369 2098 1434 descripsit,
2141 1374 2285 1421 etiam
2314 1387 2466 1421 eun-.
2502 1430 2505 1435 *

180 1439 289 1488 dem
329 1438 537 1488 dividat:
590 1446 706 1490 tunc
758 1438 843 1488 uni
898 1448 1064 1492 sextae
1120 1444 1318 1491 veniunt
1365 1441 1544 1504 gradus
1595 1441 1755 1491 decies
1795 1457 1909 1503 sex,
1959 1444 2009 1492 id
2047 1451 2120 1493 est
2159 1438 2430 1509 sexaginta,

180 1512 307 1561 unde
345 1514 491 1562 etiam
546 1518 687 1562 sexta
731 1529 845 1576 pars
896 1515 1063 1564 circuli
1113 1529 1358 1577 sexagena
1408 1514 1596 1563 dicitur.
1675 1514 1983 1566 Conveniens
2034 1516 2180 1580 igitur
2230 1527 2329 1579 est,
2381 1525 2435 1567 ut

179 1584 358 1647 gradus
397 1600 522 1634 unus
561 1585 618 1634 de
659 1589 915 1650 sexaginta
956 1590 1101 1637 etiam
1142 1590 1188 1634 in
1228 1586 1456 1651 scrupula
1494 1588 1641 1636 abeat
1667 1590 1933 1651 'sexaginta
1984 1596 2032 1639 et
2078 1592 2149 1639 sic
2187 1591 2436 1655 deinceps.

180 1659 304 1706 Nam
343 1659 385 1707 si
423 1660 796 1722 interrumpatur
840 1663 1071 1711 continua
1107 1662 1356 1745 proportio
1393 1660 1810 1723 subdivisionum,
1863 1669 1917 1711 ut
1967 1665 2027 1713 in
2066 1678 2116 1713 re
2153 1666 2436 1725 nummaria,

179 1731 319 1780 labor
371 1732 687 1795 computandi
736 1740 932 1797 propter
978 1735 1280 1785 necessarias
1328 1734 1652 1783 resolutiones
1692 1737 1987 1809 integrorum
2028 1737 2076 1784 in
2116 1743 2304 1800 partes,
2354 1743 2439 1786 aut

179 1794 482 1879 redactiones
520 1807 731 1869 partium
771 1807 833 1855 ad
872 1809 1074 1871 integra,
1114 1810 1164 1855 in
1203 1809 1489 1856 immensum
1528 1813 1747 1870 augetur.

701 1923 792 1985 De
837 1924 1196 1974 Divisione
1246 1922 1509 1972 Zodiaci
1566 1925 1627 1970 in
1679 1925 1902 1987 specie.

331 2023 526 2087 Quibus
576 2026 869 2075 nominibus
920 2042 953 2074 a
1001 2040 1050 2074 se
1100 2029 1314 2074 invicem
1354 2025 1714 2074 discernuntur
1748 2033 1922 2088 partes
1969 2027 2314 2077 duodenariae
2349 2043 2438 2078 seu
2501 2051 2503 2054 ·

181 2096 586 2148 dodecatemoria
622 2099 817 2148 zodiaci
855 2099 1135 2161 aequalia?
1173 2098 1275 2147 Usu
1317 2104 1562 2162 receptum
1601 2112 1698 2146 non
1739 2106 1827 2160 est,
1868 2107 1922 2147 ut
1960 2099 2044 2149 illa
2082 2102 2294 2150 numeris
2334 2101 2437 2150 dis-

181 2183 431 2218 cernamus
470 2172 519 2217 in
558 2186 778 2220 sermone
809 2171 1014 2234 vulgari,
1055 2173 1148 2220 nisi
1187 2171 1382 2234 quando
1411 2173 1823 2233 computationem
1862 2174 2160 2223 instituimus
2185 2180 2433 2236 motuum3

182 2242 268 2291 sed
308 2242 521 2291 solemus
561 2244 655 2292 illis
695 2247 893 2293 nomina
930 2244 1095 2293 indere
1130 2261 1159 2292 a
1198 2244 1680 2306 constellationibuS,
1725 2261 1851 2307 quae
1891 2248 1939 2293 in
1979 2246 2075 2295 illis
2114 2248 2438 2296 invenieban-
2496 2244 2503 2302 ,ᾗ

184 2321 262 2363 tur
298 2322 515 2378 tempore
554 2317 667 2377 illo,
719 2332 815 2380 quo
854 2314 995 2380 primi
1035 2320 1362 2368 astronomiae
1401 2319 1678 2366 inventores
1717 2318 2008 2381 floruerunt,
2057 2325 2110 2368 ut
2147 2334 2293 2383 supra
2332 2320 2436 2371 dic-

181 2393 299 2437 tum.
376 2390 713 2452 Dicunturque
753 2393 995 2440 communi
1031 2393 1228 2440 nomine
1262 2394 1436 2454 siyna,
1489 2405 1584 2439 non
1625 2392 1784 2440 minus
1824 2407 1971 2455 qnam
2008 2395 2144 2456 ipsae
2183 2395 2440 2456 imagines,

180 2476 268 2524 per
305 2461 427 2512 fixas
464 2462 797 2515 adumbratae.

326 2535 530 2599 Eryone
573 2537 716 2585 hodie
758 2552 864 2586 non
910 2537 1134 2598 amplius
1167 2538 1504 2585 inveniuntur
1541 2538 1662 2585 haec
1698 2540 1847 2599 siyna
1881 2552 1968 2586 seu
2019 2539 2439 2602 confiyurationeo

177 2608 406 2670 fixarum
458 2611 515 2657 in
565 2613 669 2658 suis
719 2610 1126 2660 dodecatemoriis
1173 2626 1207 2658 a
1253 2623 1302 2658 se
1351 2609 1729 2659 denominatis?
1784 2610 1944 2659 Hodie
1996 2611 2094 2662 fere
2145 2614 2439 2662 transierunt
2486 2610 2495 2644 ·'

132 2731 136 2742 ί
182 2682 416 2743 imagines
462 2697 548 2745 per
596 2682 719 2731 fixas
771 2683 1015 2732 delinatae
1062 2685 1111 2730 in
1163 2682 1556 2731 dodecatemoria
1590 2685 1882 2744 ¹sequentia,
1936 2683 2235 2747 reliquerunt
2272 2692 2435 2735 tamen

183 2756 398 2818 pristinis
437 2757 538 2804 suis
578 2755 777 2805 sedibus
815 2771 902 2805 seu
943 2755 1346 2805 dodecatemoriis
1385 2770 1478 2804 sua
1515 2757 1728 2804 nomina.
2491 2755 2496 2764 ‘

327 2828 700 2877 Existimabam
740 2835 927 2893 autem,
966 2829 1270 2890 eclipticam,
1324 2830 1470 2887 cujus
1500 2835 1674 2890 partes
1711 2835 1831 2877 sunt
1868 2829 2296 2889 dodecatemoria,
2322 2829 2464 2881 sub»
2495 2832 2498 2889 ξ

179 2901 292 2963 fiscis
328 2916 434 2951 non
471 2905 677 2961 moveri,
716 2902 802 2950 sed
829 2908 1078 2966 perpetuo
1116 2901 1289 2949 iisdem
1327 2901 1604 2949 inhaerere.
1672 2901 1902 2964 Migratio
1943 2904 2036 2951 ista
2073 2905 2338 2966 imaginum
2378 2916 2439 2951 ex
2495 2925 2498 2954 2

179 2975 281 3022 suis
306 2973 708 3024 dodecatemoriis
734 2989 830 3023 non
856 2975 909 3023 fit
935 2980 1069 3023 motu
1100 2973 1370 3036 eclipticae‚
1410 2972 1496 3022 sed
1521 2983 1775 3039 aequator,
1814 2976 1883 3023 uti
1924 2975 2104 3024 dictum
2133 2982 2220 3035 est,
2261 2978 2439 3039 migrat
2485 2967 2499 2983 '¹

183 3046 243 3094 de
282 3061 377 3095 uno
417 3048 525 3096 loco
565 3048 768 3096 fixarum
808 3050 857 3096 in
894 3048 1071 3109 alium,
1115 3049 1281 3110 itaque
1318 3046 1429 3095 aliis
1467 3051 1614 3109 atque
1654 3047 1763 3096 aliis
1803 3047 1923 3095 locis
1962 3055 2097 3096 secat
2134 3048 2438 3111 eclipticam3
2487 3053 2548 3095 10¹]

181 3119 416 3168 translata
455 3134 570 3169 vero
608 3123 839 3182 sectione,
878 3127 1050 3184 ‚utpote
1088 3121 1324 3183 principio
1363 3122 1726 3181 numerationis,
1768 3112 1814 3166 in
1853 3121 2217 3182 praecedentia,
2272 3128 2502 3189 transr„

186 3193 403 3240 seruntur
442 3195 587 3241 etiam
627 3193 1020 3243 dodecatemoria
1058 3193 1196 3242 velut
1235 3192 1426 3241 articuli
1463 3194 1810 3241 numerationis
1848 3194 1896 3239 in
1935 3194 2292 3255 praecedentia,
2338 3201 2438 3243 tam
2487 3192 2514 3271 (ι,

144 3271 150 3273 ‘
184 3267 232 3312 in
271 3265 497 3327 ecliptica
535 3280 679 3327 quam
722 3270 771 3314 in
809 3267 947 3315 fixis:
1002 3270 1168 3329 itaque
1219 3267 1459 3327 imagines
1498 3267 1743 3316 transferri
1782 3266 1830 3311 in
1870 3269 2219 3328 consequentia
2261 3266 2437 3316 viden·
2502 3270 2523 3331 &J

183 3344 284 3386 tur.-
355 3338 546 3386 Causae
586 3341 988 3402 transpositarum
1027 3341 1298 3388 sectionum
1324 3339 1567 3388 habentur
1605 3339 1728 3388 libro
1753 3338 1843 3386 III.
1884 3344 2022 3400 parte
2050 3339 2112 3387 V.
2153 3346 2201 3388 et
2239 3341 2436 3389 inferius
2500 3351 2509 3367 ³
2544 3335 2547 3343 ⁴

184 3425 244 3460 ex
281 3411 496 3459 motibus
535 3411 858 3460 secundorum
897 3413 1166 3473 mobilium,
1206 3414 1467 3476 praecipue
1504 3412 1630 3461 libro
1669 3411 1782 3469 VII.
2501 3474 2507 3479 -

334 3482 461 3532 O'um
498 3485 784 3544 plurimum
824 3492 1131 3547 occupentur
1167 3500 1272 3534 non
1311 3487 1590 3534 astronomi
1614 3491 1833 3548 tantum,
1869 3483 1954 3531 sed
1990 3488 2142 3533 etiam
2175 3487 2439 3546 scriptores
2482 3530 2502 3540 ,,

177 3557 276 3605 -alii
313 3559 451 3605 circa
484 3559 646 3618 siyna,
685 3563 806 3618 quot
841 3559 1002 3606 modis
1039 3559 1130 3606 illa
1165 3559 1323 3608 solent
1359 3557 1641 3619 distinqui?
1696 3557 2011 3604 Potissimum
2064 3560 2279 3619 quinque
2326 3571 2434 3606 mo-

185 3629 286 3678 dis:
327 3630 482 3679 tribus
522 3629 715 3691 quidem
755 3635 950 3691 propter
987 3633 1248 3679 sectionem
1289 3631 1544 3692 eclipticae
1583 3644 1691 3678 cum
1731 3635 2081 3690 aequatoreet
2118 3630 2309 3691 coluris,
2351 3630 2434 3679 ubi

112 3709 114 3713 '
185 3700 417 3765 contigua
472 3703 772 3760 constituunt
820 3715 966 3749 unam
1021 3702 1251 3764 classem,
1303 3704 1494 3751 duobus
1542 3716 1659 3753 vero
1698 3701 1878 3762 modis,
1934 3703 2017 3749 ubi
2058 3702 2301 3764 disjuncta
2337 3704 2436 3752 situ
2496 3725 2515 3738 ·-

183 3775 470 3840 rediguntur
506 3775 556 3821 in
595 3789 742 3822 unam
782 3774 1002 3834 classem,
1041 3790 1127 3836 per
1165 3777 1528 3839 inscriptionem
1565 3775 1749 3838 figurae
1788 3777 1836 3821 in
1876 3775 2122 3822 circulum.

329 3851 370 3898 1.
425 3848 685 3912 Quomodo
722 3847 1108 3910 distinquuntur
1155 3849 1246 3896 iila
1281 3852 1457 3912 siyna,
1512 3863 1598 3897 scu
1636 3851 1747 3910 ipsa
1784 3848 2009 3910 ecliptica
2058 3863 2152 3910 per
2189 3848 2434 3897 circulum
