2554 4140
854 146 992 194 Liber
1021 106 1210 192 Primus.
1267 146 1380 192 Pars
1411 143 1597 202 Quarta.
2249 150 2350 199 163

101 299 269 360 Jovis,
305 297 474 362 posito,
518 296 652 359 quod
689 298 738 345 in
778 311 835 347 eo
874 298 972 346 sint
1009 297 1348 346 observatores
1396 293 1635 354 siderum,
1687 309 1794 343 cum
1835 293 2129 357 eclipsantur
2166 294 2229 344 ab
2268 293 2352 343 illo

102 379 309 436 quatuor
349 369 569 419 Lunulac
608 369 861 432 Joviales,
907 384 1004 418 non
1045 369 1299 429 obstante,
1354 366 1483 430 quod
1524 366 1719 430 Jupiter
1756 367 2038 429 longissime
2077 373 2213 417 extra
2249 383 2354 417 me-

102 447 233 494 dium
268 442 438 492 mundi
477 445 712 492 circumit.

251 516 408 564 Terra
445 530 537 564 nec
572 522 642 564 est
674 518 732 563 in
767 517 923 580 plano
961 515 1248 576 aequatoris
1272 519 1416 562 extra
1442 526 1589 561 axem
1621 513 1817 573 mundi,
1856 527 1946 560 nec
1971 515 2025 560 in
2052 528 2146 563 axe
2173 514 2354 563 mundi

98 595 242 638 extra
275 588 493 652 planum
531 592 831 651 aequatem,
869 603 959 636 nec
996 594 1140 637 extra
1175 593 1448 647 utrumque
1483 585 1655 646 simul,
1708 591 1767 632 ut
1803 585 2053 646 coltiqitur
2089 602 2149 636 ex
2185 589 2355 636 multis

97 663 251 724 siquis
298 664 384 709 seu
427 661 673 724 effectibus
719 663 1154 725 apparentiisque:
1214 673 1329 722 erqo
1374 660 1469 706 erit
1514 661 1571 705 in
1614 663 1830 719 utroque
1878 659 2029 705 simut
2090 667 2135 708 et
2183 664 2251 709 sic
2298 663 2354 709 in

99 734 264 782 medio
308 734 493 783 mundi
536 749 623 782 seu
671 737 728 783 in
765 741 947 783 centro.
1021 734 1156 781 Bene
1205 732 1356 780 habet
1408 732 1707 780 enumeratio
1745 732 1981 793 partium,
2039 737 2089 778 at
2127 732 2235 794 plus
2275 736 2352 780 in-

104 807 309 868 ducitur,
350 821 497 868 quam
534 810 803 870 praemissa
837 806 1103 870 postulant.
1180 804 1308 854 Vere
1346 795 1543 866 quidem
1570 803 1718 852 Terra
1759 809 1832 852 est
1869 804 2046 851 tamin
2077 820 2166 853 axe
2207 821 2354 868 quam

101 882 150 927 in
173 879 322 942 plano
354 881 633 942 aequatoris
672 887 721 929 et
747 882 816 929 sic
854 882 905 926 in
943 885 1104 929 centro
1132 876 1385 942 sphaerae,
1427 879 1776 939 imaginatione
1805 877 1931 924 circa
1957 877 2116 924 visum
2147 881 2353 927 circum-

96 952 283 1015 Jectae,
313 959 374 1000 ‚at
411 953 535 1000 nihil
573 953 686 1001 hinc
721 955 943 1015 sequitur
979 951 1042 1000 ad
1078 952 1237 1013 ipsum
1276 949 1443 998 mundi
1483 949 1723 1009 medium,
1772 964 1881 997 cum
1919 949 2018 996 alia
2055 953 2211 1013 possit
2248 967 2356 1001 esse

105 1024 262 1088 figura
298 1024 481 1086 mundi,
521 1026 620 1074 alia
658 1015 813 1089 figura
849 1025 1087 1088 sphaerae
1123 1025 1405 1086 imaginata,
1447 1030 1650 1085 utraque
1689 1022 1886 1084 quidem
1923 1023 2132 1071 rotunda
2168 1027 2354 1087 utique,

103 1097 191 1146 sed
226 1112 426 1147 numero
466 1097 742 1148 differentes
780 1104 828 1147 et
866 1100 978 1145 situ.
1073 1095 1128 1143 In
1169 1099 1332 1158 specie
1371 1110 1488 1145 vero
1537 1099 1580 1144 si
1618 1096 1818 1144 Terram
1869 1095 2169 1158 Copernicus
2219 1105 2356 1146 extra

102 1169 269 1219 mundi
305 1171 519 1220 medium
556 1173 694 1234 ponit
731 1185 888 1234 eoque
926 1178 974 1219 et
1009 1177 1195 1217 motum
1234 1171 1278 1218 ei
1316 1170 1560 1232 geminum
1600 1169 1845 1229 attribuit,
1894 1168 1951 1219 de
1991 1183 2088 1230 quo
2129 1172 2176 1217 in
2215 1179 2354 1234 parte

103 1250 360 1307 sequente:
397 1245 499 1307 jam
534 1259 631 1292 non
671 1258 792 1306 opus
834 1248 921 1304 est,
959 1248 1014 1291 ut
1052 1244 1206 1290 situmx
1221 1241 1402 1291 Terrae
1439 1244 1490 1290 in
1515 1242 1675 1291 medio
1721 1242 1958 1304 sphaerae
1997 1243 2166 1304 signis,
2210 1245 2356 1292 effec-

102 1317 234 1365 tibus
286 1317 363 1366 vel
402 1318 700 1381 apparentiis
754 1317 1112 1376 confirmemuS,
1166 1317 1283 1378 quin
1334 1317 1499 1378 potius
1549 1332 1579 1364 a
1615 1316 1764 1378 priori
1814 1320 1861 1363 et
1901 1329 1960 1362 ex
1999 1318 2162 1364 causis
2217 1317 2353 1365 illum

107 1390 359 1439 habemus.
434 1390 554 1439 ldeo
591 1403 802 1453 namque
839 1389 990 1438 Terra
1025 1394 1098 1437 est
1137 1391 1184 1436 in
1224 1403 1314 1438 axe
1352 1387 1545 1449 mundi,
1598 1390 1715 1451 quia
1760 1389 1865 1436 axis
1915 1388 2082 1438 mundi
2121 1390 2244 1437 nihil
2283 1399 2357 1439 est

104 1462 238 1513 aliud
276 1477 423 1526 quam
461 1465 567 1512 axis
608 1464 820 1526 corporis
858 1463 1060 1522 Terrae,
1117 1463 1243 1510 circa
1284 1454 1436 1524 quem
1473 1460 1559 1510 illa
1608 1461 1955 1510 diurnomotu
2011 1463 2386 1526 circumagitur·

104 1536 310 1584 turbinis
345 1537 511 1596 instar,
552 1538 861 1600 continuatus
899 1551 985 1601 per
1020 1536 1420 1598 imaginationem
1460 1536 1685 1597 utrinque
1724 1548 1879 1596 usque
1920 1533 1981 1583 ad
2018 1534 2156 1584 fixas,
2235 1537 2352 1586 Ideo

103 1608 255 1657 Terra
291 1615 366 1658 est
400 1611 454 1656 in>
487 1609 634 1673 plano
673 1608 895 1673 adeoque
943 1615 992 1657 et
1028 1611 1076 1655 in
1115 1615 1279 1657 centro
1318 1609 1623 1671 aequatoris,
1665 1608 1782 1670 quia
1825 1612 2063 1669 aequator
2116 1609 2239 1657 nihil
2279 1618 2354 1660 est

101 1681 234 1730 aliud
272 1696 420 1745 quam
458 1683 674 1731 circulus
703 1682 881 1731 Terrae
933 1682 1199 1742 maximus,
1254 1683 1378 1730 inter
1415 1681 1557 1744 polos
1595 1679 1811 1742 medius,
1865 1680 2012 1744 plano
2053 1697 2138 1746 per
2174 1684 2353 1746 imagi-

30 1758 35 1763 ’
104 1757 354 1804 nationem
392 1770 550 1818 usque
589 1758 712 1804 inter
746 1755 869 1803 fixas
907 1756 1205 1804 continuato.

252 1826 494 1877 Forsitan
517 1843 634 1892 eryo
650 1828 870 1891 physicis
895 1831 1207 1891 aryumentis
1233 1829 1394 1876 evinci
1410 1829 1611 1890 poterit,
1652 1827 1863 1875 Terram
1889 1827 2109 1877 obtinere
2132 1829 2354 1878 medium

100 1900 285 1948 mundi
307 1902 489 1950 locum.
535 1900 786 1950 Granium
810 1904 946 1950 enim
970 1902 1090 1950 haec
1126 1907 1195 1949 est
1217 1907 1428 1960 natura,
1467 1906 1528 1948 ut
1548 1901 1788 1964 ferantur
1813 1899 1884 1948 ad
1904 1907 2131 1950 centrum
2157 1903 2355 1965 mundi,

102 1973 148 2021 ei
165 1976 267 2021 sint
289 1980 435 2024 extra
458 1974 526 2023 id.
567 1973 624 2022 Si
647 1989 764 2037 eryo
798 1974 956 2023 Terra
981 1981 1099 2023 esset
1122 1980 1267 2024 extra
1294 1980 1538 2038 centrum,
1578 1987 1692 2022 cum
1719 1975 1781 2021 sit
1806 1988 1986 2036 corpus
2009 1990 2180 2037 yrave,
2222 1979 2357 2025 citis-

100 2049 222 2094 sime
255 2050 313 2094 in
349 2053 578 2096 centrum
613 2047 862 2109 recideret,
903 2054 995 2096 aut
1030 2049 1214 2111 9ravia
1239 2048 1303 2096 ab
1341 2045 1432 2097 illa
1469 2048 1634 2096 soluta
1661 2061 1721 2095 ex
1750 2047 1914 2095 altera
1943 2055 2097 2109 parte
2129 2049 2354 2111 TelluriS,

102 2135 233 2181 quae
254 2122 415 2182 veryit
438 2123 494 2168 in
517 2112 747 2169 centrum
770 2121 967 2189 mundi,
993 2121 1253 2185 ferrentur
1279 2137 1313 2169 a
1334 2119 1492 2168 Terra
1518 2119 1589 2167 ad
1611 2126 1854 2181 centrum,
1877 2121 2015 2183 quod
2041 2136 2192 2184 emper
2194 2125 2357 2171 entiae

99 2199 379 2255 repuynat3
416 2193 642 2255 undique
667 2196 801 2245 enim
826 2197 1011 2256 yravia
1035 2209 1206 2242 versus
1238 2193 1450 2242 Terram
1476 2193 1679 2255 cadunt,
1720 2208 1851 2255 quae
1877 2209 1992 2242 cum
2026 2198 2089 2243 sit
2114 2196 2356 2261 rotunda,

101 2271 329 2314 centrum
353 2269 511 2329 i9itur
533 2267 718 2315 mundi
741 2282 928 2315 necesse
953 2273 1020 2316 est
1042 2269 1183 2316 intra
1208 2264 1390 2329 corpus
1423 2265 1608 2315 Terrae
1632 2281 1743 2314 esse.
1799 2266 2018 2329 Negatur
2047 2269 2354 2318 antecedens,

103 2337 214 2387 Non
252 2345 328 2388 est
362 2341 491 2388 enim
527 2339 650 2389 haec
685 2346 862 2389 natura
897 2342 1135 2403 gravium,
1175 2346 1230 2389 ut
1265 2340 1479 2391 ferantur
1517 2339 1582 2388 ad
1621 2346 1837 2388 centrum
1876 2340 2071 2402 mundi,
2113 2348 2354 2405 quatenus

101 2418 330 2472 centrum,
355 2411 442 2461 sed
469 2412 605 2474 haec,
644 2419 699 2461 ut
740 2414 953 2463 ferantur
991 2413 1244 2477 quodlibet
1269 2413 1334 2463 ad
1362 2419 1578 2463 centrum
1601 2415 1679 2461 sui
1705 2415 1934 2476 corporis,
1976 2416 2081 2464 sive
2109 2417 2158 2463 in
2183 2415 2350 2464 mundi

10 2526 11 2549 ἶ
103 2490 265 2534 centro
303 2484 423 2533 illud
461 2487 538 2547 sit,
577 2488 683 2534 sive
721 2486 868 2548 alibi,
908 2492 956 2536 et
992 2487 1087 2536 hoc
1123 2492 1262 2548 tunc,
1315 2489 1358 2535 si
1394 2501 1546 2549 grave
1585 2489 1887 2550 propositum
1929 2489 2143 2536 vicinum
2180 2491 2243 2537 sit
2282 2489 2355 2536 illi

9 2590 12 2598 1
64 2619 70 2622 Δ
102 2559 288 2621 corpori
327 2564 377 2606 et
412 2560 573 2607 minus
609 2558 711 2608 illo.
786 2558 871 2609 Sin
911 2564 1075 2609 autem
1112 2563 1335 2623 gravium
1373 2574 1628 2623 corporum
1679 2559 1881 2622 aliquod
1918 2568 2178 2623 poneretur
2217 2576 2358 2610 seor·
2392 2581 2395 2584 ⁴

100 2632 207 2690 sim,
246 2637 382 2679 extra
420 2633 621 2680 virtutes
658 2635 910 2681 tractorias
951 2634 1162 2696 corporis
1201 2635 1291 2694 sui,
1330 2639 1383 2681 ut
1417 2635 1459 2680 si
1497 2633 1754 2696 globorum
1793 2634 2148 2683 mundanorum
2176 2635 2357 2697 aliquis

101 2718 390 2766 quocunque
426 2704 594 2752 mundi
640 2704 748 2754 loco
787 2712 1075 2769 reponatur,
1126 2708 1196 2755 sic
1235 2712 1289 2755 ut
1327 2721 1356 2754 a
1394 2706 1579 2754 fortiori
1630 2721 1717 2769 per
1768 2709 1996 2755 virtutem
2033 2710 2357 2770 magneticam

102 2784 315 2840 nequeat
351 2777 544 2838 attrahi,
584 2779 635 2824 in
670 2778 765 2826 hoc
802 2793 918 2827 casu
942 2780 1113 2841 gravia
1151 2786 1344 2829 cessant
1382 2793 1489 2828 esse
1527 2782 1712 2842 gravia,
1754 2786 1919 2828 carent
1958 2782 2085 2828 enim
2123 2788 2263 2829 motu
2304 2783 2350 2828 in

101 2849 298 2913 plagam
323 2864 676 2913 quamcunque,
714 2850 936 2914 adeoque
974 2866 1005 2901 a
1029 2858 1204 2901 natura
1240 2855 1475 2902 instructa
1513 2858 1636 2901 sunt·
1662 2852 1724 2902 ad
1751 2853 2071 2902 resistendum
2111 2854 2358 2916 quadam-

102 2929 243 2972 tenus
281 2924 449 2984 motui,
490 2924 552 2973 ab
592 2929 728 2972 extra
765 2925 857 2973 sibi
901 2925 1054 2974 illato.

251 2996 511 3060 Quomodo
538 2997 743 3059 probas,
782 3000 967 3059 yravia
991 3013 1098 3047 non
1131 2998 1261 3062 ferri
1298 2997 1368 3047 ad
1403 3003 1634 3046 centrum
1672 2998 1893 3046 mundi?
1931 2998 2141 3049 Ratione
2181 3007 2230 3050 et
2271 3016 2358 3051 ex·-

104 3070 355 3131 perientia.
1110 3103 1118 3108 „

251 3142 426 3191 Proba
462 3145 674 3191 ratione.
750 3138 805 3191 Si
844 3156 1010 3192 verum
1050 3148 1202 3204 esset,
1227 3144 1425 3205 *gravia
1462 3143 1572 3191 ferri
1610 3141 1671 3191 ad
1713 3148 1927 3192 centrum
1965 3145 2161 3207 mundi,
2210 3160 2359 3196 causa

104 3213 252 3278 hujus
290 3221 450 3264 motus
490 3215 567 3264 vel
608 3221 737 3264 esset
763 3218 897 3263 e'xtra
935 3218 1108 3278 gravia
1136 3216 1214 3265 vel
1242 3218 1368 3264 intra
1404 3215 1504 3263 illa.
1581 3214 1769 3276 Quodsi
1809 3223 1958 3279 extra,
1999 3224 2115 3268 tunc
2148 3219 2227 3268 vel
2266 3236 2358 3268 na-

75 3286 275 3336 turalis
313 3294 455 3349 esset,
494 3288 709 3337 residens
733 3288 813 3337 vel
851 3289 1031 3350 inipso
1071 3287 1237 3336 mundi
1273 3293 1436 3337 centro
1476 3287 1556 3337 vel
1591 3289 1639 3335 in
1668 3292 2067 3354 extremitatibus,
2108 3293 2188 3341 vel
2232 3301 2360 3342 esset

105 3360 345 3422 violenta,
385 3367 581 3425 propter
618 3361 784 3410 mundi
823 3365 1023 3409 motum.
1097 3359 1309 3409 Rursum
1346 3362 1386 3409 si
1426 3374 1575 3410 causa
1622 3367 1784 3411 motus
1839 3370 1968 3413 esset
2005 3366 2222 3427 interna,
2277 3367 2355 3415 vel

107 3439 234 3496 esset
268 3435 504 3497 appetitio
544 3436 710 3495 centri,
751 3433 830 3483 vel
856 3434 973 3496 suga
1011 3433 1073 3481 ab
1101 3434 1489 3483 extremitatibus
1527 3435 1708 3483 mundi.
1785 3434 1852 3485 At
1879 3451 1987 3486 cum
2025 3438 2147 3486 nihil
2187 3439 2357 3488 horum

108 3518 212 3555 esse
242 3508 412 3569 possit,
450 3506 737 3570 relinquitur
774 3509 936 3570 igitur,
975 3512 1160 3554 motum
1198 3507 1420 3569 gravium
1457 3521 1553 3556 non
1595 3522 1701 3557 esse
1739 3509 1802 3557 ad
1841 3517 2057 3560 centrum
2097 3512 2283 3561 mundi.

253 3579 424 3643 Quare
461 3587 690 3629 centrum
739 3580 922 3629 mundi
971 3593 1076 3628 non
1120 3582 1278 3641 possit
1314 3581 1595 3644 attrahere,
1650 3588 1743 3630 aut
1793 3587 2080 3633 extremitas
2125 3586 2359 3646 repellere

105 3651 325 3712 mavia?
360 3650 488 3714 Quia
526 3659 741 3703 centrum
778 3653 901 3701 nihil
940 3658 1027 3713 est,
1066 3653 1159 3700 nisi
1195 3659 1427 3715 punctum
1465 3654 1890 3718 mathematicum,
1929 3664 1977 3707 et
2017 3672 2131 3706 vero
2171 3660 2219 3704 in
2258 3672 2354 3704 non

107 3735 303 3786 corpore
350 3724 487 3773 nulla
540 3727 613 3775 vis
662 3728 788 3775 inest
834 3724 897 3775 ad
948 3730 1131 3773 motum
1187 3725 1501 3775 inferendum.
1578 3727 1652 3776 Ac
1705 3742 1813 3777 cum
1853 3733 2179 3792 quantitatum
2223 3730 2358 3777 nulla

106 3795 171 3843 sit
206 3796 437 3859 efficacia,
476 3798 631 3847 multo
669 3800 829 3847 minus
869 3799 958 3847 erit
996 3797 1162 3860 aliqua
1199 3798 1417 3865 efficacia
1452 3802 1636 3864 puncti,
1682 3801 1812 3864 quod
1851 3817 1912 3851 ne
1953 3806 2201 3865 quantitas
2244 3804 2356 3862 qui-

108 3865 215 3916 dem
256 3874 356 3931 est,
396 3870 481 3919 sed
521 3873 753 3921 terminus
791 3871 963 3921 saltem
1002 3870 1186 3930 lineae,
1229 3874 1557 3932 quantitatum
1598 3874 1905 3924 exilissimac.
1987 3876 2170 3923 Eodem
2213 3875 2356 3922 modo

1910 3966 1927 4008 1
1949 3966 1963 4008 l
1984 3963 2013 3990 ·.”’(·
