<?xml version="1.0" encoding="UTF-8"?>
<!DOCTYPE html PUBLIC "-//W3C//DTD XHTML 1.0 Transitional//EN"
    "http://www.w3.org/TR/xhtml1/DTD/xhtml1-transitional.dtd">
<html xmlns="http://www.w3.org/1999/xhtml" xml:lang="en" lang="en">
 <head>
  <title>
</title>
<meta http-equiv="Content-Type" content="text/html;charset=utf-8" />
  <meta name='ocr-system' content='tesseract 3.04.00' />
  <meta name='ocr-capabilities' content='ocr_page ocr_carea ocr_par ocr_line ocrx_word'/>
</head>
<body>
  <div class='ocr_page' id='page_1' title='image "./operaomniaedidit06kepluoft_0112.png"; bbox 0 0 2554 4140; ppageno 0'>
   <div class='ocr_carea' id='block_1_1' title="bbox 107 3915 132 3930">
    <p class='ocr_par' dir='ltr' id='par_1_1' title="bbox 107 3915 132 3930">
     <span class='ocr_line' id='line_1_1' title="bbox 107 3915 132 3930; baseline 0 0"><span class='ocrx_word' id='word_1_1' title='bbox 107 3915 132 3930; x_wconf 57' lang='lat' dir='ltr'>Q</span> 
     </span>
    </p>
   </div>
   <div class='ocr_carea' id='block_1_2' title="bbox 182 123 1486 184">
    <p class='ocr_par' dir='ltr' id='par_1_2' title="bbox 182 123 1486 184">
     <span class='ocr_line' id='line_1_2' title="bbox 182 123 1486 184; baseline 0 -13"><span class='ocrx_word' id='word_1_2' title='bbox 182 131 248 184; x_wconf 79' lang='grc'><strong>98</strong></span> <span class='ocrx_word' id='word_1_3' title='bbox 1107 123 1296 184; x_wconf 86' lang='lat' dir='ltr'><strong>Kepleri</strong></span> <span class='ocrx_word' id='word_1_4' title='bbox 1325 125 1486 172; x_wconf 87' lang='lat' dir='ltr'><strong>Studia</strong></span> 
     </span>
    </p>
   </div>
   <div class='ocr_carea' id='block_1_3' title="bbox 177 274 2434 1285">
    <p class='ocr_par' dir='ltr' id='par_1_3' title="bbox 177 274 2433 475">
     <span class='ocr_line' id='line_1_3' title="bbox 181 274 2433 341; baseline -0.002 -12"><span class='ocrx_word' id='word_1_5' title='bbox 181 281 308 334; x_wconf 89' lang='lat' dir='ltr'><strong>circa</strong></span> <span class='ocrx_word' id='word_1_6' title='bbox 343 277 512 341; x_wconf 91' lang='lat' dir='ltr'><strong>polum</strong></span> <span class='ocrx_word' id='word_1_7' title='bbox 550 291 734 338; x_wconf 89' lang='lat' dir='ltr'><strong>verum,</strong></span> <span class='ocrx_word' id='word_1_8' title='bbox 774 282 1055 326; x_wconf 87' lang='lat' dir='ltr'><strong>nontamen</strong></span> <span class='ocrx_word' id='word_1_9' title='bbox 1097 278 1308 338; x_wconf 88' lang='lat' dir='ltr'><strong>omnino,</strong></span> <span class='ocrx_word' id='word_1_10' title='bbox 1350 277 1466 338; x_wconf 93' lang='lat' dir='ltr'><strong>quia</strong></span> <span class='ocrx_word' id='word_1_11' title='bbox 1502 279 1718 324; x_wconf 87' lang='lat' dir='ltr'><strong>mutatur</strong></span> <span class='ocrx_word' id='word_1_12' title='bbox 1758 274 2019 324; x_wconf 80' lang='lat' dir='ltr'>declinatio</span> <span class='ocrx_word' id='word_1_13' title='bbox 2057 277 2340 339; x_wconf 83' lang='lat' dir='ltr'><strong>eclipticae3</strong></span> <span class='ocrx_word' id='word_1_14' title='bbox 2385 282 2433 325; x_wconf 88' lang='lat' dir='ltr'><strong>ct</strong></span> 
     </span>
     <span class='ocr_line' id='line_1_4' title="bbox 178 347 2430 414; baseline -0.001 -14"><span class='ocrx_word' id='word_1_15' title='bbox 178 350 498 414; x_wconf 85' lang='lat' dir='ltr'><strong>inaequaliter</strong></span> <span class='ocrx_word' id='word_1_16' title='bbox 536 364 596 399; x_wconf 85' lang='lat' dir='ltr'><strong>ex</strong></span> <span class='ocrx_word' id='word_1_17' title='bbox 633 351 974 399; x_wconf 88' lang='lat' dir='ltr'><strong>observatione</strong></span> <span class='ocrx_word' id='word_1_18' title='bbox 1010 349 1296 399; x_wconf 84' lang='lat' dir='ltr'>Ptolemaei.</span> <span class='ocrx_word' id='word_1_19' title='bbox 1373 347 1471 397; x_wconf 86' lang='lat' dir='ltr'><strong>Sed</strong></span> <span class='ocrx_word' id='word_1_20' title='bbox 1511 348 1727 410; x_wconf 90' lang='lat' dir='ltr'><strong>dubium,</strong></span> <span class='ocrx_word' id='word_1_21' title='bbox 1767 363 1829 396; x_wconf 90' lang='lat' dir='ltr'><strong>an</strong></span> <span class='ocrx_word' id='word_1_22' title='bbox 1868 350 1994 398; x_wconf 86' lang='lat' dir='ltr'><strong>circa</strong></span> <span class='ocrx_word' id='word_1_23' title='bbox 2019 349 2169 398; x_wconf 89' lang='lat' dir='ltr'><strong>ullum</strong></span> <span class='ocrx_word' id='word_1_24' title='bbox 2194 356 2430 412; x_wconf 89' lang='lat' dir='ltr'><strong>punctum</strong></span> 
     </span>
     <span class='ocr_line' id='line_1_5' title="bbox 177 423 575 475; baseline 0.005 -2"><span class='ocrx_word' id='word_1_25' title='bbox 177 425 325 473; x_wconf 86' lang='lat' dir='ltr'><strong>fixum</strong></span> <span class='ocrx_word' id='word_1_26' title='bbox 363 425 413 471; x_wconf 89' lang='lat' dir='ltr'><strong>in</strong></span> <span class='ocrx_word' id='word_1_27' title='bbox 449 423 575 475; x_wconf 86' lang='lat' dir='ltr'><strong>fixis.</strong></span> 
     </span>
    </p>

    <p class='ocr_par' dir='ltr' id='par_1_4' title="bbox 185 493 2433 630">
     <span class='ocr_line' id='line_1_6' title="bbox 324 493 2433 560; baseline -0.001 -14"><span class='ocrx_word' id='word_1_28' title='bbox 324 495 377 546; x_wconf 87' lang='lat' dir='ltr'><strong>Si</strong></span> <span class='ocrx_word' id='word_1_29' title='bbox 414 495 701 560; x_wconf 78' lang='lat' dir='ltr'><strong>hypothesis</strong></span> <span class='ocrx_word' id='word_1_30' title='bbox 741 502 870 546; x_wconf 91' lang='lat' dir='ltr'><strong>esset</strong></span> <span class='ocrx_word' id='word_1_31' title='bbox 904 510 1035 556; x_wconf 89' lang='lat' dir='ltr'><strong>vera,</strong></span> <span class='ocrx_word' id='word_1_32' title='bbox 1075 495 1287 542; x_wconf 86' lang='lat' dir='ltr'><strong>futurum</strong></span> <span class='ocrx_word' id='word_1_33' title='bbox 1329 499 1482 553; x_wconf 89' lang='lat' dir='ltr'><strong>esset,</strong></span> <span class='ocrx_word' id='word_1_34' title='bbox 1524 499 1578 541; x_wconf 92' lang='lat' dir='ltr'><strong>ut</strong></span> <span class='ocrx_word' id='word_1_35' title='bbox 1616 493 1871 556; x_wconf 81' lang='lat' dir='ltr'><strong>eclipticas</strong></span> <span class='ocrx_word' id='word_1_36' title='bbox 1912 494 2178 556; x_wconf 76' lang='lat' dir='ltr'>obliquitas</span> <span class='ocrx_word' id='word_1_37' title='bbox 2216 495 2433 543; x_wconf 87' lang='lat' dir='ltr'><strong>variare-</strong></span> 
     </span>
     <span class='ocr_line' id='line_1_7' title="bbox 185 565 2428 630; baseline -0.002 -12"><span class='ocrx_word' id='word_1_38' title='bbox 185 576 262 618; x_wconf 89' lang='lat' dir='ltr'><strong>tur</strong></span> <span class='ocrx_word' id='word_1_39' title='bbox 299 570 449 619; x_wconf 89' lang='lat' dir='ltr'><strong>etiam</strong></span> <span class='ocrx_word' id='word_1_40' title='bbox 473 567 601 618; x_wconf 89' lang='lat' dir='ltr'><strong>ultra</strong></span> <span class='ocrx_word' id='word_1_41' title='bbox 626 571 946 618; x_wconf 80' lang='lat' dir='ltr'><strong>variationem</strong></span> <span class='ocrx_word' id='word_1_42' title='bbox 967 566 1238 616; x_wconf 90' lang='lat' dir='ltr'><strong>latitudinis</strong></span> <span class='ocrx_word' id='word_1_43' title='bbox 1271 565 1538 627; x_wconf 88' lang='lat' dir='ltr'><strong>stellarum,</strong></span> <span class='ocrx_word' id='word_1_44' title='bbox 1578 574 1812 628; x_wconf 84' lang='lat' dir='ltr'><strong>quantam</strong></span> <span class='ocrx_word' id='word_1_45' title='bbox 1838 565 1984 615; x_wconf 88' lang='lat' dir='ltr'><strong>hodie</strong></span> <span class='ocrx_word' id='word_1_46' title='bbox 2010 566 2428 630; x_wconf 78' lang='lat' dir='ltr'><strong>deprehendimus.</strong></span> 
     </span>
    </p>

    <p class='ocr_par' dir='ltr' id='par_1_5' title="bbox 177 638 2434 1216">
     <span class='ocr_line' id='line_1_8' title="bbox 323 638 2433 703; baseline -0.001 -13"><span class='ocrx_word' id='word_1_47' title='bbox 323 642 470 691; x_wconf 92' lang='lat' dir='ltr'><strong>Alia</strong></span> <span class='ocrx_word' id='word_1_48' title='bbox 507 642 854 691; x_wconf 80' lang='lat' dir='ltr'><strong>meditatio,</strong></span> <span class='ocrx_word' id='word_1_49' title='bbox 931 642 1102 689; x_wconf 90' lang='lat' dir='ltr'><strong>Annus</strong></span> <span class='ocrx_word' id='word_1_50' title='bbox 1153 640 1367 701; x_wconf 88' lang='lat' dir='ltr'><strong>tropicus</strong></span> <span class='ocrx_word' id='word_1_51' title='bbox 1421 638 1598 701; x_wconf 90' lang='lat' dir='ltr'><strong>longus</strong></span> <span class='ocrx_word' id='word_1_52' title='bbox 1654 638 1885 700; x_wconf 88' lang='lat' dir='ltr'><strong>efficitur,</strong></span> <span class='ocrx_word' id='word_1_53' title='bbox 1937 654 2045 688; x_wconf 90' lang='lat' dir='ltr'><strong>cum</strong></span> <span class='ocrx_word' id='word_1_54' title='bbox 2098 641 2221 703; x_wconf 81' lang='lat' dir='ltr'><strong>fugit</strong></span> <span class='ocrx_word' id='word_1_55' title='bbox 2273 642 2433 703; x_wconf 90' lang='lat' dir='ltr'><strong>ipsum</strong></span> 
     </span>
     <span class='ocr_line' id='line_1_9' title="bbox 179 712 2432 777; baseline -0.001 -14"><span class='ocrx_word' id='word_1_56' title='bbox 179 713 344 763; x_wconf 88' lang='lat' dir='ltr'><strong>Solem</strong></span> <span class='ocrx_word' id='word_1_57' title='bbox 382 716 614 764; x_wconf 90' lang='lat' dir='ltr'><strong>terminus</strong></span> <span class='ocrx_word' id='word_1_58' title='bbox 654 730 741 764; x_wconf 90' lang='lat' dir='ltr'><strong>seu</strong></span> <span class='ocrx_word' id='word_1_59' title='bbox 780 715 1166 777; x_wconf 78' lang='lat' dir='ltr'><strong>aequinoctium,</strong></span> <span class='ocrx_word' id='word_1_60' title='bbox 1222 713 1413 772; x_wconf 92' lang='lat' dir='ltr'><strong>brevis,</strong></span> <span class='ocrx_word' id='word_1_61' title='bbox 1464 725 1573 760; x_wconf 91' lang='lat' dir='ltr'><strong>cum</strong></span> <span class='ocrx_word' id='word_1_62' title='bbox 1614 712 1810 760; x_wconf 89' lang='lat' dir='ltr'><strong>obviam</strong></span> <span class='ocrx_word' id='word_1_63' title='bbox 1849 713 1895 760; x_wconf 86' lang='lat' dir='ltr'><strong>ei</strong></span> <span class='ocrx_word' id='word_1_64' title='bbox 1928 712 2162 775; x_wconf 82' lang='lat' dir='ltr'><strong>procedit.</strong></span> <span class='ocrx_word' id='word_1_65' title='bbox 2241 713 2432 775; x_wconf 90' lang='lat' dir='ltr'><strong>Aequi-</strong></span> 
     </span>
     <span class='ocr_line' id='line_1_10' title="bbox 181 783 2433 852; baseline -0.001 -18"><span class='ocrx_word' id='word_1_66' title='bbox 181 790 397 836; x_wconf 86' lang='lat' dir='ltr'><strong>noctium</strong></span> <span class='ocrx_word' id='word_1_67' title='bbox 435 789 583 850; x_wconf 89' lang='lat' dir='ltr'><strong>igitur</strong></span> <span class='ocrx_word' id='word_1_68' title='bbox 619 794 835 852; x_wconf 85' lang='lat' dir='ltr'><strong>tempore</strong></span> <span class='ocrx_word' id='word_1_69' title='bbox 875 786 1146 835; x_wconf 85' lang='lat' dir='ltr'><strong>Ptolemaei</strong></span> <span class='ocrx_word' id='word_1_70' title='bbox 1195 786 1339 832; x_wconf 89' lang='lat' dir='ltr'><strong>iverit</strong></span> <span class='ocrx_word' id='word_1_71' title='bbox 1375 785 1425 831; x_wconf 91' lang='lat' dir='ltr'><strong>in</strong></span> <span class='ocrx_word' id='word_1_72' title='bbox 1465 786 1735 847; x_wconf 89' lang='lat' dir='ltr'><strong>sequentia.</strong></span> <span class='ocrx_word' id='word_1_73' title='bbox 1812 783 1928 832; x_wconf 80' lang='lat' dir='ltr'><strong>Alio</strong></span> <span class='ocrx_word' id='word_1_74' title='bbox 1964 787 2129 847; x_wconf 89' lang='lat' dir='ltr'><strong>initio,</strong></span> <span class='ocrx_word' id='word_1_75' title='bbox 2183 786 2223 833; x_wconf 91' lang='lat' dir='ltr'><strong>si</strong></span> <span class='ocrx_word' id='word_1_76' title='bbox 2261 784 2433 834; x_wconf 89' lang='lat' dir='ltr'><strong>latitu-</strong></span> 
     </span>
     <span class='ocr_line' id='line_1_11' title="bbox 179 857 2431 922; baseline -0.002 -13"><span class='ocrx_word' id='word_1_77' title='bbox 179 860 303 909; x_wconf 87' lang='lat' dir='ltr'><strong>dinis</strong></span> <span class='ocrx_word' id='word_1_78' title='bbox 341 860 544 910; x_wconf 83' lang='lat' dir='ltr'><strong>fixarum</strong></span> <span class='ocrx_word' id='word_1_79' title='bbox 584 863 791 909; x_wconf 86' lang='lat' dir='ltr'><strong>variatio</strong></span> <span class='ocrx_word' id='word_1_80' title='bbox 841 865 914 908; x_wconf 91' lang='lat' dir='ltr'><strong>est</strong></span> <span class='ocrx_word' id='word_1_81' title='bbox 963 874 992 908; x_wconf 92' lang='lat' dir='ltr'><strong>a</strong></span> <span class='ocrx_word' id='word_1_82' title='bbox 1030 871 1291 922; x_wconf 86' lang='lat' dir='ltr'><strong>progressu</strong></span> <span class='ocrx_word' id='word_1_83' title='bbox 1329 857 1592 919; x_wconf 89' lang='lat' dir='ltr'><strong>nodorum,</strong></span> <span class='ocrx_word' id='word_1_84' title='bbox 1650 857 1752 906; x_wconf 91' lang='lat' dir='ltr'><strong>illic</strong></span> <span class='ocrx_word' id='word_1_85' title='bbox 1795 859 1943 920; x_wconf 89' lang='lat' dir='ltr'><strong>igitur</strong></span> <span class='ocrx_word' id='word_1_86' title='bbox 1989 866 2103 907; x_wconf 89' lang='lat' dir='ltr'><strong>sunt</strong></span> <span class='ocrx_word' id='word_1_87' title='bbox 2153 858 2295 918; x_wconf 92' lang='lat' dir='ltr'><strong>nodi,</strong></span> <span class='ocrx_word' id='word_1_88' title='bbox 2345 859 2431 906; x_wconf 88' lang='lat' dir='ltr'><strong>ubi</strong></span> 
     </span>
     <span class='ocr_line' id='line_1_12' title="bbox 183 929 2434 994; baseline -0.001 -12"><span class='ocrx_word' id='word_1_89' title='bbox 183 933 399 983; x_wconf 89' lang='lat' dir='ltr'><strong>decrevit</strong></span> <span class='ocrx_word' id='word_1_90' title='bbox 434 932 673 994; x_wconf 72' lang='lat' dir='ltr'><strong>latitud&#39;0,</strong></span> <span class='ocrx_word' id='word_1_91' title='bbox 714 935 781 981; x_wconf 90' lang='lat' dir='ltr'><strong>ibi</strong></span> <span class='ocrx_word' id='word_1_92' title='bbox 822 931 1025 992; x_wconf 76' lang='lat' dir='ltr'><strong>limiteS,</strong></span> <span class='ocrx_word' id='word_1_93' title='bbox 1067 931 1150 979; x_wconf 92' lang='lat' dir='ltr'><strong>ubi</strong></span> <span class='ocrx_word' id='word_1_94' title='bbox 1188 929 1310 978; x_wconf 87' lang='lat' dir='ltr'><strong>nihil</strong></span> <span class='ocrx_word' id='word_1_95' title='bbox 1351 931 1582 981; x_wconf 82' lang='lat' dir='ltr'><strong>decrevit.</strong></span> <span class='ocrx_word' id='word_1_96' title='bbox 1658 930 1755 979; x_wconf 90' lang='lat' dir='ltr'><strong>Sed</strong></span> <span class='ocrx_word' id='word_1_97' title='bbox 1795 930 2225 993; x_wconf 86' lang='lat' dir='ltr'><strong>aequinoctialium</strong></span> <span class='ocrx_word' id='word_1_98' title='bbox 2263 931 2434 979; x_wconf 87' lang='lat' dir='ltr'><strong>stella·-</strong></span> 
     </span>
     <span class='ocr_line' id='line_1_13' title="bbox 177 1003 2433 1067; baseline -0 -13"><span class='ocrx_word' id='word_1_99' title='bbox 177 1021 283 1054; x_wconf 91' lang='lat' dir='ltr'><strong>rum</strong></span> <span class='ocrx_word' id='word_1_100' title='bbox 321 1020 418 1055; x_wconf 90' lang='lat' dir='ltr'><strong>non</strong></span> <span class='ocrx_word' id='word_1_101' title='bbox 458 1013 532 1056; x_wconf 91' lang='lat' dir='ltr'><strong>est</strong></span> <span class='ocrx_word' id='word_1_102' title='bbox 568 1007 760 1055; x_wconf 88' lang='lat' dir='ltr'><strong>variata</strong></span> <span class='ocrx_word' id='word_1_103' title='bbox 795 1005 1022 1065; x_wconf 91' lang='lat' dir='ltr'><strong>latitudo,</strong></span> <span class='ocrx_word' id='word_1_104' title='bbox 1063 1005 1255 1052; x_wconf 90' lang='lat' dir='ltr'><strong>variata</strong></span> <span class='ocrx_word' id='word_1_105' title='bbox 1293 1010 1368 1052; x_wconf 87' lang='lat' dir='ltr'><strong>est</strong></span> <span class='ocrx_word' id='word_1_106' title='bbox 1404 1003 1750 1053; x_wconf 81' lang='lat' dir='ltr'><strong>solstitialium.</strong></span> <span class='ocrx_word' id='word_1_107' title='bbox 1826 1004 1982 1067; x_wconf 88' lang='lat' dir='ltr'><strong>Igitur</strong></span> <span class='ocrx_word' id='word_1_108' title='bbox 2006 1003 2121 1053; x_wconf 91' lang='lat' dir='ltr'><strong>nodi</strong></span> <span class='ocrx_word' id='word_1_109' title='bbox 2156 1011 2270 1052; x_wconf 89' lang='lat' dir='ltr'><strong>sunt</strong></span> <span class='ocrx_word' id='word_1_110' title='bbox 2308 1005 2433 1053; x_wconf 90' lang='lat' dir='ltr'><strong>circa</strong></span> 
     </span>
     <span class='ocr_line' id='line_1_14' title="bbox 182 1076 2433 1141; baseline -0 -14"><span class='ocrx_word' id='word_1_111' title='bbox 182 1079 439 1129; x_wconf 71' lang='lat' dir='ltr'><strong>solantia.-</strong></span> <span class='ocrx_word' id='word_1_112' title='bbox 487 1080 540 1127; x_wconf 90' lang='lat' dir='ltr'><strong>Si</strong></span> <span class='ocrx_word' id='word_1_113' title='bbox 577 1078 692 1127; x_wconf 93' lang='lat' dir='ltr'><strong>nodi</strong></span> <span class='ocrx_word' id='word_1_114' title='bbox 732 1079 858 1127; x_wconf 91' lang='lat' dir='ltr'><strong>circa</strong></span> <span class='ocrx_word' id='word_1_115' title='bbox 896 1078 1132 1137; x_wconf 88' lang='lat' dir='ltr'><strong>solstitia,</strong></span> <span class='ocrx_word' id='word_1_116' title='bbox 1186 1090 1301 1139; x_wconf 87' lang='lat' dir='ltr'><strong>ergo</strong></span> <span class='ocrx_word' id='word_1_117' title='bbox 1341 1076 1569 1125; x_wconf 89' lang='lat' dir='ltr'><strong>coincidit</strong></span> <span class='ocrx_word' id='word_1_118' title='bbox 1620 1092 1737 1126; x_wconf 86' lang='lat' dir='ltr'><strong>vera</strong></span> <span class='ocrx_word' id='word_1_119' title='bbox 1784 1082 1833 1125; x_wconf 92' lang='lat' dir='ltr'><strong>et</strong></span> <span class='ocrx_word' id='word_1_120' title='bbox 1870 1077 2031 1127; x_wconf 82' lang='lat' dir='ltr'><strong>media</strong></span> <span class='ocrx_word' id='word_1_121' title='bbox 2079 1078 2147 1126; x_wconf 92' lang='lat' dir='ltr'><strong>ibi</strong></span> <span class='ocrx_word' id='word_1_122' title='bbox 2188 1076 2433 1141; x_wconf 80' lang='lat' dir='ltr'><strong>ecliptica3</strong></span> 
     </span>
     <span class='ocr_line' id='line_1_15' title="bbox 186 1149 2046 1216; baseline -0.001 -14"><span class='ocrx_word' id='word_1_123' title='bbox 186 1166 304 1216; x_wconf 89' lang='lat' dir='ltr'><strong>crgo</strong></span> <span class='ocrx_word' id='word_1_124' title='bbox 342 1151 443 1216; x_wconf 90' lang='lat' dir='ltr'><strong>poli</strong></span> <span class='ocrx_word' id='word_1_125' title='bbox 479 1153 581 1200; x_wconf 91' lang='lat' dir='ltr'><strong>bini</strong></span> <span class='ocrx_word' id='word_1_126' title='bbox 622 1152 952 1215; x_wconf 91' lang='lat' dir='ltr'><strong>eclipticarum</strong></span> <span class='ocrx_word' id='word_1_127' title='bbox 990 1150 1170 1199; x_wconf 89' lang='lat' dir='ltr'><strong>lineam</strong></span> <span class='ocrx_word' id='word_1_128' title='bbox 1207 1149 1474 1198; x_wconf 87' lang='lat' dir='ltr'><strong>extendunt</strong></span> <span class='ocrx_word' id='word_1_129' title='bbox 1511 1165 1689 1199; x_wconf 86' lang='lat' dir='ltr'><strong>versus</strong></span> <span class='ocrx_word' id='word_1_130' title='bbox 1721 1151 2046 1213; x_wconf 88' lang='lat' dir='ltr'><strong>aequinoctia.</strong></span> 
     </span>
    </p>

    <p class='ocr_par' dir='ltr' id='par_1_6' title="bbox 323 1221 2430 1285">
     <span class='ocr_line' id='line_1_16' title="bbox 323 1221 2430 1285; baseline -0 -12"><span class='ocrx_word' id='word_1_131' title='bbox 323 1226 397 1273; x_wconf 85' lang='lat' dir='ltr'><strong>Ex</strong></span> <span class='ocrx_word' id='word_1_132' title='bbox 434 1225 509 1274; x_wconf 89' lang='lat' dir='ltr'><strong>his</strong></span> <span class='ocrx_word' id='word_1_133' title='bbox 550 1227 774 1274; x_wconf 89' lang='lat' dir='ltr'><strong>omnibus</strong></span> <span class='ocrx_word' id='word_1_134' title='bbox 814 1225 1064 1272; x_wconf 84' lang='lat' dir='ltr'><strong>uniformis</strong></span> <span class='ocrx_word' id='word_1_135' title='bbox 1104 1224 1268 1272; x_wconf 86' lang='lat' dir='ltr'><strong>existit</strong></span> <span class='ocrx_word' id='word_1_136' title='bbox 1302 1225 1510 1272; x_wconf 90' lang='lat' dir='ltr'><strong>mutatio</strong></span> <span class='ocrx_word' id='word_1_137' title='bbox 1538 1226 1652 1271; x_wconf 89' lang='lat' dir='ltr'><strong>anni</strong></span> <span class='ocrx_word' id='word_1_138' title='bbox 1691 1238 1721 1271; x_wconf 91' lang='lat' dir='ltr'><strong>a</strong></span> <span class='ocrx_word' id='word_1_139' title='bbox 1745 1221 2030 1272; x_wconf 90' lang='lat' dir='ltr'><strong>Ptolemaeo</strong></span> <span class='ocrx_word' id='word_1_140' title='bbox 2068 1222 2132 1271; x_wconf 90' lang='lat' dir='ltr'><strong>ad</strong></span> <span class='ocrx_word' id='word_1_141' title='bbox 2158 1237 2247 1272; x_wconf 88' lang='lat' dir='ltr'><strong>nos</strong></span> <span class='ocrx_word' id='word_1_142' title='bbox 2273 1237 2430 1285; x_wconf 86' lang='lat' dir='ltr'><strong>caque</strong></span> 
     </span>
    </p>
   </div>
   <div class='ocr_carea' id='block_1_4' title="bbox 139 1295 2435 1362">
    <p class='ocr_par' dir='ltr' id='par_1_7' title="bbox 139 1295 2435 1362">
     <span class='ocr_line' id='line_1_17' title="bbox 139 1295 2435 1362; baseline -0.002 -15"><span class='ocrx_word' id='word_1_143' title='bbox 139 1332 145 1338; x_wconf 75' lang='lat'><strong>·</strong></span> <span class='ocrx_word' id='word_1_144' title='bbox 186 1300 379 1347; x_wconf 91' lang='lat' dir='ltr'><strong>omnino</strong></span> <span class='ocrx_word' id='word_1_145' title='bbox 421 1298 732 1347; x_wconf 90' lang='lat' dir='ltr'><strong>insensibilis.</strong></span> <span class='ocrx_word' id='word_1_146' title='bbox 812 1297 941 1346; x_wconf 91' lang='lat' dir='ltr'><strong>Hinc</strong></span> <span class='ocrx_word' id='word_1_147' title='bbox 979 1299 1176 1346; x_wconf 80' lang='lat' dir='ltr'><strong>axioma</strong></span> <span class='ocrx_word' id='word_1_148' title='bbox 1211 1295 1311 1343; x_wconf 88' lang='lat' dir='ltr'><strong>IV:</strong></span> <span class='ocrx_word' id='word_1_149' title='bbox 1351 1297 1558 1344; x_wconf 91' lang='lat' dir='ltr'><strong>mutatio</strong></span> <span class='ocrx_word' id='word_1_150' title='bbox 1598 1295 1903 1358; x_wconf 85' lang='lat' dir='ltr'><strong>obliquitatis</strong></span> <span class='ocrx_word' id='word_1_151' title='bbox 1943 1297 2197 1362; x_wconf 90' lang='lat' dir='ltr'><strong>eclipticae</strong></span> <span class='ocrx_word' id='word_1_152' title='bbox 2230 1301 2279 1345; x_wconf 90' lang='lat' dir='ltr'><strong>et</strong></span> <span class='ocrx_word' id='word_1_153' title='bbox 2318 1295 2435 1344; x_wconf 87' lang='lat' dir='ltr'><strong>lati-</strong></span> 
     </span>
    </p>
   </div>
   <div class='ocr_carea' id='block_1_5' title="bbox 181 1369 2434 1508">
    <p class='ocr_par' dir='ltr' id='par_1_8' title="bbox 181 1369 2434 1508">
     <span class='ocr_line' id='line_1_18' title="bbox 181 1369 2434 1437; baseline -0.002 -17"><span class='ocrx_word' id='word_1_154' title='bbox 181 1372 365 1420; x_wconf 88' lang='lat' dir='ltr'><strong>tudinis</strong></span> <span class='ocrx_word' id='word_1_155' title='bbox 404 1370 680 1429; x_wconf 90' lang='lat' dir='ltr'><strong>stellarum,</strong></span> <span class='ocrx_word' id='word_1_156' title='bbox 729 1385 814 1437; x_wconf 79' lang='lat' dir='ltr'><strong>per</strong></span> <span class='ocrx_word' id='word_1_157' title='bbox 852 1372 1208 1434; x_wconf 85' lang='lat' dir='ltr'><strong>promotionem</strong></span> <span class='ocrx_word' id='word_1_158' title='bbox 1246 1369 1484 1418; x_wconf 87' lang='lat' dir='ltr'><strong>nodorum</strong></span> <span class='ocrx_word' id='word_1_159' title='bbox 1523 1371 1770 1431; x_wconf 88' lang='lat' dir='ltr'><strong>instituta,</strong></span> <span class='ocrx_word' id='word_1_160' title='bbox 1819 1369 1941 1417; x_wconf 86' lang='lat' dir='ltr'><strong>nihil</strong></span> <span class='ocrx_word' id='word_1_161' title='bbox 1976 1376 2135 1418; x_wconf 88' lang='lat' dir='ltr'><strong>mutat</strong></span> <span class='ocrx_word' id='word_1_162' title='bbox 2171 1371 2218 1417; x_wconf 90' lang='lat' dir='ltr'><strong>in</strong></span> <span class='ocrx_word' id='word_1_163' title='bbox 2259 1370 2434 1432; x_wconf 87' lang='lat' dir='ltr'><strong>aequi-</strong></span> 
     </span>
     <span class='ocr_line' id='line_1_19' title="bbox 182 1442 2434 1508; baseline -0.001 -16"><span class='ocrx_word' id='word_1_164' title='bbox 182 1445 369 1504; x_wconf 77' lang='lat' dir='ltr'><strong>noctiiS,</strong></span> <span class='ocrx_word' id='word_1_165' title='bbox 411 1458 561 1507; x_wconf 85' lang='lat' dir='ltr'><strong>quare</strong></span> <span class='ocrx_word' id='word_1_166' title='bbox 599 1458 690 1493; x_wconf 90' lang='lat' dir='ltr'><strong>nec</strong></span> <span class='ocrx_word' id='word_1_167' title='bbox 725 1446 778 1493; x_wconf 89' lang='lat' dir='ltr'><strong>in</strong></span> <span class='ocrx_word' id='word_1_168' title='bbox 813 1443 1120 1507; x_wconf 87' lang='lat' dir='ltr'><strong>longitudine</strong></span> <span class='ocrx_word' id='word_1_169' title='bbox 1160 1443 1291 1508; x_wconf 81' lang='lat' dir='ltr'><strong>anni.</strong></span> <span class='ocrx_word' id='word_1_170' title='bbox 1368 1442 1526 1491; x_wconf 88' lang='lat' dir='ltr'><strong>Aliter</strong></span> <span class='ocrx_word' id='word_1_171' title='bbox 1562 1457 1704 1506; x_wconf 88' lang='lat' dir='ltr'><strong>ergo,</strong></span> <span class='ocrx_word' id='word_1_172' title='bbox 1746 1455 1844 1491; x_wconf 93' lang='lat' dir='ltr'><strong>non</strong></span> <span class='ocrx_word' id='word_1_173' title='bbox 1881 1457 1969 1506; x_wconf 89' lang='lat' dir='ltr'><strong>per</strong></span> <span class='ocrx_word' id='word_1_174' title='bbox 2002 1444 2240 1492; x_wconf 86' lang='lat' dir='ltr'><strong>rationem</strong></span> <span class='ocrx_word' id='word_1_175' title='bbox 2278 1448 2434 1491; x_wconf 89' lang='lat' dir='ltr'><strong>retro·</strong></span> 
     </span>
    </p>
   </div>
   <div class='ocr_carea' id='block_1_6' title="bbox 83 1512 2431 1582">
    <p class='ocr_par' dir='ltr' id='par_1_9' title="bbox 83 1512 2431 1582">
     <span class='ocr_line' id='line_1_20' title="bbox 83 1512 2431 1582; baseline -0.002 -16"><span class='ocrx_word' id='word_1_176' title='bbox 83 1559 89 1563; x_wconf 17' lang='lat'><strong>⁷.</strong></span> <span class='ocrx_word' id='word_1_177' title='bbox 180 1518 412 1566; x_wconf 83' lang='lat' dir='ltr'><strong>cessionis</strong></span> <span class='ocrx_word' id='word_1_178' title='bbox 451 1517 702 1579; x_wconf 91' lang='lat' dir='ltr'><strong>nodorum,</strong></span> <span class='ocrx_word' id='word_1_179' title='bbox 742 1516 830 1565; x_wconf 90' lang='lat' dir='ltr'><strong>sed</strong></span> <span class='ocrx_word' id='word_1_180' title='bbox 868 1532 953 1582; x_wconf 88' lang='lat' dir='ltr'><strong>per</strong></span> <span class='ocrx_word' id='word_1_181' title='bbox 991 1514 1239 1569; x_wconf 87' lang='lat' dir='ltr'><strong>circellum</strong></span> <span class='ocrx_word' id='word_1_182' title='bbox 1278 1514 1633 1579; x_wconf 82' lang='lat' dir='ltr'><strong>trepidationis,</strong></span> <span class='ocrx_word' id='word_1_183' title='bbox 1709 1514 1784 1564; x_wconf 89' lang='lat' dir='ltr'><strong>Sit</strong></span> <span class='ocrx_word' id='word_1_184' title='bbox 1818 1515 1963 1579; x_wconf 90' lang='lat' dir='ltr'><strong>polus</strong></span> <span class='ocrx_word' id='word_1_185' title='bbox 2002 1517 2050 1563; x_wconf 91' lang='lat' dir='ltr'><strong>in</strong></span> <span class='ocrx_word' id='word_1_186' title='bbox 2078 1512 2139 1565; x_wconf 91' lang='lat'><strong>0⁰</strong></span> <span class='ocrx_word' id='word_1_187' title='bbox 2162 1512 2229 1582; x_wconf 60' lang='lat' dir='ltr'>G</span> <span class='ocrx_word' id='word_1_188' title='bbox 2268 1514 2431 1564; x_wconf 90' lang='lat' dir='ltr'><strong>medio</strong></span> 
     </span>
    </p>
   </div>
   <div class='ocr_carea' id='block_1_7' title="bbox 171 1589 2434 2517">
    <p class='ocr_par' dir='ltr' id='par_1_10' title="bbox 171 1589 2434 2517">
     <span class='ocr_line' id='line_1_21' title="bbox 182 1589 2434 1655; baseline -0.001 -16"><span class='ocrx_word' id='word_1_189' title='bbox 182 1589 374 1651; x_wconf 89' lang='lat' dir='ltr'><strong>circelli,</strong></span> <span class='ocrx_word' id='word_1_190' title='bbox 416 1591 679 1639; x_wconf 89' lang='lat' dir='ltr'><strong>circumeat</strong></span> <span class='ocrx_word' id='word_1_191' title='bbox 717 1590 859 1655; x_wconf 87' lang='lat' dir='ltr'><strong>polus</strong></span> <span class='ocrx_word' id='word_1_192' title='bbox 898 1605 1041 1639; x_wconf 88' lang='lat' dir='ltr'><strong>verus</strong></span> <span class='ocrx_word' id='word_1_193' title='bbox 1079 1592 1130 1636; x_wconf 91' lang='lat' dir='ltr'><strong>in</strong></span> <span class='ocrx_word' id='word_1_194' title='bbox 1167 1595 1303 1652; x_wconf 88' lang='lat' dir='ltr'><strong>parte</strong></span> <span class='ocrx_word' id='word_1_195' title='bbox 1341 1590 1599 1639; x_wconf 86' lang='lat' dir='ltr'><strong>remotiore</strong></span> <span class='ocrx_word' id='word_1_196' title='bbox 1618 1591 1668 1637; x_wconf 92' lang='lat' dir='ltr'><strong>in</strong></span> <span class='ocrx_word' id='word_1_197' title='bbox 1695 1590 2059 1652; x_wconf 87' lang='lat' dir='ltr'><strong>consequentia,</strong></span> <span class='ocrx_word' id='word_1_198' title='bbox 2100 1595 2169 1649; x_wconf 91' lang='lat' dir='ltr'><strong>ut,</strong></span> <span class='ocrx_word' id='word_1_199' title='bbox 2211 1603 2319 1638; x_wconf 91' lang='lat' dir='ltr'><strong>cum</strong></span> <span class='ocrx_word' id='word_1_200' title='bbox 2358 1594 2434 1638; x_wconf 86' lang='lat' dir='ltr'><strong>est</strong></span> 
     </span>
     <span class='ocr_line' id='line_1_22' title="bbox 177 1661 2431 1727; baseline -0 -16"><span class='ocrx_word' id='word_1_201' title='bbox 177 1666 391 1713; x_wconf 87' lang='lat' dir='ltr'><strong>maxima</strong></span> <span class='ocrx_word' id='word_1_202' title='bbox 429 1662 706 1726; x_wconf 87' lang='lat' dir='ltr'><strong>obliquitas,</strong></span> <span class='ocrx_word' id='word_1_203' title='bbox 745 1665 956 1712; x_wconf 83' lang='lat' dir='ltr'><strong>maxime</strong></span> <span class='ocrx_word' id='word_1_204' title='bbox 993 1668 1338 1727; x_wconf 87' lang='lat' dir='ltr'><strong>promoveatur</strong></span> <span class='ocrx_word' id='word_1_205' title='bbox 1376 1664 1752 1725; x_wconf 87' lang='lat' dir='ltr'><strong>aequinoctium.</strong></span> <span class='ocrx_word' id='word_1_206' title='bbox 1829 1662 1906 1711; x_wconf 88' lang='lat' dir='ltr'><strong>Ita</strong></span> <span class='ocrx_word' id='word_1_207' title='bbox 1931 1663 1976 1710; x_wconf 93' lang='lat' dir='ltr'><strong>in</strong></span> <span class='ocrx_word' id='word_1_208' title='bbox 2004 1677 2102 1711; x_wconf 89' lang='lat' dir='ltr'><strong>una</strong></span> <span class='ocrx_word' id='word_1_209' title='bbox 2126 1661 2431 1711; x_wconf 87' lang='lat' dir='ltr'><strong>revolutione</strong></span> 
     </span>
     <span class='ocr_line' id='line_1_23' title="bbox 176 1735 2426 1800; baseline -0.002 -14"><span class='ocrx_word' id='word_1_210' title='bbox 176 1739 487 1800; x_wconf 89' lang='lat' dir='ltr'><strong>aequinoctia</strong></span> <span class='ocrx_word' id='word_1_211' title='bbox 538 1743 711 1799; x_wconf 90' lang='lat' dir='ltr'><strong>quater</strong></span> <span class='ocrx_word' id='word_1_212' title='bbox 750 1735 1022 1786; x_wconf 88' lang='lat' dir='ltr'><strong>coincident</strong></span> <span class='ocrx_word' id='word_1_213' title='bbox 1069 1735 1234 1785; x_wconf 83' lang='lat' dir='ltr'><strong>media</strong></span> <span class='ocrx_word' id='word_1_214' title='bbox 1283 1750 1393 1784; x_wconf 91' lang='lat' dir='ltr'><strong>cum</strong></span> <span class='ocrx_word' id='word_1_215' title='bbox 1431 1737 1590 1798; x_wconf 78' lang='lat' dir='ltr'><strong>veris3</strong></span> <span class='ocrx_word' id='word_1_216' title='bbox 1642 1736 1729 1785; x_wconf 88' lang='lat' dir='ltr'><strong>sed</strong></span> <span class='ocrx_word' id='word_1_217' title='bbox 1766 1737 2032 1799; x_wconf 85' lang='lat' dir='ltr'><strong>perexigua</strong></span> <span class='ocrx_word' id='word_1_218' title='bbox 2083 1735 2168 1784; x_wconf 86' lang='lat' dir='ltr'><strong>fiet</strong></span> <span class='ocrx_word' id='word_1_219' title='bbox 2204 1736 2426 1783; x_wconf 84' lang='lat' dir='ltr'><strong>mutatio.</strong></span> 
     </span>
     <span class='ocr_line' id='line_1_24' title="bbox 175 1806 2433 1874; baseline -0 -17"><span class='ocrx_word' id='word_1_220' title='bbox 175 1810 304 1873; x_wconf 87' lang='lat' dir='ltr'><strong>Ergo</strong></span> <span class='ocrx_word' id='word_1_221' title='bbox 344 1824 439 1858; x_wconf 89' lang='lat' dir='ltr'><strong>non</strong></span> <span class='ocrx_word' id='word_1_222' title='bbox 479 1809 658 1859; x_wconf 83' lang='lat' dir='ltr'><strong>sufficit</strong></span> <span class='ocrx_word' id='word_1_223' title='bbox 704 1809 828 1859; x_wconf 90' lang='lat' dir='ltr'><strong>haec</strong></span> <span class='ocrx_word' id='word_1_224' title='bbox 864 1809 1152 1874; x_wconf 82' lang='lat' dir='ltr'><strong>hypothesis</strong></span> <span class='ocrx_word' id='word_1_225' title='bbox 1204 1810 1461 1872; x_wconf 87' lang='lat' dir='ltr'><strong>quantitati</strong></span> <span class='ocrx_word' id='word_1_226' title='bbox 1510 1810 1796 1859; x_wconf 86' lang='lat' dir='ltr'><strong>variationis</strong></span> <span class='ocrx_word' id='word_1_227' title='bbox 1828 1810 2295 1872; x_wconf 77' lang='lat' dir='ltr'><strong>·aequiuoctiorum;</strong></span> <span class='ocrx_word' id='word_1_228' title='bbox 2346 1806 2433 1857; x_wconf 89' lang='lat' dir='ltr'><strong>sed</strong></span> 
     </span>
     <span class='ocr_line' id='line_1_25' title="bbox 174 1882 2431 1946; baseline -0 -16"><span class='ocrx_word' id='word_1_229' title='bbox 174 1897 334 1946; x_wconf 91' lang='lat' dir='ltr'><strong>neque</strong></span> <span class='ocrx_word' id='word_1_230' title='bbox 373 1882 751 1946; x_wconf 91' lang='lat' dir='ltr'><strong>proportionalis</strong></span> <span class='ocrx_word' id='word_1_231' title='bbox 791 1889 879 1944; x_wconf 86' lang='lat' dir='ltr'><strong>est,</strong></span> <span class='ocrx_word' id='word_1_232' title='bbox 919 1898 1033 1931; x_wconf 90' lang='lat' dir='ltr'><strong>nam</strong></span> <span class='ocrx_word' id='word_1_233' title='bbox 1072 1896 1228 1931; x_wconf 88' lang='lat' dir='ltr'><strong>annus</strong></span> <span class='ocrx_word' id='word_1_234' title='bbox 1269 1884 1432 1931; x_wconf 87' lang='lat' dir='ltr'><strong>statim</strong></span> <span class='ocrx_word' id='word_1_235' title='bbox 1472 1889 1584 1946; x_wconf 91' lang='lat' dir='ltr'><strong>post</strong></span> <span class='ocrx_word' id='word_1_236' title='bbox 1609 1882 1946 1933; x_wconf 89' lang='lat' dir='ltr'><strong>Ptolemaeum</strong></span> <span class='ocrx_word' id='word_1_237' title='bbox 1985 1882 2075 1931; x_wconf 83' lang='lat' dir='ltr'><strong>suit</strong></span> <span class='ocrx_word' id='word_1_238' title='bbox 2101 1882 2431 1941; x_wconf 88' lang='lat' dir='ltr'><strong>brevissimus,</strong></span> 
     </span>
     <span class='ocr_line' id='line_1_26' title="bbox 171 1953 2434 2019; baseline -0 -15"><span class='ocrx_word' id='word_1_239' title='bbox 171 1956 272 2019; x_wconf 85' lang='lat' dir='ltr'><strong>jam</strong></span> <span class='ocrx_word' id='word_1_240' title='bbox 323 1963 397 2006; x_wconf 90' lang='lat' dir='ltr'><strong>est</strong></span> <span class='ocrx_word' id='word_1_241' title='bbox 442 1955 648 2005; x_wconf 89' lang='lat' dir='ltr'><strong>medius.</strong></span> <span class='ocrx_word' id='word_1_242' title='bbox 726 1956 824 2005; x_wconf 87' lang='lat' dir='ltr'><strong>Sed</strong></span> <span class='ocrx_word' id='word_1_243' title='bbox 870 1966 1028 2019; x_wconf 86' lang='lat' dir='ltr'><strong>neque</strong></span> <span class='ocrx_word' id='word_1_244' title='bbox 1075 1955 1199 2005; x_wconf 88' lang='lat' dir='ltr'><strong>ratio</strong></span> <span class='ocrx_word' id='word_1_245' title='bbox 1251 1955 1460 2019; x_wconf 85' lang='lat' dir='ltr'><strong>physica</strong></span> <span class='ocrx_word' id='word_1_246' title='bbox 1507 1955 1710 2017; x_wconf 78' lang='lat' dir='ltr'><strong>sufficit,</strong></span> <span class='ocrx_word' id='word_1_247' title='bbox 1764 1971 1879 2005; x_wconf 89' lang='lat' dir='ltr'><strong>nam</strong></span> <span class='ocrx_word' id='word_1_248' title='bbox 1931 1956 1993 2005; x_wconf 89' lang='lat' dir='ltr'><strong>ab</strong></span> <span class='ocrx_word' id='word_1_249' title='bbox 2035 1955 2330 2018; x_wconf 83' lang='lat' dir='ltr'><strong>Albategnio</strong></span> <span class='ocrx_word' id='word_1_250' title='bbox 2370 1953 2434 2003; x_wconf 88' lang='lat' dir='ltr'><strong>ad</strong></span> 
     </span>
     <span class='ocr_line' id='line_1_27' title="bbox 173 2027 2434 2092; baseline 0 -16"><span class='ocrx_word' id='word_1_251' title='bbox 173 2042 264 2078; x_wconf 89' lang='lat' dir='ltr'><strong>nos</strong></span> <span class='ocrx_word' id='word_1_252' title='bbox 311 2035 541 2079; x_wconf 86' lang='lat' dir='ltr'><strong>constans</strong></span> <span class='ocrx_word' id='word_1_253' title='bbox 594 2035 667 2079; x_wconf 86' lang='lat' dir='ltr'><strong>est</strong></span> <span class='ocrx_word' id='word_1_254' title='bbox 722 2031 1072 2079; x_wconf 89' lang='lat' dir='ltr'><strong>eccentricitas.</strong></span> <span class='ocrx_word' id='word_1_255' title='bbox 1162 2029 1242 2077; x_wconf 89' lang='lat' dir='ltr'><strong>An</strong></span> <span class='ocrx_word' id='word_1_256' title='bbox 1297 2027 1587 2079; x_wconf 87' lang='lat' dir='ltr'><strong>miraculose</strong></span> <span class='ocrx_word' id='word_1_257' title='bbox 1641 2034 1857 2079; x_wconf 85' lang='lat' dir='ltr'><strong>centrum</strong></span> <span class='ocrx_word' id='word_1_258' title='bbox 1908 2030 2162 2079; x_wconf 88' lang='lat' dir='ltr'><strong>eccentrici</strong></span> <span class='ocrx_word' id='word_1_259' title='bbox 2215 2034 2434 2092; x_wconf 84' lang='lat' dir='ltr'><strong>tempore</strong></span> 
     </span>
     <span class='ocr_line' id='line_1_28' title="bbox 174 2101 1389 2166; baseline 0 -16"><span class='ocrx_word' id='word_1_260' title='bbox 174 2101 446 2153; x_wconf 86' lang='lat' dir='ltr'><strong>Ptolemaei</strong></span> <span class='ocrx_word' id='word_1_261' title='bbox 484 2103 575 2151; x_wconf 78' lang='lat' dir='ltr'><strong>suit</strong></span> <span class='ocrx_word' id='word_1_262' title='bbox 613 2102 790 2164; x_wconf 87' lang='lat' dir='ltr'><strong>altum,</strong></span> <span class='ocrx_word' id='word_1_263' title='bbox 832 2102 981 2166; x_wconf 90' lang='lat' dir='ltr'><strong>paulo</strong></span> <span class='ocrx_word' id='word_1_264' title='bbox 1019 2107 1134 2166; x_wconf 91' lang='lat' dir='ltr'><strong>post</strong></span> <span class='ocrx_word' id='word_1_265' title='bbox 1171 2101 1389 2151; x_wconf 78' lang='lat' dir='ltr'><strong>humile?</strong></span> 
     </span>
     <span class='ocr_line' id='line_1_29' title="bbox 320 2173 2431 2239; baseline -0 -15"><span class='ocrx_word' id='word_1_266' title='bbox 320 2175 501 2225; x_wconf 87' lang='lat' dir='ltr'><strong>Aliter:</strong></span> <span class='ocrx_word' id='word_1_267' title='bbox 554 2175 947 2239; x_wconf 90' lang='lat' dir='ltr'><strong>Deprehenditur</strong></span> <span class='ocrx_word' id='word_1_268' title='bbox 982 2174 1312 2238; x_wconf 83' lang='lat' dir='ltr'><strong>inaequalitas</strong></span> <span class='ocrx_word' id='word_1_269' title='bbox 1363 2188 1459 2223; x_wconf 93' lang='lat' dir='ltr'><strong>non</strong></span> <span class='ocrx_word' id='word_1_270' title='bbox 1501 2180 1688 2223; x_wconf 89' lang='lat' dir='ltr'><strong>tantum</strong></span> <span class='ocrx_word' id='word_1_271' title='bbox 1739 2176 1788 2222; x_wconf 91' lang='lat' dir='ltr'><strong>in</strong></span> <span class='ocrx_word' id='word_1_272' title='bbox 1827 2173 2133 2239; x_wconf 83' lang='lat' dir='ltr'><strong>longitudine</strong></span> <span class='ocrx_word' id='word_1_273' title='bbox 2170 2176 2285 2224; x_wconf 86' lang='lat' dir='ltr'><strong>anni</strong></span> <span class='ocrx_word' id='word_1_274' title='bbox 2324 2181 2431 2224; x_wconf 89' lang='lat' dir='ltr'><strong>tro·-</strong></span> 
     </span>
     <span class='ocr_line' id='line_1_30' title="bbox 183 2246 2434 2313; baseline -0 -17"><span class='ocrx_word' id='word_1_275' title='bbox 183 2246 306 2312; x_wconf 87' lang='lat' dir='ltr'><strong>pici‚</strong></span> <span class='ocrx_word' id='word_1_276' title='bbox 359 2249 444 2298; x_wconf 91' lang='lat' dir='ltr'><strong>sed</strong></span> <span class='ocrx_word' id='word_1_277' title='bbox 484 2250 631 2298; x_wconf 90' lang='lat' dir='ltr'><strong>etiam</strong></span> <span class='ocrx_word' id='word_1_278' title='bbox 670 2252 718 2297; x_wconf 92' lang='lat' dir='ltr'><strong>in</strong></span> <span class='ocrx_word' id='word_1_279' title='bbox 758 2262 1019 2313; x_wconf 87' lang='lat' dir='ltr'><strong>progressu</strong></span> <span class='ocrx_word' id='word_1_280' title='bbox 1058 2248 1288 2298; x_wconf 86' lang='lat' dir='ltr'><strong>fixarum:</strong></span> <span class='ocrx_word' id='word_1_281' title='bbox 1342 2262 1457 2311; x_wconf 87' lang='lat' dir='ltr'><strong>ergo</strong></span> <span class='ocrx_word' id='word_1_282' title='bbox 1498 2250 1729 2297; x_wconf 90' lang='lat' dir='ltr'><strong>terminus</strong></span> <span class='ocrx_word' id='word_1_283' title='bbox 1767 2250 1884 2297; x_wconf 88' lang='lat' dir='ltr'><strong>anni</strong></span> <span class='ocrx_word' id='word_1_284' title='bbox 1918 2263 2033 2298; x_wconf 88' lang='lat' dir='ltr'><strong>vere</strong></span> <span class='ocrx_word' id='word_1_285' title='bbox 2068 2249 2119 2296; x_wconf 92' lang='lat' dir='ltr'><strong>in</strong></span> <span class='ocrx_word' id='word_1_286' title='bbox 2159 2261 2310 2298; x_wconf 83' lang='lat' dir='ltr'><strong>causa</strong></span> <span class='ocrx_word' id='word_1_287' title='bbox 2345 2253 2434 2297; x_wconf 89' lang='lat' dir='ltr'><strong>est.</strong></span> 
     </span>
     <span class='ocr_line' id='line_1_31' title="bbox 289 2331 2020 2390; baseline 0.001 -13"><span class='ocrx_word' id='word_1_288' title='bbox 289 2331 329 2376; x_wconf 89' lang='lat' dir='ltr'>A</span> <span class='ocrx_word' id='word_1_289' title='bbox 348 2336 493 2377; x_wconf 89' lang='lat' dir='ltr'><strong>morte</strong></span> <span class='ocrx_word' id='word_1_290' title='bbox 514 2331 757 2377; x_wconf 83' lang='lat' dir='ltr'><strong>Alexandri</strong></span> <span class='ocrx_word' id='word_1_291' title='bbox 777 2331 843 2377; x_wconf 81' lang='lat' dir='ltr'><strong>M.</strong></span> <span class='ocrx_word' id='word_1_292' title='bbox 874 2332 1131 2378; x_wconf 86' lang='lat' dir='ltr'><strong>Timochari</strong></span> <span class='ocrx_word' id='word_1_293' title='bbox 1248 2332 1316 2379; x_wconf 85' lang='lat'><strong>30.</strong></span> <span class='ocrx_word' id='word_1_294' title='bbox 1350 2331 1485 2390; x_wconf 87' lang='lat' dir='ltr'><strong>Spica</strong></span> <span class='ocrx_word' id='word_1_295' title='bbox 1518 2333 1598 2378; x_wconf 87' lang='lat'><strong>21⁰</strong></span> <span class='ocrx_word' id='word_1_296' title='bbox 1627 2333 1699 2378; x_wconf 81' lang='lat'><strong>53¹</strong></span> <span class='ocrx_word' id='word_1_297' title='bbox 1734 2336 1789 2389; x_wconf 77' lang='grc' dir='ltr'><strong>ΠΡ</strong></span> <span class='ocrx_word' id='word_1_298' title='bbox 1817 2331 2020 2388; x_wconf 87' lang='lat' dir='ltr'><strong>Regulus</strong></span> 
     </span>
     <span class='ocr_line' id='line_1_32' title="bbox 878 2398 2316 2456; baseline -0.001 -12"><span class='ocrx_word' id='word_1_299' title='bbox 878 2398 1142 2456; x_wconf 87' lang='lat' dir='ltr'><strong>Hipparcho</strong></span> <span class='ocrx_word' id='word_1_300' title='bbox 1221 2398 1308 2445; x_wconf 81' lang='lat'><strong>196</strong></span> <span class='ocrx_word' id='word_1_301' title='bbox 1399 2430 1419 2451; x_wconf 91' lang='lat'>„</span> <span class='ocrx_word' id='word_1_302' title='bbox 1512 2398 1581 2444; x_wconf 87' lang='lat'><strong>23.</strong></span> <span class='ocrx_word' id='word_1_303' title='bbox 1624 2399 1679 2445; x_wconf 90' lang='grc'><strong>53</strong></span> <span class='ocrx_word' id='word_1_304' title='bbox 1742 2431 1762 2451; x_wconf 87' lang='grc'><strong>,,</strong></span> <span class='ocrx_word' id='word_1_305' title='bbox 1901 2433 1920 2453; x_wconf 86' lang='grc'><strong>,,</strong></span> <span class='ocrx_word' id='word_1_306' title='bbox 2049 2398 2130 2446; x_wconf 85' lang='lat'><strong>29⁰</strong></span> <span class='ocrx_word' id='word_1_307' title='bbox 2161 2399 2230 2444; x_wconf 81' lang='lat'><strong>50¹</strong></span> <span class='ocrx_word' id='word_1_308' title='bbox 2259 2402 2316 2450; x_wconf 62' lang='grc' dir='ltr'>Ξ</span> 
     </span>
     <span class='ocr_line' id='line_1_33' title="bbox 879 2464 1765 2517; baseline -0.001 -8"><span class='ocrx_word' id='word_1_309' title='bbox 879 2464 1140 2509; x_wconf 88' lang='lat' dir='ltr'><strong>Ptolemaeo</strong></span> <span class='ocrx_word' id='word_1_310' title='bbox 1219 2465 1306 2511; x_wconf 79' lang='lat'><strong>463</strong></span> <span class='ocrx_word' id='word_1_311' title='bbox 1398 2497 1417 2517; x_wconf 91' lang='lat'>„</span> <span class='ocrx_word' id='word_1_312' title='bbox 1509 2464 1583 2509; x_wconf 82' lang='lat'><strong>26.</strong></span> <span class='ocrx_word' id='word_1_313' title='bbox 1626 2464 1681 2509; x_wconf 84' lang='lat'><strong>38</strong></span> <span class='ocrx_word' id='word_1_314' title='bbox 1745 2495 1765 2516; x_wconf 88' lang='lat'><strong>‚,</strong></span> 
     </span>
    </p>
   </div>
   <div class='ocr_carea' id='block_1_8' title="bbox 872 2522 2326 2658">
    <p class='ocr_par' dir='ltr' id='par_1_11' title="bbox 872 2522 2326 2658">
     <span class='ocr_line' id='line_1_34' title="bbox 872 2522 2326 2587; baseline 0.001 -13"><span class='ocrx_word' id='word_1_315' title='bbox 872 2529 1142 2587; x_wconf 78' lang='lat' dir='ltr'><strong>Albategnio</strong></span> <span class='ocrx_word' id='word_1_316' title='bbox 1188 2530 1301 2576; x_wconf 86' lang='lat'>1202</span> <span class='ocrx_word' id='word_1_317' title='bbox 1391 2562 1412 2583; x_wconf 89' lang='lat'>„</span> <span class='ocrx_word' id='word_1_318' title='bbox 1533 2530 1577 2575; x_wconf 81' lang='lat'><strong>8.</strong></span> <span class='ocrx_word' id='word_1_319' title='bbox 1648 2531 1675 2576; x_wconf 85' lang='lat'><strong>3</strong></span> <span class='ocrx_word' id='word_1_320' title='bbox 1719 2533 1779 2576; x_wconf 58' lang='lat' dir='ltr'>st</span> <span class='ocrx_word' id='word_1_321' title='bbox 1894 2563 1920 2587; x_wconf 88' lang='lat'><strong>,‚</strong></span> <span class='ocrx_word' id='word_1_322' title='bbox 2072 2532 2141 2576; x_wconf 84' lang='lat'><strong>14.</strong></span> <span class='ocrx_word' id='word_1_323' title='bbox 2206 2531 2232 2575; x_wconf 83' lang='lat'>5</span> <span class='ocrx_word' id='word_1_324' title='bbox 2282 2522 2326 2583; x_wconf 66' lang='grc' dir='ltr'><strong>Ω</strong></span> 
     </span>
     <span class='ocr_line' id='line_1_35' title="bbox 876 2594 2323 2658; baseline 0.002 -20"><span class='ocrx_word' id='word_1_325' title='bbox 876 2594 1079 2652; x_wconf 85' lang='lat' dir='ltr'><strong>Tychoni</strong></span> <span class='ocrx_word' id='word_1_326' title='bbox 1187 2595 1300 2642; x_wconf 79' lang='lat'>1909</span> <span class='ocrx_word' id='word_1_327' title='bbox 1394 2628 1414 2649; x_wconf 89' lang='lat'>„</span> <span class='ocrx_word' id='word_1_328' title='bbox 1511 2595 1579 2642; x_wconf 85' lang='lat'><strong>18.</strong></span> <span class='ocrx_word' id='word_1_329' title='bbox 1649 2595 1676 2641; x_wconf 86' lang='lat'>3</span> <span class='ocrx_word' id='word_1_330' title='bbox 1720 2597 1780 2643; x_wconf 53' lang='grc' dir='ltr'>ἑ</span> <span class='ocrx_word' id='word_1_331' title='bbox 1899 2627 1919 2648; x_wconf 85' lang='grc'><strong>,,</strong></span> <span class='ocrx_word' id='word_1_332' title='bbox 2068 2596 2140 2642; x_wconf 86' lang='lat'><strong>24.</strong></span> <span class='ocrx_word' id='word_1_333' title='bbox 2203 2595 2230 2641; x_wconf 86' lang='lat'>5</span> <span class='ocrx_word' id='word_1_334' title='bbox 2280 2598 2323 2658; x_wconf 61' lang='lat'><strong>52</strong></span> 
     </span>
    </p>
   </div>
   <div class='ocr_carea' id='block_1_9' title="bbox 173 2667 2436 2954">
    <p class='ocr_par' dir='ltr' id='par_1_12' title="bbox 173 2667 2436 2954">
     <span class='ocr_line' id='line_1_36' title="bbox 322 2667 2434 2736; baseline 0.001 -20"><span class='ocrx_word' id='word_1_335' title='bbox 322 2667 420 2717; x_wconf 90' lang='lat' dir='ltr'><strong>Sed</strong></span> <span class='ocrx_word' id='word_1_336' title='bbox 458 2673 590 2730; x_wconf 88' lang='lat' dir='ltr'><strong>nota,</strong></span> <span class='ocrx_word' id='word_1_337' title='bbox 633 2669 811 2732; x_wconf 90' lang='lat' dir='ltr'><strong>quibus</strong></span> <span class='ocrx_word' id='word_1_338' title='bbox 850 2670 1021 2720; x_wconf 91' lang='lat' dir='ltr'><strong>mediis</strong></span> <span class='ocrx_word' id='word_1_339' title='bbox 1058 2670 1171 2720; x_wconf 89' lang='lat' dir='ltr'><strong>loca</strong></span> <span class='ocrx_word' id='word_1_340' title='bbox 1208 2671 1414 2721; x_wconf 86' lang='lat' dir='ltr'><strong>fixarum</strong></span> <span class='ocrx_word' id='word_1_341' title='bbox 1451 2672 1770 2734; x_wconf 86' lang='lat' dir='ltr'><strong>inquirantur.</strong></span> <span class='ocrx_word' id='word_1_342' title='bbox 1846 2671 2063 2721; x_wconf 91' lang='lat' dir='ltr'><strong>Primum</strong></span> <span class='ocrx_word' id='word_1_343' title='bbox 2108 2671 2192 2722; x_wconf 91' lang='lat' dir='ltr'><strong>alt.</strong></span> <span class='ocrx_word' id='word_1_344' title='bbox 2234 2672 2336 2736; x_wconf 93' lang='lat' dir='ltr'><strong>poli</strong></span> <span class='ocrx_word' id='word_1_345' title='bbox 2374 2686 2434 2720; x_wconf 86' lang='lat' dir='ltr'><strong>ex</strong></span> 
     </span>
     <span class='ocr_line' id='line_1_37' title="bbox 173 2741 2435 2810; baseline 0.001 -20"><span class='ocrx_word' id='word_1_346' title='bbox 173 2746 380 2805; x_wconf 86' lang='lat' dir='ltr'><strong>utroque</strong></span> <span class='ocrx_word' id='word_1_347' title='bbox 434 2741 672 2804; x_wconf 89' lang='lat' dir='ltr'><strong>solstitio,</strong></span> <span class='ocrx_word' id='word_1_348' title='bbox 726 2742 838 2793; x_wconf 90' lang='lat' dir='ltr'><strong>hinc</strong></span> <span class='ocrx_word' id='word_1_349' title='bbox 889 2745 1281 2810; x_wconf 87' lang='lat' dir='ltr'><strong>aequinoctium,</strong></span> <span class='ocrx_word' id='word_1_350' title='bbox 1338 2745 1451 2794; x_wconf 89' lang='lat' dir='ltr'><strong>hinc</strong></span> <span class='ocrx_word' id='word_1_351' title='bbox 1499 2750 1661 2793; x_wconf 89' lang='lat' dir='ltr'><strong>motus</strong></span> <span class='ocrx_word' id='word_1_352' title='bbox 1698 2743 1855 2807; x_wconf 87' lang='lat' dir='ltr'><strong>Solis,</strong></span> <span class='ocrx_word' id='word_1_353' title='bbox 1912 2746 2024 2795; x_wconf 88' lang='lat' dir='ltr'><strong>hinc</strong></span> <span class='ocrx_word' id='word_1_354' title='bbox 2060 2759 2148 2808; x_wconf 90' lang='lat' dir='ltr'><strong>per</strong></span> <span class='ocrx_word' id='word_1_355' title='bbox 2186 2746 2435 2809; x_wconf 83' lang='lat' dir='ltr'><strong>cognitum</strong></span> 
     </span>
     <span class='ocr_line' id='line_1_38' title="bbox 179 2813 2428 2885; baseline 0.001 -23"><span class='ocrx_word' id='word_1_356' title='bbox 179 2820 368 2885; x_wconf 82' lang='lat' dir='ltr'><strong>motum</strong></span> <span class='ocrx_word' id='word_1_357' title='bbox 406 2813 551 2876; x_wconf 89' lang='lat' dir='ltr'><strong>Solis,</strong></span> <span class='ocrx_word' id='word_1_358' title='bbox 591 2816 961 2866; x_wconf 89' lang='lat' dir='ltr'><strong>intermediante</strong></span> <span class='ocrx_word' id='word_1_359' title='bbox 1000 2816 1115 2866; x_wconf 87' lang='lat' dir='ltr'><strong>Sole</strong></span> <span class='ocrx_word' id='word_1_360' title='bbox 1155 2823 1205 2867; x_wconf 88' lang='lat' dir='ltr'><strong>et</strong></span> <span class='ocrx_word' id='word_1_361' title='bbox 1242 2817 1409 2879; x_wconf 85' lang='lat' dir='ltr'><strong>Luna,</strong></span> <span class='ocrx_word' id='word_1_362' title='bbox 1457 2817 1597 2867; x_wconf 91' lang='lat' dir='ltr'><strong>locus</strong></span> <span class='ocrx_word' id='word_1_363' title='bbox 1634 2817 1807 2867; x_wconf 87' lang='lat' dir='ltr'><strong>stellae</strong></span> <span class='ocrx_word' id='word_1_364' title='bbox 1844 2820 1895 2866; x_wconf 90' lang='lat' dir='ltr'><strong>in</strong></span> <span class='ocrx_word' id='word_1_365' title='bbox 1932 2818 2135 2881; x_wconf 88' lang='lat' dir='ltr'><strong>longum</strong></span> <span class='ocrx_word' id='word_1_366' title='bbox 2173 2825 2221 2868; x_wconf 91' lang='lat' dir='ltr'><strong>et</strong></span> <span class='ocrx_word' id='word_1_367' title='bbox 2258 2818 2428 2867; x_wconf 89' lang='lat' dir='ltr'><strong>latum.</strong></span> 
     </span>
     <span class='ocr_line' id='line_1_39' title="bbox 182 2886 2436 2954; baseline 0.002 -18"><span class='ocrx_word' id='word_1_368' title='bbox 182 2886 371 2949; x_wconf 89' lang='lat' dir='ltr'><strong>Quodsi</strong></span> <span class='ocrx_word' id='word_1_369' title='bbox 410 2894 620 2938; x_wconf 88' lang='lat' dir='ltr'><strong>erratum</strong></span> <span class='ocrx_word' id='word_1_370' title='bbox 659 2891 707 2936; x_wconf 91' lang='lat' dir='ltr'><strong>in</strong></span> <span class='ocrx_word' id='word_1_371' title='bbox 746 2890 1090 2939; x_wconf 87' lang='lat' dir='ltr'><strong>observatione</strong></span> <span class='ocrx_word' id='word_1_372' title='bbox 1131 2892 1444 2954; x_wconf 89' lang='lat' dir='ltr'><strong>aequinoctii,</strong></span> <span class='ocrx_word' id='word_1_373' title='bbox 1483 2896 1615 2940; x_wconf 90' lang='lat' dir='ltr'><strong>totus</strong></span> <span class='ocrx_word' id='word_1_374' title='bbox 1653 2890 1885 2941; x_wconf 80' lang='lat' dir='ltr'><strong>zodiacus</strong></span> <span class='ocrx_word' id='word_1_375' title='bbox 1923 2906 1954 2941; x_wconf 89' lang='lat' dir='ltr'><strong>a</strong></span> <span class='ocrx_word' id='word_1_376' title='bbox 1978 2891 2087 2941; x_wconf 87' lang='lat' dir='ltr'><strong>fixis</strong></span> <span class='ocrx_word' id='word_1_377' title='bbox 2124 2891 2250 2942; x_wconf 77' lang='lat' dir='ltr'><strong>salso</strong></span> <span class='ocrx_word' id='word_1_378' title='bbox 2287 2891 2436 2950; x_wconf 58' lang='lat' dir='ltr'><strong>luxa-v</strong></span> 
     </span>
    </p>
   </div>
   <div class='ocr_carea' id='block_1_10' title="bbox 2051 2354 2309 2362">
    <p class='ocr_par' dir='ltr' id='par_1_13' title="bbox 2051 2354 2309 2362">
     <span class='ocr_line' id='line_1_40' title="bbox 2051 2354 2309 2362; baseline 0 0"><span class='ocrx_word' id='word_1_379' title='bbox 2051 2354 2309 2362; x_wconf 95' lang='lat' dir='ltr'><strong> </strong></span> 
     </span>
    </p>
   </div>
   <div class='ocr_carea' id='block_1_11' title="bbox 175 2963 2436 3029">
    <p class='ocr_par' dir='ltr' id='par_1_14' title="bbox 175 2963 2436 3029">
     <span class='ocr_line' id='line_1_41' title="bbox 175 2963 2436 3029; baseline 0.001 -21"><span class='ocrx_word' id='word_1_380' title='bbox 175 2966 252 3008; x_wconf 91' lang='lat' dir='ltr'><strong>tur</strong></span> <span class='ocrx_word' id='word_1_381' title='bbox 303 2967 350 3009; x_wconf 91' lang='lat' dir='ltr'><strong>et</strong></span> <span class='ocrx_word' id='word_1_382' title='bbox 401 2963 760 3026; x_wconf 87' lang='lat' dir='ltr'><strong>transponitur:</strong></span> <span class='ocrx_word' id='word_1_383' title='bbox 816 2977 930 3027; x_wconf 89' lang='lat' dir='ltr'><strong>ergo</strong></span> <span class='ocrx_word' id='word_1_384' title='bbox 977 2965 1251 3014; x_wconf 86' lang='lat' dir='ltr'><strong>necessario</strong></span> <span class='ocrx_word' id='word_1_385' title='bbox 1290 2966 1388 3014; x_wconf 89' lang='lat' dir='ltr'><strong>ista</strong></span> <span class='ocrx_word' id='word_1_386' title='bbox 1425 2963 1699 3019; x_wconf 85' lang='lat' dir='ltr'><strong>cohaerent.</strong></span> <span class='ocrx_word' id='word_1_387' title='bbox 1775 2964 1906 3014; x_wconf 87' lang='lat' dir='ltr'><strong>Nota</strong></span> <span class='ocrx_word' id='word_1_388' title='bbox 1959 2979 2074 3029; x_wconf 88' lang='lat' dir='ltr'><strong>ergo</strong></span> <span class='ocrx_word' id='word_1_389' title='bbox 2125 2966 2329 3015; x_wconf 83' lang='lat' dir='ltr'><strong>axioma.</strong></span> <span class='ocrx_word' id='word_1_390' title='bbox 2357 2963 2436 3013; x_wconf 80' lang='lat' dir='ltr'><strong>V:</strong></span> 
     </span>
    </p>
   </div>
   <div class='ocr_carea' id='block_1_12' title="bbox 174 3033 2531 3101">
    <p class='ocr_par' dir='ltr' id='par_1_15' title="bbox 174 3033 2531 3101">
     <span class='ocr_line' id='line_1_42' title="bbox 174 3033 2531 3101; baseline 0.002 -21"><span class='ocrx_word' id='word_1_391' title='bbox 174 3033 406 3088; x_wconf 87' lang='lat' dir='ltr'><strong>Fixarum</strong></span> <span class='ocrx_word' id='word_1_392' title='bbox 454 3037 695 3098; x_wconf 90' lang='lat' dir='ltr'><strong>promotio</strong></span> <span class='ocrx_word' id='word_1_393' title='bbox 747 3042 796 3085; x_wconf 92' lang='lat' dir='ltr'><strong>et</strong></span> <span class='ocrx_word' id='word_1_394' title='bbox 848 3038 1267 3099; x_wconf 90' lang='lat' dir='ltr'><strong>aequinoctiorum</strong></span> <span class='ocrx_word' id='word_1_395' title='bbox 1315 3039 1593 3101; x_wconf 87' lang='lat' dir='ltr'><strong>praecessio</strong></span> <span class='ocrx_word' id='word_1_396' title='bbox 1641 3043 1715 3086; x_wconf 91' lang='lat' dir='ltr'><strong>est</strong></span> <span class='ocrx_word' id='word_1_397' title='bbox 1766 3052 1842 3086; x_wconf 92' lang='lat' dir='ltr'><strong>res</strong></span> <span class='ocrx_word' id='word_1_398' title='bbox 1881 3052 2004 3097; x_wconf 90' lang='lat' dir='ltr'><strong>una,</strong></span> <span class='ocrx_word' id='word_1_399' title='bbox 2058 3053 2149 3087; x_wconf 90' lang='lat' dir='ltr'><strong>nec</strong></span> <span class='ocrx_word' id='word_1_400' title='bbox 2202 3037 2433 3088; x_wconf 90' lang='lat' dir='ltr'><strong>debemus</strong></span> <span class='ocrx_word' id='word_1_401' title='bbox 2524 3035 2531 3043; x_wconf 80' lang='lat'><em>&#39;</em></span> 
     </span>
    </p>
   </div>
   <div class='ocr_carea' id='block_1_13' title="bbox 174 3109 2434 3472">
    <p class='ocr_par' dir='ltr' id='par_1_16' title="bbox 179 3109 2157 3176">
     <span class='ocr_line' id='line_1_43' title="bbox 179 3109 2157 3176; baseline 0.004 -23"><span class='ocrx_word' id='word_1_402' title='bbox 179 3109 506 3168; x_wconf 87' lang='lat' dir='ltr'><strong>argumentari</strong></span> <span class='ocrx_word' id='word_1_403' title='bbox 547 3109 608 3156; x_wconf 91' lang='lat' dir='ltr'><strong>ab</strong></span> <span class='ocrx_word' id='word_1_404' title='bbox 646 3110 900 3172; x_wconf 89' lang='lat' dir='ltr'><strong>utriusque</strong></span> <span class='ocrx_word' id='word_1_405' title='bbox 939 3124 1176 3159; x_wconf 86' lang='lat' dir='ltr'><strong>concursu</strong></span> <span class='ocrx_word' id='word_1_406' title='bbox 1213 3125 1301 3174; x_wconf 91' lang='lat' dir='ltr'><strong>pro</strong></span> <span class='ocrx_word' id='word_1_407' title='bbox 1340 3109 1670 3160; x_wconf 88' lang='lat' dir='ltr'><strong>confirmanda</strong></span> <span class='ocrx_word' id='word_1_408' title='bbox 1707 3109 1876 3173; x_wconf 90' lang='lat' dir='ltr'><strong>aliqua</strong></span> <span class='ocrx_word' id='word_1_409' title='bbox 1914 3112 2157 3176; x_wconf 90' lang='lat' dir='ltr'><strong>opinione.</strong></span> 
     </span>
    </p>

    <p class='ocr_par' dir='ltr' id='par_1_17' title="bbox 174 3177 2434 3472">
     <span class='ocr_line' id='line_1_44' title="bbox 290 3177 2431 3236; baseline 0.002 -19"><span class='ocrx_word' id='word_1_410' title='bbox 290 3177 412 3218; x_wconf 87' lang='lat' dir='ltr'><strong>Haec</strong></span> <span class='ocrx_word' id='word_1_411' title='bbox 442 3181 720 3231; x_wconf 86' lang='lat' dir='ltr'><strong>sequebantur</strong></span> <span class='ocrx_word' id='word_1_412' title='bbox 750 3180 826 3220; x_wconf 86' lang='lat' dir='ltr'><strong>alii</strong></span> <span class='ocrx_word' id='word_1_413' title='bbox 857 3187 1044 3233; x_wconf 87' lang='lat' dir='ltr'><strong>conatus,</strong></span> <span class='ocrx_word' id='word_1_414' title='bbox 1076 3182 1251 3223; x_wconf 86' lang='lat' dir='ltr'><strong>diversis</strong></span> <span class='ocrx_word' id='word_1_415' title='bbox 1281 3183 1539 3235; x_wconf 87' lang='lat' dir='ltr'><strong>temporibus</strong></span> <span class='ocrx_word' id='word_1_416' title='bbox 1571 3183 1808 3236; x_wconf 85' lang='lat' dir='ltr'><strong>conscripti,</strong></span> <span class='ocrx_word' id='word_1_417' title='bbox 1854 3186 1900 3221; x_wconf 89' lang='lat' dir='ltr'><strong>ut</strong></span> <span class='ocrx_word' id='word_1_418' title='bbox 1930 3185 2027 3222; x_wconf 89' lang='lat' dir='ltr'><strong>anni</strong></span> <span class='ocrx_word' id='word_1_419' title='bbox 2058 3185 2291 3236; x_wconf 88' lang='lat' dir='ltr'><strong>quantitas,</strong></span> <span class='ocrx_word' id='word_1_420' title='bbox 2334 3195 2431 3234; x_wconf 88' lang='lat' dir='ltr'><strong>pro-</strong></span> 
     </span>
     <span class='ocr_line' id='line_1_45' title="bbox 174 3237 2432 3295; baseline 0.002 -20"><span class='ocrx_word' id='word_1_421' title='bbox 174 3237 329 3286; x_wconf 84' lang='lat' dir='ltr'><strong>gressio</strong></span> <span class='ocrx_word' id='word_1_422' title='bbox 360 3238 732 3291; x_wconf 86' lang='lat' dir='ltr'><strong>aequinoctiorum,</strong></span> <span class='ocrx_word' id='word_1_423' title='bbox 766 3241 1046 3280; x_wconf 88' lang='lat' dir='ltr'><strong>eccentricitas</strong></span> <span class='ocrx_word' id='word_1_424' title='bbox 1068 3241 1179 3282; x_wconf 90' lang='lat' dir='ltr'><strong>Solis</strong></span> <span class='ocrx_word' id='word_1_425' title='bbox 1210 3243 1388 3295; x_wconf 87' lang='lat' dir='ltr'><strong>aliaque,</strong></span> <span class='ocrx_word' id='word_1_426' title='bbox 1420 3253 1525 3295; x_wconf 86' lang='lat' dir='ltr'><strong>quae</strong></span> <span class='ocrx_word' id='word_1_427' title='bbox 1549 3252 1642 3281; x_wconf 89' lang='lat' dir='ltr'><strong>cum</strong></span> <span class='ocrx_word' id='word_1_428' title='bbox 1671 3241 1736 3280; x_wconf 89' lang='lat' dir='ltr'><strong>his</strong></span> <span class='ocrx_word' id='word_1_429' title='bbox 1767 3243 1991 3292; x_wconf 81' lang='lat' dir='ltr'><strong>conjuncta</strong></span> <span class='ocrx_word' id='word_1_430' title='bbox 2021 3246 2131 3295; x_wconf 90' lang='lat' dir='ltr'><strong>sunt,</strong></span> <span class='ocrx_word' id='word_1_431' title='bbox 2165 3241 2432 3290; x_wconf 76' lang='lat' dir='ltr'><strong>elicerentur3</strong></span> 
     </span>
     <span class='ocr_line' id='line_1_46' title="bbox 174 3293 2434 3354; baseline 0.003 -21"><span class='ocrx_word' id='word_1_432' title='bbox 174 3293 329 3334; x_wconf 89' lang='lat' dir='ltr'><strong>multus</strong></span> <span class='ocrx_word' id='word_1_433' title='bbox 361 3299 423 3334; x_wconf 88' lang='lat' dir='ltr'><strong>est</strong></span> <span class='ocrx_word' id='word_1_434' title='bbox 451 3294 656 3347; x_wconf 88' lang='lat' dir='ltr'><strong>Keplerus</strong></span> <span class='ocrx_word' id='word_1_435' title='bbox 685 3297 730 3336; x_wconf 89' lang='lat' dir='ltr'><strong>in</strong></span> <span class='ocrx_word' id='word_1_436' title='bbox 762 3296 1005 3348; x_wconf 88' lang='lat' dir='ltr'><strong>colligendis</strong></span> <span class='ocrx_word' id='word_1_437' title='bbox 1035 3304 1219 3339; x_wconf 91' lang='lat' dir='ltr'><strong>veterum</strong></span> <span class='ocrx_word' id='word_1_438' title='bbox 1251 3301 1519 3354; x_wconf 87' lang='lat' dir='ltr'><strong>testimoniis,</strong></span> <span class='ocrx_word' id='word_1_439' title='bbox 1562 3311 1691 3352; x_wconf 89' lang='lat' dir='ltr'><strong>quare</strong></span> <span class='ocrx_word' id='word_1_440' title='bbox 1721 3300 1851 3340; x_wconf 89' lang='lat' dir='ltr'><strong>libros</strong></span> <span class='ocrx_word' id='word_1_441' title='bbox 1881 3301 2129 3352; x_wconf 82' lang='lat' dir='ltr'><strong>scriptorum</strong></span> <span class='ocrx_word' id='word_1_442' title='bbox 2164 3301 2434 3340; x_wconf 86' lang='lat' dir='ltr'><strong>historiarum</strong></span> 
     </span>
     <span class='ocr_line' id='line_1_47' title="bbox 174 3354 2433 3413; baseline 0.003 -22"><span class='ocrx_word' id='word_1_443' title='bbox 174 3364 259 3392; x_wconf 90' lang='lat' dir='ltr'><strong>non</strong></span> <span class='ocrx_word' id='word_1_444' title='bbox 288 3354 439 3407; x_wconf 90' lang='lat' dir='ltr'><strong>minus,</strong></span> <span class='ocrx_word' id='word_1_445' title='bbox 470 3367 594 3407; x_wconf 88' lang='lat' dir='ltr'><strong>quam</strong></span> <span class='ocrx_word' id='word_1_446' title='bbox 624 3359 953 3396; x_wconf 86' lang='lat' dir='ltr'><strong>astronomorum</strong></span> <span class='ocrx_word' id='word_1_447' title='bbox 984 3359 1447 3413; x_wconf 87' lang='lat' dir='ltr'><strong>mathematicorumque</strong></span> <span class='ocrx_word' id='word_1_448' title='bbox 1478 3358 1661 3398; x_wconf 87' lang='lat' dir='ltr'><strong>studiose</strong></span> <span class='ocrx_word' id='word_1_449' title='bbox 1690 3359 2031 3410; x_wconf 81' lang='lat' dir='ltr'><strong>perscrutabatur</strong></span> <span class='ocrx_word' id='word_1_450' title='bbox 2069 3364 2109 3401; x_wconf 87' lang='lat' dir='ltr'><strong>et</strong></span> <span class='ocrx_word' id='word_1_451' title='bbox 2140 3371 2202 3410; x_wconf 88' lang='lat' dir='ltr'><strong>ea,</strong></span> <span class='ocrx_word' id='word_1_452' title='bbox 2235 3370 2340 3411; x_wconf 84' lang='lat' dir='ltr'><strong>quae</strong></span> <span class='ocrx_word' id='word_1_453' title='bbox 2372 3358 2433 3397; x_wconf 83' lang='lat' dir='ltr'><strong>ibt</strong></span> 
     </span>
     <span class='ocr_line' id='line_1_48' title="bbox 177 3411 2432 3472; baseline 0.003 -22"><span class='ocrx_word' id='word_1_454' title='bbox 177 3411 468 3462; x_wconf 84' lang='lat' dir='ltr'><strong>deprehendit,</strong></span> <span class='ocrx_word' id='word_1_455' title='bbox 508 3411 682 3454; x_wconf 80' lang='lat' dir='ltr'><strong>calculis</strong></span> <span class='ocrx_word' id='word_1_456' title='bbox 711 3416 887 3465; x_wconf 87' lang='lat' dir='ltr'><strong>probare</strong></span> <span class='ocrx_word' id='word_1_457' title='bbox 919 3416 1124 3458; x_wconf 83' lang='lat' dir='ltr'><strong>studebat.</strong></span> <span class='ocrx_word' id='word_1_458' title='bbox 1182 3418 1297 3459; x_wconf 86' lang='lat' dir='ltr'><strong>Inter</strong></span> <span class='ocrx_word' id='word_1_459' title='bbox 1334 3419 1436 3458; x_wconf 81' lang='lat' dir='ltr'><strong>haee</strong></span> <span class='ocrx_word' id='word_1_460' title='bbox 1476 3421 1665 3458; x_wconf 66' lang='lat' dir='ltr'><strong>notamus</strong></span> <span class='ocrx_word' id='word_1_461' title='bbox 1682 3415 1858 3472; x_wconf 33' lang='lat' dir='ltr'><strong>,longam</strong></span> <span class='ocrx_word' id='word_1_462' title='bbox 1887 3418 2203 3469; x_wconf 86' lang='lat' dir='ltr'><strong>inquisitionem</strong></span> <span class='ocrx_word' id='word_1_463' title='bbox 2234 3418 2432 3457; x_wconf 80' lang='lat' dir='ltr'><strong>observa-</strong></span> 
     </span>
    </p>
   </div>
   <div class='ocr_carea' id='block_1_14' title="bbox 173 3470 2431 3582">
    <p class='ocr_par' dir='ltr' id='par_1_18' title="bbox 173 3470 2431 3582">
     <span class='ocr_line' id='line_1_49' title="bbox 173 3470 2431 3531; baseline 0.004 -24"><span class='ocrx_word' id='word_1_464' title='bbox 173 3470 335 3508; x_wconf 87' lang='lat' dir='ltr'><strong>tionum</strong></span> <span class='ocrx_word' id='word_1_465' title='bbox 358 3470 560 3511; x_wconf 87' lang='lat' dir='ltr'><strong>Waltheri</strong></span> <span class='ocrx_word' id='word_1_466' title='bbox 589 3476 630 3511; x_wconf 91' lang='lat' dir='ltr'><strong>et</strong></span> <span class='ocrx_word' id='word_1_467' title='bbox 659 3474 993 3530; x_wconf 87' lang='lat' dir='ltr'><strong>Regiomontaui,</strong></span> <span class='ocrx_word' id='word_1_468' title='bbox 1027 3487 1154 3528; x_wconf 87' lang='lat' dir='ltr'><strong>quam</strong></span> <span class='ocrx_word' id='word_1_469' title='bbox 1176 3476 1252 3515; x_wconf 88' lang='lat' dir='ltr'><strong>alii</strong></span> <span class='ocrx_word' id='word_1_470' title='bbox 1281 3475 1373 3517; x_wconf 90' lang='lat' dir='ltr'><strong>loco</strong></span> <span class='ocrx_word' id='word_1_471' title='bbox 1404 3487 1671 3531; x_wconf 77' lang='lat' dir='ltr'><strong>reservamus,</strong></span> <span class='ocrx_word' id='word_1_472' title='bbox 1698 3473 1882 3530; x_wconf 79' lang='lat' dir='ltr'><strong>&#39;reliquas</strong></span> <span class='ocrx_word' id='word_1_473' title='bbox 1913 3487 2008 3516; x_wconf 87' lang='lat' dir='ltr'><strong>vero</strong></span> <span class='ocrx_word' id='word_1_474' title='bbox 2041 3476 2362 3529; x_wconf 85' lang='lat' dir='ltr'><strong>disquisitiones</strong></span> <span class='ocrx_word' id='word_1_475' title='bbox 2388 3476 2431 3516; x_wconf 89' lang='lat' dir='ltr'><strong>iu</strong></span> 
     </span>
     <span class='ocr_line' id='line_1_50' title="bbox 175 3529 778 3582; baseline 0.01 -15"><span class='ocrx_word' id='word_1_476' title='bbox 175 3529 444 3581; x_wconf 84' lang='lat' dir='ltr'><strong>sequentibus</strong></span> <span class='ocrx_word' id='word_1_477' title='bbox 472 3532 778 3582; x_wconf 85' lang='lat' dir='ltr'><strong>proposuimus.</strong></span> 
     </span>
    </p>
   </div>
   <div class='ocr_carea' id='block_1_15' title="bbox 719 3656 1887 3732">
    <p class='ocr_par' dir='ltr' id='par_1_19' title="bbox 719 3656 1887 3732">
     <span class='ocr_line' id='line_1_51' title="bbox 719 3656 1887 3732; baseline 0.004 -19"><span class='ocrx_word' id='word_1_478' title='bbox 719 3656 802 3715; x_wconf 91' lang='lat' dir='ltr'><strong>De</strong></span> <span class='ocrx_word' id='word_1_479' title='bbox 849 3656 983 3715; x_wconf 87' lang='lat' dir='ltr'><strong>anni</strong></span> <span class='ocrx_word' id='word_1_480' title='bbox 1031 3661 1359 3732; x_wconf 83' lang='lat' dir='ltr'><strong>quantitate</strong></span> <span class='ocrx_word' id='word_1_481' title='bbox 1405 3658 1711 3720; x_wconf 89' lang='lat' dir='ltr'><strong>methodus</strong></span> <span class='ocrx_word' id='word_1_482' title='bbox 1759 3659 1887 3719; x_wconf 87' lang='lat' dir='ltr'><strong>alia.</strong></span> 
     </span>
    </p>
   </div>
   <div class='ocr_carea' id='block_1_16' title="bbox 183 3777 2432 3920">
    <p class='ocr_par' dir='ltr' id='par_1_20' title="bbox 183 3777 2432 3920">
     <span class='ocr_line' id='line_1_52' title="bbox 301 3777 2432 3851; baseline 0.005 -24"><span class='ocrx_word' id='word_1_483' title='bbox 301 3777 635 3828; x_wconf 68' lang='lat' dir='ltr'><strong>Timochares</strong></span> <span class='ocrx_word' id='word_1_484' title='bbox 686 3781 968 3831; x_wconf 90' lang='lat' dir='ltr'><strong>observavit</strong></span> <span class='ocrx_word' id='word_1_485' title='bbox 1015 3784 1408 3846; x_wconf 89' lang='lat' dir='ltr'><strong>conjunctionem</strong></span> <span class='ocrx_word' id='word_1_486' title='bbox 1458 3786 1631 3836; x_wconf 87' lang='lat' dir='ltr'><strong>Lunae</strong></span> <span class='ocrx_word' id='word_1_487' title='bbox 1689 3799 1797 3834; x_wconf 91' lang='lat' dir='ltr'><strong>cum</strong></span> <span class='ocrx_word' id='word_1_488' title='bbox 1852 3783 2008 3834; x_wconf 87' lang='lat' dir='ltr'><strong>stellis</strong></span> <span class='ocrx_word' id='word_1_489' title='bbox 2057 3784 2248 3851; x_wconf 89' lang='lat' dir='ltr'><strong>Scorpii</strong></span> <span class='ocrx_word' id='word_1_490' title='bbox 2293 3789 2432 3837; x_wconf 85' lang='lat' dir='ltr'><strong>annis</strong></span> 
     </span>
     <span class='ocr_line' id='line_1_53' title="bbox 183 3850 2432 3920; baseline 0.005 -22"><span class='ocrx_word' id='word_1_491' title='bbox 183 3851 286 3900; x_wconf 86' lang='lat'><strong>300</strong></span> <span class='ocrx_word' id='word_1_492' title='bbox 328 3865 374 3899; x_wconf 90' lang='lat' dir='ltr'><strong>a.</strong></span> <span class='ocrx_word' id='word_1_493' title='bbox 416 3850 520 3914; x_wconf 65' lang='lat' dir='ltr'><strong>ch„</strong></span> <span class='ocrx_word' id='word_1_494' title='bbox 561 3852 731 3916; x_wconf 86' lang='lat' dir='ltr'><strong>Tycho</strong></span> <span class='ocrx_word' id='word_1_495' title='bbox 774 3858 912 3903; x_wconf 89' lang='lat' dir='ltr'><strong>annis</strong></span> <span class='ocrx_word' id='word_1_496' title='bbox 955 3856 1096 3906; x_wconf 90' lang='lat'>1600</span> <span class='ocrx_word' id='word_1_497' title='bbox 1133 3872 1180 3920; x_wconf 91' lang='lat' dir='ltr'><strong>p.</strong></span> <span class='ocrx_word' id='word_1_498' title='bbox 1211 3858 1297 3907; x_wconf 88' lang='lat' dir='ltr'><strong>Ch.</strong></span> <span class='ocrx_word' id='word_1_499' title='bbox 1338 3861 1620 3910; x_wconf 84' lang='lat' dir='ltr'><strong>observavit</strong></span> <span class='ocrx_word' id='word_1_500' title='bbox 1666 3858 1868 3908; x_wconf 90' lang='lat' dir='ltr'><strong>eandem</strong></span> <span class='ocrx_word' id='word_1_501' title='bbox 1912 3874 1944 3908; x_wconf 91' lang='lat' dir='ltr'><strong>a</strong></span> <span class='ocrx_word' id='word_1_502' title='bbox 1981 3859 2106 3907; x_wconf 68' lang='lat' dir='ltr'><strong>fixis</strong></span> <span class='ocrx_word' id='word_1_503' title='bbox 2182 3860 2318 3910; x_wconf 89' lang='lat' dir='ltr'><strong>Pone</strong></span> <span class='ocrx_word' id='word_1_504' title='bbox 2355 3869 2432 3910; x_wconf 86' lang='lat' dir='ltr'><strong>sat</strong></span> 
     </span>
    </p>
   </div>
  </div>
 </body>
</html>
