2554 4140
826 135 1056 193 Excerpta
1086 149 1143 180 ex
1173 135 1360 180 Tabulis
1380 135 1699 194 Rudolphinis.
2275 145 2376 195 607

120 283 178 329 ad
211 283 276 328 16.
294 282 368 326 vel
398 283 469 328 17.
486 281 622 327 Julii:
660 280 701 325 si
730 281 865 326 modo
895 282 1009 326 nihil
1037 282 1212 328 interea
1240 281 1522 328 turbaverint
1551 286 1682 326 extra
1713 282 1913 327 ordinem
1943 283 2202 342 pontifices,
2242 285 2381 330 festo-

36 395 46 403 κ
118 363 216 393 rum
246 348 414 392 arbitri
477 346 653 392 Certius
685 345 854 402 aliquid
893 347 1117 393 affirmare
1157 354 1290 407 typus
1324 351 1483 392 noster
1521 346 1645 390 haud
1681 347 1863 404 poterit.
1924 348 1987 392 At
2025 362 2111 394 nec
2142 349 2393 406 quicquam.

116 413 282 457 certius
314 413 401 457 hoc
431 418 540 469 typo
573 412 826 468 quisquam,
859 414 980 469 quod
1010 415 1161 468 sciam,
1194 428 1251 460 ex
1279 413 1581 458 monumentis
1614 411 1805 458 vetustis
1835 412 2020 471 collegit
2048 415 2286 461 hactenuS.

289 479 336 524 Si
367 479 467 535 quis
499 483 651 522 tamen
675 479 897 534 judicium
943 480 1018 526 hic
1047 493 1196 526 meum
1226 479 1437 537 requirit,
1475 479 1521 522 id
1554 478 1702 523 obiter
1732 477 1920 535 addam,
1942 490 2053 524 11011
2085 484 2155 524 est
2186 481 2304 524 enim
2334 478 2381 524 id

116 546 309 591 alienum
340 557 367 588 a
397 543 517 589 tabb.
549 556 576 588 a
605 544 852 624 Rudolpho
885 545 1037 600 dictis
1070 560 1172 591 cum
1203 545 1316 590 illud
1344 543 1491 589 eidem
1520 542 1766 600 Rudolpho
1797 543 1909 600 Imp.
1950 543 2057 588 olim
2097 546 2276 602 roganti
2306 559 2382 591 ex-

114 611 356 670 posuerim
467 646 494 649 -

286 677 453 721 Fertur
488 680 624 720 natus
655 676 888 732 Augustus
929 676 1068 752 paulo
1098 683 1205 722 ante
1237 676 1353 722 Solis
1385 679 1555 731 ortum;
1596 673 1810 718 Octavius
1842 673 1980 731 enim,
2012 652 2145 731 pater
2176 675 2382 732 Augusti,

112 745 286 790 tardius
315 744 362 786 in
391 749 598 788 senatum
627 743 834 796 veniens,
866 743 943 799 qui
973 756 1147 787 summo
1177 755 1308 788 mane
1339 746 1524 787 coactus
1554 744 1665 796 erat,
1697 740 1755 784 ob
1785 739 2036 795 periculum
2058 741 2382 796 conjurationis

117 809 429 866 Catilinariae,
474 822 645 854 moram
676 811 917 866 puerperio
947 809 1103 854 uxoris
1136 808 1382 853 excusavit.
1442 808 1596 863 Atque
1633 805 1674 849 ei
1704 805 1915 862 Nigidius
1949 819 2006 850 ex
2042 811 2246 863 tempore
2279 823 2382 866 par-

47 871 59 926 ’,
112 881 186 920 tus
223 875 452 920 fortunam
489 875 584 919 nati
621 875 944 932 amplissimam
989 873 1230 931 praedixit.
1305 874 1495 918 Praeter
1531 873 1649 917 hanc
1686 872 1974 917 traditionem
2014 873 2278 920 confirmata
2313 881 2384 920 est
2441 909 2446 914 .

53 995 56 997 ¹
113 941 248 986 etiam
276 941 471 998 Augusti
500 941 644 998 ipsius
674 940 841 997 opinio,
873 954 922 986 se
953 940 1037 985 sub
1058 940 1318 998 Capricorni
1349 939 1497 984 sidere
1525 945 1699 983 natum.
1766 938 1910 994 Atqui
1939 951 2096 984 mense
2116 939 2254 997 Julio,
2277 941 2384 987 Sole

114 1006 298 1062 orituro,
331 1007 632 1064 Capricornus
663 1019 873 1051 occasum
889 1005 1075 1050 obtinet.
1139 1005 1375 1061 Quomodo
1407 1019 1527 1061 ergo,
1560 1005 1638 1060 qui
1669 1003 1752 1049 sub
1781 1004 2056 1060 Capricorno
2087 1011 2234 1063 natus,
2265 1008 2385 1053 idem

54 1114 75 1119 ..
114 1078 218 1118 ante
249 1072 366 1117 Solis
398 1079 544 1117 ortum
574 1073 700 1117 nasci
726 1073 912 1128 potuit?
946 1071 1291 1117 Conciliatorem
1323 1071 1429 1116 audi
1458 1070 1717 1116 Manilium·
1764 1068 1949 1114 Veteres
1973 1070 2057 1114 sub
2089 1083 2140 1116 eo
2171 1086 2385 1130 quemque

33 1133 62 1199 35·
110 1139 255 1184 sidere
294 1144 456 1184 natum
487 1140 740 1195 putabant,
787 1137 909 1195 quod
939 1150 990 1181 eo
1029 1143 1239 1183 nascente
1275 1138 1418 1182 Luna
1459 1137 1705 1182 obtinebat.
1764 1135 1890 1178 Inter
1926 1146 2033 1189 ergo
2081 1134 2152 1181 23.
2185 1135 2309 1181 Junii
2339 1142 2386 1182 et

36 1214 66 1254 5
116 1203 182 1251 18.
214 1202 326 1248 Julii
364 1216 448 1259 per
486 1203 582 1248 dies
611 1204 668 1248 25
702 1215 893 1259 quaere,
929 1214 987 1245 an
1016 1202 1149 1246 Luna
1186 1202 1387 1269 potuerit
1426 1201 1629 1246 obtinere
1662 1201 2010 1257 Capricornum
2026 1206 2072 1245 et
2101 1201 2264 1257 quibus
2296 1202 2386 1247 die-

35 1257 64 1333 },l
110 1267 219 1322 bus;
255 1270 455 1314 invenies
502 1270 540 1312 1.
587 1274 632 1313 et
676 1269 716 1313 2.
763 1268 889 1312 Julii.
946 1268 1051 1311 Non
1090 1267 1178 1311 fuit
1220 1264 1358 1324 igitur
1400 1268 1594 1312 omissus
1624 1267 1669 1311 in
1700 1267 1772 1312 his
1804 1267 1933 1312 annis
1964 1268 2022 1315 17
2050 1268 2219 1313 mensis
2249 1269 2385 1314 inter-

0 1335 66 1402 33
113 1335 329 1386 celarium
368 1341 416 1379 at
444 1347 529 1379 nec
559 1334 790 1391 quantitas
822 1333 947 1390 anni,
982 1332 1155 1377 dierum
1185 1333 1320 1390 plane
1353 1334 1435 1379 355
1469 1348 1571 1378 cum
1601 1332 1913 1391 intercalario,
1954 1339 2135 1381 servata
2175 1347 2276 1380 esse
2305 1348 2384 1392 po·

38 1387 86 1435 Γ»
110 1406 215 1446 test.
275 1401 454 1446 Desunt
490 1400 609 1446 enim
641 1400 735 1445 dies
769 1401 819 1457 6,
853 1402 880 1444 7
916 1399 988 1444 vel
1019 1403 1070 1454 8,
1105 1412 1185 1444 seu
1216 1398 1483 1456 pontificum
1515 1399 1751 1444 arbitrium
1784 1399 2056 1444 ordinationi
2086 1399 2383 1458 derogaverit,

39 1482 70 1540 ..ρ
113 1479 193 1539 eeu
222 1467 338 1512 male
367 1466 607 1511 retulerint
638 1466 693 1510 de
724 1466 830 1510 anni
863 1466 1117 1523 quantitate
1154 1471 1378 1521 auctores,
1410 1470 1559 1510 aetate
1588 1467 1881 1523 posteriores.

284 1540 446 1585 Praec.
477 1540 548 1585 66.
607 1540 677 1584 De
716 1540 1009 1585 conversione
1050 1544 1305 1596 temporum
1334 1537 1715 1596 Aegyptiacorum
1755 1539 1804 1584 in
1844 1538 2037 1585 Juliana.
2098 1541 2245 1587 Datus
2286 1539 2382 1586 dies

62 1604 208 1654 dati
236 1606 403 1651 mensis
426 1610 472 1651 et
503 1605 610 1650 anni
629 1606 898 1681 Aegyptiaci
929 1606 1032 1663 vagi
1062 1619 1090 1650 a
1108 1606 1465 1660 Nabonassaro,
1478 1604 1535 1649 ad
1567 1617 1698 1680 quem
1732 1605 1850 1650 diem
1880 1606 2011 1662 cujus
2042 1606 2149 1651 anni
2179 1612 2282 1653 ante
2312 1606 2385 1652 vel

56 1676 219 1731 post
247 1672 422 1717 Incarn.
454 1671 666 1728 quadret,
713 1672 778 1717 sic
817 1671 1040 1717 addisees.
1100 1672 1154 1716 In
1193 1669 1350 1715 tabula
1391 1670 1695 1716 conversionis
1734 1677 1989 1729 temporum
2010 1672 2054 1728 ²⁸)
2094 1672 2234 1718 series
2263 1674 2386 1718 inve-

52 1776 54 1778 .
114 1736 236 1785 nitur
255 1738 636 1795 Aegyptiacorum
658 1750 686 1781 a
700 1737 742 1783 N
746 1737 1037 1796 abonassaro,
1067 1751 1171 1784 cum
1193 1737 1266 1782 die
1288 1736 1395 1782 anni
1417 1738 1446 1781 J
1448 1736 1588 1782 uliam
1607 1737 1926 1794 respondentis
1947 1738 2006 1783 ad
2025 1738 2162 1785 latus.
2207 1738 2385 1795 Quaere

39 3782 46 3886 1--

123 3063 137 3128 ·-
107 2913 147 3012 te
102 2835 145 2877 -·.‘
100 2651 141 2800 *23:6³
106 2557 132 2609 τ·

267 2749 292 2788 Οδ

297 2750 321 2787 Φ

315 1896 564 1955 *)’Τ31)013
595 1901 879 1942 conversionis
909 1876 1145 1954 temporum
1174 1903 1220 1942 in
1253 1902 1412 1961 dierum
1442 1912 1641 1943 summas.
1706 1898 1831 1955 (Tab.
1861 1902 1973 1945 Rud.
2000 1914 2044 1953 P.
2076 1902 2171 1957 39.)

394 1974 677 2014 Romanorum
709 1973 988 2015 Julianorum.
1632 2010 1640 2019 ,
1668 1994 1673 1999 ·
2017 2014 2026 2023 ,

53 2017 82 2104 5,
184 2072 187 2074 .
671 2045 823 2078 Menses
848 2040 1072 2079 communes.
1125 2044 1228 2078 Bm·
1460 2010 1812 2065 Aegyptlacorum
1844 2015 1886 2052 et
1915 2013 2190 2056 Persmorum.

56 2119 70 2174 ᾖ
121 2101 234 2142 Anni
293 2102 333 2142 1.
367 2100 457 2140 dies
537 2099 636 2139 365.
671 2099 765 2141 Jan.
829 2100 917 2140 dies
973 2101 1044 2142 31.
1151 2101 1220 2139 31.
1285 2096 1397 2136 Anni
1428 2098 1451 2139 1
1485 2097 1573 2137 dios
1633 2099 1718 2138 365
1739 2098 1902 2140 Menses
1931 2100 1974 2143 d.
2023 2102 2080 2141 30
2111 2102 2267 2143 Persici
2328 2104 2383 2143 30

65 2176 87 2203 ι,
291 2160 317 2198 2
539 2158 640 2199 730.
674 2159 792 2199 Febr.
857 2192 876 2211 n
971 2160 1042 2201 59.
1150 2159 1219 2198 60.
1429 2157 1455 2196 2
1634 2157 1718 2197 730
1800 2190 1819 2209 n
1932 2188 1954 2207 ,,
2020 2161 2074 2200 60
2168 2193 2187 2212 n
2327 2164 2383 2202 60

56 2187 154 2279 ‘J
293 2219 319 2258 3
514 2217 643 2258 1095.
678 2217 802 2259 Mart.
858 2250 877 2270 ,,
971 2219 1042 2259 90.
1149 2219 1217 2258 91.
1430 2217 1456 2255 3
1520 2247 1539 2266 ,,
1604 2217 1718 2256 1095
1798 2247 1819 2266 ,,
1935 2248 1956 2265 ,,
2020 2220 2076 2259 90
2170 2230 2190 2271 ,,<
2327 2223 2383 2261 90

87 2294 137 2315 z.-
292 2279 321 2317 4
513 2277 641 2317 1461.
674 2278 776 2328 Apr.
856 2309 876 2329 ,,
943 2278 1041 2319 120.
1120 2277 1217 2317 121.
1427 2275 1458 2314 4
1519 2304 1540 2322 „
1606 2276 1719 2315 1460
1799 2307 1818 2326 ,7
1936 2309 1954 2327 ,,
1992 2279 2077 2318 120
2170 2310 2188 2329 ,,
2247 2281 2251 2285 ’
2300 2282 2384 2321 120

94 2364 103 2375 .
122 2363 145 2387 ,,
292 2337 320 2376 8
510 2336 641 2376 2922.
672 2335 772 2385 Maj.
856 2368 875 2388 n
942 2338 1040 2378 151.
1121 2336 1220 2378 152.
1430 2333 1456 2373 5
1521 2364 1539 2384 n
1606 2334 1718 2375 1825
1799 2366 1818 2385 n
1934 2367 1954 2386 ,,
1991 2338 2075 2377 150
2169 2365 2190 2383 „
2298 2340 2384 2380 150

95 2390 158 2441 'siv
265 2395 334 2435 12.
398 2425 418 2444 ,,
509 2395 642 2435 4383.
674 2394 773 2434 Jun.
856 2426 875 2446 n
942 2396 1040 2436 181.
1121 2395 1221 2436 182.
1384 2424 1389 2434 .
1430 2393 1456 2431 6
1518 2421 1540 2438 n
1604 2394 1719 2434 2190
1800 2424 1819 2444 n
1935 2426 1954 2445 ,7
1991 2397 2076 2436 180
2169 2428 2188 2448 n
2299 2399 2383 2439 180

67 2456 136 2500 ,ξπ
266 2454 335 2494 16.
398 2484 418 2503 n
511 2454 642 2494 5844.
671 2452 756 2493 Jul.
855 2485 874 2504 n
940 2455 1040 2494 212.
1119 2453 1223 2494 213.
1430 2451 1454 2491 7
1519 2479 1540 2498 .,
1603 2452 1718 2493 2555
1799 2483 1819 2502 η
1933 2484 1952 2504 n
1988 2456 2073 2495 210
2168 2488 2186 2506 ,,
2296 2459 2383 2498 210

96 2511 133 2559 ὦ,
264 2513 320 2553 20
515 2512 646 2553 7305.
675 2513 783 2562 Aug.
858 2539 879 2559 η
942 2515 1041 2554 243.
1118 2513 1219 2552 244.
1430 2510 1457 2550 8
1519 2539 1541 2558 η
1603 2512 1719 2552 2920
1800 2541 1819 2561 n
1933 2541 1955 2561 n
1991 2516 2077 2554 240
2170 2547 2190 2566 ,
2297 2516 2381 2557 245

265 2572 337 2614 24.
399 2598 421 2618 n
514 2571 645 2612 8766.
678 2570 792 2621 Sept.
857 2603 877 2623 n
941 2573 1042 2613 273.
1118 2572 1219 2611 274.
1431 2570 1457 2608 9
1519 2597 1541 2617 ,,
1604 2571 1717 2611 3285
1798 2597 1819 2617 n
1935 2602 1954 2621 ,,
1991 2574 2078 2613 270
2170 2605 2188 2623 ,,
2296 2576 2381 2615 275

167 2675 169 2677 .
264 2631 337 2672 28.
398 2657 420 2675 η
487 2630 644 2670 10227.
675 2628 766 2670 Oct.
857 2659 879 2678 ,,
942 2632 1042 2672 304.
1119 2630 1220 2670 305.
1400 2628 1455 2667 10
1518 2658 1538 2677 n
1603 2629 1718 2669 3650
1797 2656 1819 2675 .,
1933 2658 1954 2677 ,,
1989 2633 2076 2672 300
2168 2661 2189 2680 ,,
2295 2634 2380 2674 305

175 2719 179 2722 .
265 2690 337 2731 32.
398 2716 420 2735 ,,
485 2689 645 2730 11688.
675 2687 778 2730 Nov.
857 2719 879 2738 ,,
942 2691 1042 2732 334.
1120 2689 1222 2732 335.
1797 2715 1818 2734 η
1932 2717 1954 2735 η
1990 2691 2075 2731 330
2168 2717 2190 2735 η
2297 2693 2380 2732 335

326 2779 336 2789 .
397 2775 418 2794 n
484 2749 641 2788 13149.
675 2745 776 2789 Dec.
858 2780 876 2799 n
942 2751 1043 2791 365.
1121 2748 1221 2790 366.
1797 2773 1817 2791 η
1931 2775 1952 2793 η
1988 2749 2078 2789 360
2170 2779 2190 2800 n
2297 2752 2381 2792 365

264 2807 339 2848 40.
397 2834 419 2853 n
486 2808 645 2848 14610.
1796 2832 1816 2851 n
1931 2837 1951 2856 n
1988 2808 2072 2848 365

319 2944 322 2946 ’
988 2923 1267 2964 Arabicorum
1295 2920 1494 2972 Hegirae.

204 2987 242 3026 ni
332 2993 414 3027 dies
503 2991 605 3027 Anni
694 2993 775 3026 dies
858 2993 959 3028 Anni
1069 2995 1151 3028 dies
1233 2994 1407 3027 Menses:
1433 2991 1515 3024 dies
1543 2989 1690 3023 Primus
1715 2989 1840 3023 Thoth
1863 2998 1897 3024 a.
1924 2990 2067 3027 Nabon.

170 3040 225 3082 ·1.
344 3041 429 3081 354
527 3042 598 3081 16.
689 3040 805 3080 5670
895 3042 952 3081 30
1043 3043 1183 3082 10631
1352 3040 1408 3079 30
1652 3039 1690 3076 1.
1898 3037 2001 3079 960.

110 3098 227 3149 02.
346 3100 430 3140 709
526 3099 597 3141 17.
690 3100 804 3138 6024
895 3101 976 3141 60·
1040 3102 1185 3141 91969
1351 3099 1407 3138 59
1648 3096 1694 3135 4.
1871 3096 1998 3136 1080.

95 3164 140 3201 x.
187 3157 227 3199 3.
319 3159 432 3198 1063
528 3157 594 3197 18.
689 3158 804 3197 6378
894 3160 950 3198 90
1042 3160 1185 3200 31893
1350 3157 1406 3197 89
1595 3155 1689 3194 100.
1870 3155 1997 3195 1204.

118 3212 122 3217 ·
186 3215 227 3255 Δ.
321 3218 430 3256 1417
528 3217 595 3256 19.
690 3216 803 3255 6733
867 3218 951 3258 120
1040 3219 1187 3259 42524
1322 3215 1405 3256 118
1591 3214 1690 3253 994.
1869 3213 1998 3256 1394.

188 3272 229 3315 5.
318 3275 431 3315 1772
525 3275 598 3315 20.
688 3274 800 3313 7087
868 3276 950 3315 150
1041 3277 1183 3317 53155
1321 3273 1404 3313 148
1591 3271 1690 3312 228.
1869 3270 1997 3314 1445.

118 3331 142 3371 ’τ
180 3332 229 3382 6.
316 3334 431 3374 9196
525 3334 596 3372 91.
686 3333 802 3372 7449
866 3334 948 3373 180
1040 3334 1183 3385 63786
1321 3332 1401 3371 177
1589 3330 1688 3371 348.
1869 3331 1998 3371 1452.

117 3383 160 3413 ‘⁶'
191 3390 230 3431 7.
317 3393 432 3433 2480
523 3393 595 3432 22.
687 3391 800 3430 7796
862 3393 948 3432 210
1039 3393 1182 3432 74417
1318 3389 1402 3429 207
1490 3402 1494 3407 ·
1586 3388 1687 3428 468.
1869 3390 1998 3430 1453.

125 3459 157 3469 ··
189 3446 233 3490 8.
317 3452 432 3492 2835
523 3452 593 3490 23.
684 3450 800 3489 8150
863 3451 949 3490 240
1039 3451 1183 3491 85048
1316 3449 1402 3489 236
1463 3479 1473 3488 .
1587 3447 1687 3486 592.
1870 3449 1997 3488 1456.

122 3506 233 3550 far-9.
319 3510 433 3551 3189
522 3510 594 3551 24.
684 3508 798 3548 8505
862 3510 949 3548 270
1040 3510 1183 3549 95679
1316 3507 1401 3546 966
1587 3506 1685 3546 712.
1869 3507 2001 3548 1460.

130 3566 234 3610 ..Κλ
319 3569 435 3609 3543
524 3569 593 3609 25.
685 3568 801 3607 8859
862 3569 948 3608 300
1012 3568 1183 3608 106310
1317 3565 1401 3604 295
1587 3564 1687 3606 748.
1869 3567 1996 3607 1462.
2061 3577 2255 3620 (Reliqua,
2283 3587 2378 3620 qnae

164 3608 231 3666 s1.
320 3627 434 3667 3898
523 3628 592 3667 96.
686 3627 802 3665 9913
1228 3637 1234 3642 .
1315 3624 1399 3663 395
1586 3622 1683 3665 749.
1818 3667 1821 3672 ,
2016 3621 2089 3655 huc
2112 3624 2314 3698 pertinent
2340 3631 2377 3655 v

155 3682 234 3731 12.
318 3687 433 3740 ,42⁵2
523 3686 593 3725 27.
686 3685 801 3725 9568
1312 3682 1399 3721 354
1586 3681 1687 3723 759.
2017 3668 2091 3699 ‘⁷⁰¹
2107 3667 2172 3701 1v.
2197 3676 2233 3708 Ρ
2245 3658 2313 3699 ⁵¹⁰
2325 3666 2376 3708 1)

135 3736 233 3781 713.
319 3743 433 3784 4607
524 3743 594 3785 28.
686 3744 801 3783 9922
1314 3740 1398 3780 355
1584 3740 1683 3782 836.

136 3796 234 3840 ⁴14.
318 3802 432 3841 4961
522 3802 595 3844 29.
659 3802 801 3842 10976

166 3857 235 3898 15.
321 3861 435 3900 5315
524 3861 595 3903 30.
657 3862 798 3901 10631
