2554 4140
840 146 980 192 Liber
1008 146 1221 203 Quintus.
1281 146 1393 191 Pars
1424 144 1588 212 Prima.
2234 145 2339 194 409

90 295 326 343 teri-allum
353 292 544 351 aequale
573 292 662 350 ipsi
691 293 768 338 BP
798 305 854 338 ex
886 294 924 338 A
955 293 1224 339 extendatur
1254 291 1299 336 in
1328 291 1432 347 DB,
1465 291 1613 346 sitque
1644 288 1859 334 terminus
1891 287 1990 344 ejus
2014 288 2068 333 E.
2128 286 2345 333 Planetae

87 363 223 418 igitur
253 360 399 407 orbita
428 358 602 405 secabit
623 358 705 402 DB
734 357 781 402 in
811 358 865 403 E.
926 358 1125 404 Rursum
1155 362 1413 403 assumatur
1444 369 1578 400 arcus
1609 353 1765 399 circuli
1788 354 1864 399 PG
1887 355 2077 411 eiusque
2107 354 2232 400 sinus
2264 365 2346 398 seu

90 427 326 474 ordinatim
357 425 585 482 applicata
615 423 732 468 GFZ
764 427 813 468 et
841 423 965 468 sinus
996 436 1153 469 versus
1173 424 1265 468 PF.
1325 421 1419 466 Fac
1448 421 1587 478 igitur
1619 426 1668 464 ut
1688 419 1762 464 BP
1794 420 1852 465 ad
1882 419 1974 477 PF,
2007 420 2072 465 sic
2093 418 2187 475 ΒΑ,
2220 417 2345 465 dimi-

89 495 207 540 diam
236 490 534 548 librationem,
564 489 623 534 ad
651 494 828 546 partem
856 487 944 546 ipsi
974 488 1053 534 PG
1085 491 1430 546 competentem,
1463 498 1554 542 qua
1583 483 1732 530 ablata
1764 484 1819 528 ab
1841 485 1933 541 AP,
1964 484 2194 530 residuum
2226 497 2282 528 ex
2305 482 2346 528 A

87 561 133 604 in
163 558 242 603 GF
272 554 545 602 extendatur
573 554 831 612 incidatque
862 557 1083 602 terminus
1111 556 1158 602 in
1189 557 1251 602 H.
1308 555 1446 610 Dico,
1478 558 1532 598 ιιι
1559 549 1742 598 DB'est
1772 551 1828 596 ad
1858 554 1952 609 ΒΕ,
1987 553 2051 598 sic
2082 552 2214 598 etiam
2247 564 2346 598 esse

87 625 165 671 GF
195 621 253 669 ad
265 622 375 678 ,FH,
436 621 701 667 Scribuntur
730 622 848 666 enim
878 621 1112 680 quadrata,
1142 634 1282 679 super
1312 620 1390 664 GF
1421 618 1602 675 quidem
1635 617 1791 669 GIOF,
1824 631 1960 675 super
1991 618 2074 663 HF
2105 631 2210 662 vero
2242 615 2346 671 ΗΚ,

88 699 139 740 ιιι
168 691 227 739 sit
255 700 449 746 gnomon
478 686 612 744 HIK;
654 687 815 734 deinde
847 689 887 733 G
917 701 1020 733 cum
1049 691 1087 732 A
1117 692 1163 732 et
1194 684 1296 733 cum
1326 686 1363 730 B
1392 689 1708 749 connectatur,
1754 689 1800 729 et
1845 696 1901 727 ex
1931 684 1972 728 A
2003 680 2346 741 perpendicula·
2392 694 2395 696 ’

86 761 147 806 ris
177 759 223 804 in
254 756 331 801 GB
363 755 673 802 continuatam
705 761 850 810 exeat,
881 768 998 812 quae
1029 755 1088 799 sit
1118 755 1211 800 AC.

255 825 370 869 Dico
399 823 543 880 initio,
574 822 845 878 quadratum
875 822 931 868 ab
962 823 1041 867 AC
1072 819 1264 878 aequale
1294 832 1395 865 esse
1426 818 1638 876 gnomoni
1667 816 1789 861 HIK.

257 893 373 938 Nam
404 890 511 948 quia
539 889 709 934 factum
741 897 823 946 est,
855 895 906 934 ιιι
935 889 1013 934 BP
1043 889 1101 933 ad
1131 887 1222 944 PF,
1254 886 1319 932 sic
1350 886 1428 930 BA
1459 885 1518 930 ad
1548 882 1847 928 differentiam
1878 881 2095 926 linearum
2128 882 2217 934 ΑΡ,
2249 880 2348 935 AH,

85 971 225 1017 qnare
263 958 399 1004 etiam
440 963 492 1002 ιιι
522 957 599 1000 PB
641 954 699 999 ad
729 955 831 1009 BF,
867 955 933 1000 sic
962 955 1039 999 BA
1080 952 1137 998 ad
1176 965 1434 1010 excessum,
1475 965 1566 1008 quo
1596 951 1680 996 AH
1720 947 1870 993 adbuc
1909 954 2095 1004 superat
2135 947 2225 991 BP.
2290 946 2350 990 At

86 1028 221 1072 etiam
253 1029 303 1069 ut
333 1024 409 1070 PB
443 1038 524 1070 seu
555 1022 634 1068 GB
666 1021 722 1066 ad
757 1021 857 1077 BF,
899 1022 965 1066 sic
996 1021 1076 1065 AB
1107 1019 1165 1064 ad
1195 1019 1292 1073 BC,
1325 1019 1431 1076 quia
1463 1018 1581 1062 GFB
1613 1015 1806 1061 et·ACB
1837 1012 2104 1070 rectangula
2135 1011 2350 1070 aequales

84 1091 254 1137 babent
282 1089 475 1147 angulos
508 1089 627 1133 GBF
658 1094 704 1134 et
733 1087 852 1132 ABG
883 1088 941 1132 ad
970 1087 1196 1132 verticem.
1256 1086 1379 1142 Ergo
1411 1086 1487 1131 BC
1519 1089 1686 1141 aequat
1716 1081 1994 1143 portionem,
2039 1093 2129 1136 qua
2162 1078 2245 1122 AH
2277 1091 2349 1122 su-

84 1162 214 1215 perat
242 1155 343 1210 BP3
376 1160 425 1200 at
453 1161 499 1200 et
515 1154 590 1199 CG
620 1156 806 1210 superat
834 1153 925 1207 BP,
957 1152 1045 1197 hoc
1075 1156 1146 1196 est
1176 1151 1270 1205 BG,
1303 1151 1458 1196 eadem
1490 1149 1695 1209 portione
1709 1148 1798 1204 BC,
1830 1160 1971 1205 quare
2000 1144 2213 1202 aequales
2245 1147 2352 1187 sunt

84 1222 160 1269 GC
189 1226 237 1266 et
264 1221 363 1266 HA.
425 1219 515 1265 Sed
546 1218 814 1275 quadratum
853 1224 1004 1264 rectae
1035 1218 1111 1264 GC
1141 1230 1234 1262 una
1270 1230 1371 1262 cum
1417 1218 1638 1274 quadrato
1670 1211 2164 1273 perpendicularisAO
2188 1211 2350 1267 juncta

83 1291 282 1345 aequant
311 1285 582 1343 quadratum
611 1289 763 1331 rectae
797 1284 893 1329 GA.
954 1284 1027 1329 Ex
1059 1282 1203 1329 altera
1232 1297 1340 1328 vero
1371 1290 1501 1341 parte
1522 1282 1790 1341 quadratum
1822 1279 1878 1324 ab
1897 1279 1976 1323 AF
1998 1291 2099 1323 cum
2130 1275 2350 1334 quadrato

84 1354 140 1400 ab
170 1352 251 1397 FG
282 1351 477 1408 junctim
514 1355 711 1409 aequant
751 1350 1021 1407 quadratum
1061 1350 1267 1406 ejusdem
1299 1349 1395 1394 GA.
1455 1349 1579 1405 Ergo
1622 1346 1832 1405 aequalia
1863 1351 1969 1391 sunt
2007 1343 2095 1388 duo
2129 1342 2352 1399 quadrata

83 1435 111 1465 a
141 1420 220 1465 GF
249 1424 296 1464 et
326 1419 383 1463 ab
414 1418 495 1462 FA
528 1417 689 1474 juncta
713 1417 886 1473 junctis
925 1415 1157 1473 quadratis
1195 1429 1223 1461 a
1253 1416 1328 1461 GC
1359 1421 1405 1460 et
1435 1430 1463 1461 a
1494 1415 1584 1462 CA.
1644 1413 1868 1471 Aequalia
1906 1411 2045 1469 igitur
2074 1410 2351 1462 auferantur,

82 1485 189 1531 hinc
218 1484 490 1540 quadratum
520 1483 576 1528 ab
609 1483 699 1537 GC,
730 1480 835 1526 inde
867 1482 1137 1539 quadratum
1167 1484 1225 1528 ab
1257 1481 1435 1538 aequali
1465 1481 1586 1526 linea
1618 1481 1723 1535 ΑΗ,
1757 1479 1803 1524 id
1833 1483 1903 1524 est
1932 1477 2023 1522 duo
2054 1475 2276 1533 quadrata
2307 1477 2354 1517 et

82 1549 139 1594 ab
170 1549 250 1595 AF
281 1554 328 1594 et
358 1548 414 1592 ab
445 1548 543 1599 FH,
575 1547 748 1593 scilicet
778 1547 888 1592 HK:
921 1553 1065 1601 restat
1092 1548 1169 1594 hic
1199 1548 1471 1606 quadratum
1502 1547 1558 1592 ab
1589 1546 1682 1604 AC,
1713 1546 1806 1592 illic
1837 1559 2031 1604 gnomon
2061 1543 2187 1590 HIK.
2206 1543 2263 1599 ⁶⁰)

252 1614 371 1660 Hinc
397 1614 491 1669 jam
522 1613 656 1658 facile
686 1613 940 1669 pertexitur
968 1612 1193 1669 reliquum
1223 1612 1620 1659 demonstrationis
1650 1612 1924 1671 propositae.

251 1681 368 1726 Nam
398 1686 449 1724 ut
478 1693 595 1724 unns
627 1679 755 1724 sinus
789 1678 866 1724 GF
897 1678 956 1724 ad
988 1692 1116 1725 suam
1157 1680 1581 1738 perpendicularem
1617 1679 1719 1735 AC,
1764 1679 1831 1724 sic
1861 1690 2016 1724 omnes
2048 1675 2126 1721 alii
2156 1673 2214 1720 ad
2245 1685 2352 1720 suas

83 1761 141 1793 ex
168 1749 224 1794 A.
286 1748 348 1793 Ut
385 1746 522 1803 igitur
563 1746 834 1802 quadratum
875 1746 1001 1790 sinus
1035 1746 1113 1792 GO
1155 1747 1214 1792 ad
1253 1746 1526 1804 quadratum
1570 1745 1626 1791 ab
1657 1746 1756 1799 AC,
1793 1745 1840 1790 id
1882 1751 1953 1790 est
1995 1742 2053 1789 ad
2082 1753 2354 1799 gnomonem

82 1814 214 1870 HIK,
256 1814 321 1859 ita
362 1812 560 1856 omnium
604 1812 783 1856 sinuum
825 1811 1051 1868 quadrata
1093 1812 1150 1857 ad
1183 1826 1290 1857 suos
1323 1826 1592 1871 gnomones:
1637 1823 1779 1870 quare
1808 1811 1945 1857 etiam
1976 1808 2139 1854 ablatis
2171 1820 2353 1865 gnomo-

84 1877 239 1934 nibus,
286 1884 341 1923 ut
370 1878 504 1923 unius
549 1877 675 1923 sinus
707 1878 787 1923 GF
818 1877 1089 1934 quadratum
1123 1878 1202 1924 GO
1233 1878 1292 1922 ad
1323 1878 1594 1936 quadratum
1623 1878 1714 1924 HK
1751 1877 1896 1936 ipsius
1926 1875 2033 1932 FH,
2073 1888 2100 1919 a
2139 1874 2355 1920 distantia

83 1943 168 1989 HA
196 1943 408 2001 planetae
450 1956 479 1988 a
509 1943 615 1988 Sole
646 1943 995 1997 determinatae,
1037 1944 1101 1988 ita
1142 1943 1500 2002 uniuscujusque
1541 1945 1667 1991 sinus
1708 1944 1980 2002 quadratum
2020 1942 2079 1987 ad
2110 1939 2296 1988 minoris
2327 1952 2356 1984 a

83 2023 165 2055 sna
193 2009 415 2055 distantia
445 2007 771 2054 determinatae
803 2008 1089 2064 quadratum.
1151 2009 1355 2066 Quorum
1392 2023 1500 2055 vero
1531 2010 1755 2067 quadrata
1786 2016 1894 2055 sunt
1928 2009 2048 2054 inter
2087 2021 2136 2053 se
2163 2019 2354 2066 propor-

84 2074 283 2132 tionalia,
314 2074 393 2120 illa
421 2076 523 2132 ipsa
553 2079 606 2119 nt
635 2074 782 2120 latera
813 2080 921 2120 sunt
948 2074 1311 2133 proportionalia
1340 2077 1461 2122 inter
1491 2089 1554 2121 se.
1615 2076 1678 2122 Ut
1712 2074 1850 2132 igitur
1873 2075 1950 2120 GF
1981 2073 2040 2118 ad
2053 2072 2152 2127 FH,
2183 2071 2353 2130 portio-

84 2153 188 2186 nem
216 2142 273 2186 ab
305 2141 391 2186 ΑΗ
419 2139 719 2196 terminatam,
754 2140 819 2186 sic
851 2139 1042 2196 quilibet
1072 2141 1212 2199 sinuS,
1245 2147 1297 2187 ut
1320 2143 1402 2188 DB
1432 2143 1490 2188 ad
1521 2143 1618 2202 BE,
1649 2142 1905 2200 portionem
1937 2153 1964 2185 a
1996 2153 2079 2186 sua
2099 2139 2182 2184 ΑΕ
2205 2137 2351 2195 deter-

44 2211 58 2221 ·
83 2206 315 2252 minatam:
348 2219 465 2264 quae
493 2205 610 2251 ratio
642 2213 714 2252 est
743 2205 940 2264 genuina
968 2205 1202 2264 ellipseos.

252 2272 413 2318 Altera
441 2271 698 2330 proprietas
729 2272 902 2330 ellipsis
933 2285 1018 2330 per
1047 2285 1096 2317 se
1127 2278 1272 2330 patet.

254 2339 327 2385 Ad
355 2338 687 2397 praescriptum
718 2339 837 2383 enim
867 2338 1021 2395 legum
1049 2338 1303 2386 librationis
1343 2341 1469 2398 (quia
1498 2340 1673 2387 scilicet
1702 2341 1748 2384 in
1779 2337 2032 2397 quadrante
2065 2337 2239 2384 orbitae
2269 2338 2348 2383 PE

0 2401 1 2409 ’
82 2404 287 2449 consumi
317 2403 454 2451 debet
482 2404 666 2450 dimidia
701 2404 882 2451 libratio
913 2405 1002 2462 ipsi
1031 2406 1111 2450 BA
1143 2407 1363 2465 aequalis)
1404 2408 1614 2455 residuae
1645 2409 1721 2454 BP
1760 2405 1997 2464 aequalem
2028 2419 2085 2451 ex
2117 2405 2159 2450 A
2189 2406 2237 2451 in
2264 2403 2348 2450 DB

0 2491 2 2497 ν
83 2469 391 2526 extendimus,
433 2469 608 2516 scilicet
636 2469 735 2515 AE.
794 2470 913 2516 Nam
954 2471 1061 2527 quia
1089 2472 1132 2516 A
1162 2471 1291 2518 focus
1321 2487 1459 2528 unns,
1499 2470 1539 2519 si
1570 2474 1658 2532 ipsi
1689 2474 1771 2519 BA
1801 2476 2033 2516 statuatur
2069 2469 2273 2528 aequalis
2302 2471 2353 2515 in

82 2536 159 2581 BP
190 2548 247 2580 ex
278 2535 315 2578 B
347 2541 550 2587 extensa,
581 2535 894 2592 designabitur
923 2536 1052 2582 focus
1083 2538 1217 2595 alter,
1248 2540 1380 2596 cujus
1412 2541 1469 2585 ab
1492 2541 1531 2586 E
1556 2540 1774 2586 distantia
1802 2537 1889 2584 erit
1911 2536 2115 2593 aequalis
2144 2536 2352 2594 ipsiAE,

0 2609 4 2665 ζ
87 2606 136 2646 et
158 2600 348 2657 junctae
378 2600 640 2658 aequabunt
671 2601 959 2647 diametrum:
991 2602 1111 2658 quod
1141 2602 1194 2648 fit
1222 2602 1270 2648 in
1301 2603 1461 2663 ellipsi.

235 2684 380 2748 Quae
425 2689 496 2733 est
535 2687 804 2747 proportio
841 2684 964 2747 DE,
1015 2686 1305 2736 latitudinis
1350 2689 1567 2739 lunulae
1617 2689 1682 2738 ab
1735 2689 1895 2752 ellipsi
1942 2686 2002 2735 de
2038 2684 2231 2734 circulo
2267 2699 2351 2733 re-

83 2764 255 2816 sectae,
294 2757 365 2806 ad
400 2761 814 2807 eccene-{citatem
837 2757 975 2806 BA?
1013 2758 1361 2811 Eccentricitas
1387 2762 1476 2810 BA
1518 2768 1593 2812 est
1629 2760 1792 2811 medio
1829 2760 1940 2810 loco
1971 2756 2350 2824 proportionalis

4 2827 8 2861 ³
87 2832 211 2880 inter
240 2830 329 2879 DE
367 2838 416 2879 et
457 2829 556 2878 ΕΤ.
632 2830 819 2880 Eodem
857 2830 1002 2880 modo
1041 2833 1188 2882 etiam
1227 2835 1385 2883 omnis
1422 2833 1853 2900 perpendicularis,
1892 2839 1950 2881 ιιι
1986 2831 2088 2892 AC,
2130 2836 2205 2880 est
2242 2845 2350 2901 rne-

84 2902 218 2953 dinm
253 2902 617 2968 proportionale
665 2904 789 2953 inter
825 2901 922 2952 GH
959 2910 1008 2953 et
1045 2904 1135 2954 HZ
1171 2906 1421 2956 residuum
1457 2908 1737 2957 subtensae.
2004 2916 2008 2919 ’

259 2986 378 3031 Nam
409 2984 721 3043 rectangulum
753 2986 838 3031 sub
872 2985 954 3031 GH
986 2991 1033 3032 et
1063 2987 1145 3032 ΗΖ
1176 2988 1367 3045 aequale
1398 2990 1471 3036 est
1500 2990 1715 3048 gnomoni
1744 2989 1869 3035 HIK.
1932 2987 2023 3035 Sed
2052 2987 2126 3033 hic
2157 3001 2353 3045 gnomon

8 3031 9 3035 Ἰ
86 3058 156 3098 est
184 3049 387 3108 aequalis
420 3051 642 3107 quadrato
674 3051 771 3107 AC,
804 3064 910 3108 ergo
940 3056 987 3096 et
1016 3054 1329 3111 rectangulum
1361 3056 1485 3102 GHZ
1517 3061 1589 3102 est
1618 3055 1763 3101 eidem
1779 3054 1855 3100 AC
1888 3052 2112 3112 quadrato
2145 3051 2351 3112 aequale.

10 3155 12 3160 ,
86 3117 202 3164 Sunt
231 3130 340 3174 ergo
371 3115 587 3161 continue
618 3117 981 3174 proportionales
1013 3119 1112 3176 GH,
1143 3120 1234 3176 AC,
1267 3120 1360 3165 HZ.

230 3192 310 3242 De
360 3192 678 3254 lonqitudine
732 3193 885 3247 haim
929 3194 1123 3244 orbitae
1170 3196 1417 3259 elliptieae
1460 3197 1666 3258 ejusque
1701 3198 1934 3260 partium
1975 3196 2103 3261 quid
2139 3196 2353 3247 tenebo?

12 3261 13 3266 ’
90 3264 248 3316 Sectis
295 3265 463 3329 figuris
510 3264 674 3314 circuli
725 3273 774 3315 et
821 3265 1005 3330 ellipsis
1051 3282 1136 3331 per
1184 3269 1396 3318 infinitas
1435 3267 1549 3329 GF,
1606 3269 1696 3318 DB
1750 3268 2009 3319 ordinatim
2057 3270 2349 3336 applicatae,

89 3338 271 3402 primae
309 3338 556 3403 portiones
594 3338 643 3385 in
682 3337 722 3387 P
763 3338 1039 3389 desinentes
1076 3337 1150 3405 (ut
1189 3338 1277 3389 GP
1315 3338 1378 3389 ad
1417 3339 1527 3401 PH)
1569 3348 1708 3391 erunt
1747 3349 1801 3393 ut
1840 3341 1928 3392 GF
1966 3341 2031 3392 ad
2071 3342 2194 3404 FH,
2231 3342 2353 3393 ulti-

16 3450 17 3455 ,
90 3424 196 3460 mae
234 3412 281 3458 in
306 3410 369 3470 D,
409 3409 449 3458 Ε
489 3409 764 3461 desinentes
802 3410 876 3478 (ut
902 3409 996 3460 GD
1023 3411 1085 3460 ad
1117 3410 1232 3474 HE)
1273 3419 1413 3462 erunt
1452 3415 1574 3463 inter
1610 3428 1663 3464 se
1701 3415 1960 3480 aequales,
2001 3415 2072 3466 ita
2097 3418 2350 3480 proportio

92 3480 180 3531 ΟΒ
218 3483 279 3531 ad
319 3482 419 3542 BE,
459 3483 655 3549 incepta
693 3502 723 3534 a
759 3482 816 3545 P,
856 3483 1089 3550 paulatim
1129 3484 1441 3546 obliteratur,
1482 3488 1628 3551 inque
1668 3487 1732 3554 D,
1772 3488 1811 3538 Ε
1848 3490 1896 3538 in
1935 3503 2118 3539 meram
2157 3504 2347 3553 aequa-

18 3582 19 3593 ι
89 3552 240 3605 litatis
290 3557 649 3620 proportionem
698 3558 928 3607 vanescit.
1013 3556 1196 3621 Integri
1246 3572 1362 3607 vero
1414 3572 1555 3608 arcus
1602 3575 1633 3611 a
1668 3559 1709 3609 P
1756 3561 1940 3628 incepti
1987 3564 2349 3628 proportionem

19 3630 21 3645 ἲ
92 3626 213 3676 inter
249 3642 303 3677 se
343 3627 526 3677 habent
563 3631 882 3695 compositam
932 3645 989 3679 ex
1030 3631 1244 3679 omnium
1284 3633 1592 3682 minimarum
1633 3635 1981 3698 particularum
2016 3636 2350 3701 ‘proportioni-

93 3698 184 3747 bns
221 3700 461 3759 omnibns,
501 3715 658 3766 eoque
696 3718 944 3766 nunquam
984 3703 1179 3767 penitus
1218 3710 1401 3753 exuunt
1440 3710 1590 3755 totam
1630 3710 1990 3774 proportionem
2029 3709 2119 3757 DB
2155 3706 2218 3756 ad
2244 3706 2346 3756 ΒΕ.

22 3757 26 3819 Ῐ
93 3769 217 3821 Nam
254 3771 549 3836 quadrantes
574 3775 663 3825 ΒΡ
703 3775 766 3824 ad
805 3776 888 3826 PE
928 3782 977 3825 et
1011 3776 1083 3825 sic
1121 3776 1270 3825 etiam
1308 3782 1412 3827 tota
1449 3779 1695 3830 circularis
1726 3781 1867 3844 ¹linea
1889 3781 1954 3832 ad
1980 3787 2132 3832 totam
2162 3779 2347 3846 ellipti-

24 3896 26 3905 ι
