2560 4100
555 116 625 159 De
653 116 773 160 Anni
805 115 1068 171 Quantitate
1104 120 1151 161 et
1178 113 1581 171 Aequinoctiorum
1612 115 1949 161 Praecessione.
2322 120 2388 170 95

131 263 258 311 ultra
303 260 359 310 1⁰
397 264 486 310 42‘
523 261 659 310 nulla
697 265 804 326 ejus
841 264 1051 312 latitudo
1091 270 1324 315 excurrat.
1400 265 1478 313 De
1527 265 1725 312 minutis
1764 279 1881 314 vero
1926 267 2018 328 18,
2073 280 2181 314 cum
2218 264 2390 313 Ptole-

131 350 301 384 maeus
339 334 626 384 rotunditati
665 349 971 387 numerorum
1012 344 1064 386 ut
1101 338 1181 386 hic
1203 336 1440 399 indulget,
1482 335 1602 385 nihil
1639 344 1711 385 est
1737 336 2010 387 dicendum.
2086 338 2212 387 Nam
2242 352 2390 400 quar-

133 415 208 457 tas
245 414 412 471 partes
448 407 686 470 graduum
725 412 872 458 etiam
910 412 1039 473 ipse,
1093 425 1202 460 cum
1241 412 1450 459 maxime
1490 409 1685 458 subtilis
1723 416 1821 471 est,
1860 419 2057 476 propter
2095 415 2391 460 instrumen-

129 488 290 530 torum
325 479 586 530 ruditatem
622 483 671 527 in
713 483 862 531 dubio
899 486 1054 546 ponit.
1281 506 1284 507 ⁷

258 551 405 601 .Huic
443 553 638 615 quidem
666 560 951 618 argumento
990 562 1153 619 potest
1191 556 1376 619 aliquid
1417 555 1616 617 opponi.
1675 553 1800 602 Nam
1841 557 1929 603 etsi
1957 557 2125 607 limitis
2167 559 2212 606 in
2238 557 2390 606 Libra

127 626 378 674 inclinatio
417 634 583 675 manet
623 636 865 689 constans,
905 629 1036 678 nodo
1075 629 1221 679 Jovis
1260 631 1309 676 in
1351 629 1539 678 Cancro
1580 632 1832 688 versante,
1875 627 2016 678 datur
2053 639 2211 680 tamen
2252 631 2388 680 locus

125 700 385 747 mutationi
403 699 658 762 eclipticae
686 703 734 749 in
760 701 893 750 Can·
1530 747 1600 788 pig
1640 746 1681 780 ¹0
2311 724 2333 751 o

127 785 239 833 ατο,
310 779 535 821 manente
599 774 647 819 in
705 774 892 823 Cancro
1604 773 1611 781 ’
1686 772 1693 780 ’

126 842 273 894 Jovis
319 846 488 894 itinere
527 845 658 908 apud
698 847 894 896 easdem

125 917 264 965 fixas,
356 916 430 966 Sit
492 916 579 966 ΑΕ
642 926 894 983 aequator‚

125 989 234 1038 CEI
255 988 480 1053 ecliptica
501 990 752 1053 hodierna,
784 991 895 1040 LRI

125 1062 350 1125 ecliptica
378 1069 534 1124 vetuS,
575 1063 705 1113 CRO
734 1066 895 1113 orbita

124 1135 272 1184 Jovis
324 1138 615 1197 eccentrica,
669 1135 739 1185 OI
788 1137 893 1200 ejus

125 1208 373 1257 inclinatio
446 1211 661 1258 maxima
729 1210 892 1272 hodie,

126 1296 253 1345 quae
280 1283 329 1329 in
355 1281 381 1330 I
406 1282 519 1332 ideo
547 1288 776 1332 constans
804 1290 891 1344 est,

124 1357 244 1418 quia
280 1355 349 1403 ibi
388 1362 681 1404 concurrunt
718 1357 894 1406 ambae

125 1426 408 1513 eclipticae3
450 1429 490 1478 C
515 1430 580 1478 sit
615 1428 775 1478 nodus
802 1429 894 1478 ho-

125 1500 319 1550 diernus
358 1503 407 1548 in
437 1499 532 1568 ὓ.
607 1502 763 1566 Igitur
800 1518 893 1566 po-

126 1575 222 1622 sita
255 1576 472 1625 sectione
509 1574 842 1638 eclipticarum
877 1578 923 1624 in
962 1576 1003 1636 1,
1044 1583 1092 1626 et
1129 1577 1170 1626 Ι
1174 1577 1212 1626 C
1253 1579 1525 1629 variatione
1551 1577 1855 1640 obliquitatis
1895 1547 2135 1624 maximae
2177 1563 2262 1625 CA
2303 1572 2382 1624 vel

123 1646 165 1695 Ι
173 1647 240 1695 A.
279 1653 430 1710 patet,
469 1649 513 1696 si
550 1647 709 1697 nodus
748 1649 864 1697 olim
903 1657 1120 1714 tempore
1159 1651 1386 1715 Dionysii
1427 1650 1596 1700 debuit
1633 1664 1740 1700 esse
1780 1652 1828 1697 in
1869 1649 1931 1711 C,
1959 1655 2035 1698 ut
2074 1653 2190 1714 ego
2190 1650 2263 1695 in
2293 1647 2387 1695 hoc
2430 1652 2436 1658 '

125 1729 409 1782 argumento
448 1723 685 1784 supposui
724 1737 783 1771 ex
821 1722 1056 1773 hodierna
1095 1723 1410 1788 obliquitate,
1463 1723 1557 1773 fuit
1595 1737 1710 1773 vero
1750 1722 1977 1785 ecliptica
2016 1720 2132 1773 tu'nc
2170 1735 2266 1770 non
2307 1719 2386 1780 CI,

124 1792 211 1841 sed
247 1792 341 1853 LI,
387 1800 547 1858 patet,
595 1797 824 1858 inquam,
876 1811 964 1860 pro
1001 1797 1132 1846 nodo
1173 1796 1210 1846 C
1249 1796 1606 1861 respiciendum
1647 1811 1753 1846 esse
1792 1795 1857 1845 ad
1901 1794 2083 1844 nodum
2107 1779 2193 1855 R,
2246 1793 2388 1858 longe

129 1867 285 1930 magis
323 1868 370 1914 in
411 1870 761 1931 consequentia
797 1869 1044 1931 signorum
1086 1885 1255 1919 versus
1297 1869 1392 1931 01,
1445 1869 1667 1931 Libram,
1717 1875 2020 1933 promotum;
2074 1873 2122 1918 et
2160 1865 2230 1916 sic
2261 1860 2390 1915 haec

121 1940 324 1989 mutatio
351 1939 655 2003 obliquitatis
683 1942 934 2005 eclipticae
972 1944 1094 1992 nihil
1120 1945 1348 1993 attinebit
1385 1943 1666 1992 distantiam
1696 1942 1924 2005 planetae
1946 1944 1995 1989 in
2025 1940 2062 1990 C
2084 1956 2127 1990 a
2139 1940 2236 1989 fixa
2261 1954 2387 2003 qua-

125 2026 330 2074 cunque.
404 2012 532 2062 Nam
577 2015 704 2063 sicut
750 2016 908 2079 major
959 2017 1074 2065 olim
1124 2017 1215 2066 fuit
1261 2017 1470 2066 latitudo
1509 2015 1762 2065 stellarum
1810 2017 1934 2065 inter
1971 2014 2088 2077 C,A,
2130 2016 2200 2063 sic
2244 2015 2389 2063 etiam

125 2085 280 2148 major
316 2085 407 2134 fuit
444 2089 684 2149 promotio
723 2095 1011 2151 punctorum
1051 2090 1237 2139 orbitae
1257 2089 1399 2140 Jovis
1439 2089 1740 2151 australium,
1781 2105 1827 2138 v.
1869 2103 1908 2137 c.
1949 2088 2008 2150 B,
2048 2106 2078 2138 a
2103 2086 2232 2137 nodo
2259 2086 2390 2135 illius

124 2160 353 2222 temporis
378 2157 438 2220 R,
478 2173 626 2223 quam
651 2176 682 2210 a
713 2162 842 2211 nodo
869 2165 1021 2211 nostri
1059 2165 1290 2228 temporis
1315 2163 1367 2225 C,
1411 2178 1567 2226 eoque
1596 2168 1643 2211 et
1670 2163 1825 2226 major
1863 2124 2070 2210 latitu⁷do
2100 2161 2141 2232 B
2170 2161 2233 2209 ab
2260 2159 2300 2208 Ι
2304 2159 2387 2221 ΒΙ,

125 2244 274 2295 quam
311 2247 342 2280 a
382 2231 509 2294 CEI,
557 2235 686 2283 sicut
737 2237 884 2285 etiam
922 2235 1127 2285 fixarum
1178 2238 1302 2286 inter
1350 2235 1454 2298 C,A
1500 2236 1710 2285 latitudo
1757 2236 1851 2284 fuit
1901 2234 2088 2298 majors
2150 2232 2389 2296 Adeoque

122 2304 244 2355 haec
280 2305 389 2368 ipsa
416 2319 566 2355 causa
594 2307 746 2356 videri
783 2311 953 2372 possit,
993 2324 1077 2360 cur
1115 2309 1273 2359 nodus
1311 2311 1361 2357 in
1406 2305 1465 2378 Ἡ,
1509 2310 1573 2358 sit
1601 2317 1698 2358 tam
1725 2308 1891 2357 tardus
1930 2307 2010 2357 vel
2050 2309 2216 2377 etiam
2228 2312 2390 2358 retro-

123 2377 318 2440 gradus,
360 2385 407 2427 et
446 2377 562 2428 olim
600 2382 692 2429 sub
727 2381 970 2446 Dionysio
1008 2390 1057 2432 et
1094 2382 1355 2432 Aristotele
1393 2384 1676 2447 promotior,
1717 2382 1849 2446 quod
1886 2381 2089 2430 volunt
2106 2382 2228 2429 istae
2271 2393 2390 2434 con-
2433 2374 2437 2379 ’

1085 1467 1127 1500 A

22 2492 24 2498 ,
119 2451 398 2514 junctiones
436 2466 544 2500 cum
583 2452 774 2504 duabus
813 2455 945 2517 fixis,
987 2457 1028 2504 si
1066 2470 1154 2520 pro
1192 2456 1448 2520 partilibus
1489 2470 1577 2505 seu
1614 2456 1777 2520 potius
1816 2470 1904 2519 pro
1942 2450 2272 2502 minutalibus
2301 2467 2389 2502 ac-

122 2526 373 2588 cipiantur.
449 2524 576 2574 Vere
604 2529 732 2576 enim
769 2529 983 2577 futurum
1010 2535 1098 2590 est,
1138 2532 1179 2579 si
1207 2530 1433 2594 ecliptica
1474 2528 1584 2577 LRI
1622 2543 1768 2592 super
1805 2529 1829 2576 I
1856 2528 1962 2577 fixo
1990 2532 2222 2585 movetur
2242 2525 2387 2575 deor-

122 2612 255 2658 sum,
308 2603 362 2646 ut
412 2600 580 2648 veniat
633 2602 681 2648 in
724 2599 858 2663 CEI,
913 2602 1127 2651 futurum
1164 2604 1363 2666 inquam
1411 2610 1508 2663 est,
1559 2607 1612 2650 ut
1659 2607 1889 2651 manente
1927 2599 2101 2657 BCRO
2140 2594 2306 2647 n'odus
2345 2598 2421 2656 R·

124 2669 322 2734 repedet
370 2671 418 2717 in
459 2671 514 2720 C.
589 2671 711 2721 Cum
763 2675 909 2737 igitur
946 2683 1283 2739 argumentum
1334 2677 1517 2724 nitatur
1567 2675 1816 2760 aequabili
1867 2669 2208 2738 progressione
2258 2671 2388 2744 nodi,
2427 2717 2431 2722 .

126 2742 266 2792 detur
301 2757 418 2792 vero
458 2750 625 2794 contra
662 2745 755 2795 boc
795 2749 1032 2811 excepti0‚
1077 2748 1269 2799 videtur
1308 2748 1511 2797 dissolvi
1553 2748 1658 2810 ejus
1698 2749 1789 2796 vis.
1835 2743 2183 2810 mRespondeo:
2223 2734 2421 2794 veram.

126 2815 323 2879 quidem
362 2831 470 2866 esse
510 2818 850 2881 objectionem,
891 2835 1122 2871 concessa
1159 2822 1246 2871 tali
1297 2822 1571 2871 turbatione
1612 2820 1725 2870 nodi
1767 2821 1842 2873 ob.
1870 2834 2084 2869 causam
2108 2803 2389 2882 extraneam

121 2903 208 2939 scu
247 2889 310 2939 ob
349 2904 541 2939 cursum
579 2891 786 2941 aliarum
826 2898 875 2943 et
898 2893 1106 2944 aliarum
1145 2894 1398 2959 eclipticae
1423 2893 1640 2943 luxatilis
1678 2894 1905 2957 partium.
1980 2892 2198 2951 Pertinet
2237 2884 2390 2955 igitur

125 2961 188 3012 ad
223 2962 512 3012 firmandum
557 2972 920 3029 argumentum,
978 2973 1033 3016 ut
1077 2969 1199 3018 baec
1249 2969 1428 3032 positio
1478 2965 1678 3015 tollatur
1731 2972 1778 3015 ct
1816 2965 2126 3027 destruatur.
2183 2965 2307 3014 Nam
2343 2965 2386 3012 si
2448 2992 2453 2997 -

123 3034 246 3085 haec
283 3049 433 3085 causa
470 3043 601 3087 esset
640 3038 880 3089 tarditatis
919 3039 1141 3104 adeoque
1181 3047 1230 3090 et
1267 3040 1595 3104 repedationis
1632 3038 1774 3100 nodi,
1817 3040 2082 3103 oporteret
2099 3037 2204 3101 ejus
2246 3038 2390 3101 effcc-

124 3113 226 3157 tum
263 3111 409 3158 etiam
448 3110 495 3158 in
534 3106 572 3176 Γ)
611 3114 791 3173 sentiri,
834 3118 886 3161 ut
925 3113 1063 3176 cujus
1102 3113 1259 3163 nodus
1301 3111 1570 3162 ascendens
1610 3113 1756 3160 etiam
1795 3113 1843 3160 in
1885 3109 1950 3180 ὓ
1988 3114 2083 3173 est,
2118 3126 2224 3160 non
2252 3111 2391 3162 ultra

132 3179 222 3230 16⁰
259 3180 447 3231 distans
485 3198 516 3232 a
552 3183 682 3233 nodo
727 3180 816 3252 Ἡ..
893 3185 1016 3234 Cum
1065 3200 1182 3235 vero
1222 3188 1271 3233 in
1309 3183 1347 3251 Β
1387 3200 1482 3236 non
1523 3183 1940 3248 deprehendatur
1995 3180 2092 3251 no'n
2132 3177 2204 3234 est
2243 3185 2391 3247 igitur

125 3252 326 3303 tarditas
377 3257 471 3305 ista
526 3271 588 3306 ne
643 3257 692 3305 in
732 3257 781 3318 Ἃ
822 3257 1017 3320 quidem
1070 3258 1134 3307 ad
1182 3258 1311 3308 hunc
1359 3257 1558 3307 modum
1605 3257 1902 3321 adventitia,
1955 3258 2042 3308 sed
2079 3253 2239 3307 insita.
2320 3256 2390 3305 Ac

89 3368 95 3373 ,
125 3326 324 3388 proinde
347 3327 648 3379 firmamento
684 3331 947 3381 instantiae
974 3330 1192 3393 subrut0‚
1234 3334 1412 3381 corruit
1450 3331 1572 3380 haec
1599 3332 1741 3380 turris
1779 3346 1869 3382 nec
1897 3337 2040 3382 nocet
2077 3326 2254 3380 nostris
2281 3344 2389 3378 mu-

128 3399 407 3450 nitionibus.
483 3401 581 3451 Sed
620 3410 924 3453 reserventur
963 3405 1056 3453 ista
1094 3406 1142 3452 in
1182 3404 1421 3455 theoriam
1466 3400 1530 3470 Γ),
1572 3407 1659 3454 erit
1699 3405 1826 3454 enim
1866 3420 1924 3455 ex
1964 3406 2154 3454 duobus
2180 3404 2388 3468 planetis

127 3484 276 3543 unum
312 3482 666 3538 argumentum.

277 3545 453 3596 Tentet
502 3553 664 3598 tamen
716 3550 959 3613 quispiam
1009 3551 1154 3598 etiam
1202 3548 1341 3598 aliter
1390 3549 1666 3600 convellere
1717 3551 2015 3601 instantiam.
2091 3549 2218 3598 Nam
2256 3547 2384 3596 nodo

132 3617 203 3665 sic
237 3626 461 3680 promoto
501 3636 561 3670 ex
601 3621 638 3671 C
678 3623 726 3670 in
767 3622 832 3684 R,
872 3636 1071 3672 necesse
1112 3627 1186 3671 est
1220 3621 1422 3672 limitem
1461 3638 1520 3674 ex
1547 3622 1589 3672 O
1627 3627 1903 3687 promoveri
1943 3623 2261 3687 ejusdemque
2301 3620 2387 3668 de-

132 3687 440 3742 clinationem
489 3695 552 3742 ab
592 3694 848 3759 eclipticae
898 3697 1051 3744 veteri
1091 3694 1193 3744 fieri
1246 3695 1507 3759 majorem,
1565 3710 1711 3760 quam
1764 3704 1838 3747 est
1888 3699 1950 3746 ab
1989 3695 2222 3745 hodierna
2260 3695 2306 3740 in
2347 3693 2384 3753 Ι,

133 3762 249 3823 quia
283 3765 335 3812 in
358 3764 385 3813 Ι
421 3763 675 3830 eclipticae
714 3782 768 3817 se
806 3774 975 3818 secant
1013 3774 1062 3817 et
1086 3773 1230 3817 vetus
1264 3768 1394 3819 ultra
1419 3769 1443 3817 I
1481 3769 1537 3818 fit
1573 3769 1846 3820 australior.
1921 3770 1996 3819 Sit
2020 3767 2129 3817 LIC
2181 3766 2389 3815 variatio

28 3824 52 3904 f.
91 3875 94 3878 .
133 3834 383 3897 eclipticae
422 3838 728 3903 obliquitatis
768 3838 828 3889 0⁰
865 3844 953 3889 21¹
1005 3847 1055 3889 et
1092 3840 1116 3888 Ι
1169 3842 1321 3890 sectio
1367 3843 1417 3890 in
1460 3838 1718 3908 572⁰ss
1634 3879 1747 3903 ...m
1797 3845 1861 3891 sit
1900 3840 2011 3890 OCI
2055 3839 2126 3889 1⁰
2153 3836 2386 3935 19's3‘et
