2554 4140
559 134 628 177 De
664 134 774 178 Anni
807 134 1067 190 Quantitate
1098 139 1144 180 et
1170 134 1569 192 Aequinoctiorum
1598 133 1934 182 Praecessione.
2274 139 2372 187 107

274 280 545 330 Concilium
571 283 809 332 Nicenum
849 300 892 333 a.
935 286 1056 337 326.
1097 286 1269 335 statuit
1307 286 1670 347 aequinoctium
1711 287 1792 333 21.
1834 284 2015 333 Martii.
2091 284 2199 332 Non
2241 288 2376 346 put0,

129 359 226 400 tam
264 355 511 416 imperitos
549 356 700 405 fuisse
740 358 1061 419 observandi,
1116 361 1232 421 quin
1269 357 1319 405 id
1359 373 1420 406 ex
1459 357 1789 407 Alexandrino
1830 360 2059 421 episcopo
2110 357 2376 406 didicerint.

125 424 253 488 Ergo
290 441 321 474 a
358 426 591 490 Sosigene
631 445 717 492 per
754 445 909 479 annos
946 432 1044 480 fere
1086 433 1191 481 400
1231 431 1333 480 dies
1375 433 1404 480 3
1445 430 1806 480 interciderunt.

256 526 457 576 Keplerus
489 528 628 568 citatis
657 531 841 582 antiquis
872 531 1144 582 scriptoribus
1180 529 1329 586 (Beda,
1361 532 1433 585 qui
1465 531 1615 584 prodat
1646 542 1762 573 suam
1785 531 2142 582 aequinoctiorum
2174 530 2372 579 ignoran-

124 584 235 623 tiam.
268 584 505 637 Anatolico,
535 587 749 639 Proterio),
781 590 841 628 sic
869 591 1027 640 pergit:

281 641 503 686 Conversio
534 650 665 687 status
695 650 807 689 anni.
844 649 971 690 1601.
1031 652 1071 690 2.
1105 650 1204 690 Nov.
1236 652 1305 690 20
1397 650 1492 690 ,27
1542 649 1596 699 m

843 708 967 750 1602.
1000 709 1071 750 30.
1102 708 1196 749 Jau.
1238 710 1307 749 20.
1338 710 1408 749 43.
1469 709 1496 749 8
1538 719 1595 748 :xz

1343 781 1759 823 38.411.Ο..40

1343 842 1412 882 37.
1446 840 1501 881 55

1445 915 1501 956 46

464 966 501 1007 d.
534 968 605 1010 88.
636 969 676 1010 h.
737 970 777 1012 8.
811 971 866 1010 42
900 971 1104 1020 quadrans
1135 972 1337 1013 minimus

536 1029 607 1126 g}
740 1029 782 1128 ζ’
814 1030 871 1128 ἐξ
923 1059 1148 1100 mediocres

505 1160 605 1200 270.
714 1162 784 1202 23.
815 1149 911 1203 46‘

502 1219 601 1259 365.
739 1221 780 1261 5.
811 1222 868 1261 49
1088 1263 1092 1266 .

532 1294 601 1333 94.
741 1296 781 1337 6.
843 1297 869 1335 3
900 1294 1178 1342 longissimus.

258 1375 561 1443 Quocunque
600 1396 714 1445 ergo
755 1385 928 1432 transit
967 1396 1270 1446 apogaeum,
1319 1381 1387 1429 ibi
1426 1380 1741 1442 longissimus
1796 1382 1869 1424 est
1908 1374 2164 1438 quadrans,
2242 1374 2369 1438 Ergo

116 1450 363 1499 anomalia
414 1455 835 1516 aequinoctiorum
888 1463 935 1506 et
982 1456 1298 1505 solstitiorum
1351 1459 1511 1518 potest
1551 1466 1658 1500 esse
1709 1452 1848 1498 annis
1895 1450 2066 1497 10000
2106 1448 2368 1511 quatridui,

117 1521 346 1572 Si-initio
386 1527 552 1574 mundi
590 1528 681 1576 suit
719 1532 1080 1592 aequinoctium
1123 1531 1208 1578 23.
1249 1528 1396 1590 Apin,
1453 1526 1621 1575 debuit
1659 1523 1852 1586 aequali
1903 1529 2036 1569 motu
2077 1522 2220 1570 hodie
2261 1537 2368 1570 esse

120 1595 197 1644 12.
236 1596 421 1659 Martii,
474 1600 559 1649 sed
599 1605 806 1651 accessit
854 1605 1044 1666 integra
1082 1602 1210 1651 Solis
1258 1602 1514 1663 aequatio,
1569 1604 1643 1648 est
1692 1611 1806 1660 ergo
1852 1597 1931 1644 10.
1970 1595 2150 1643 Martii.
2226 1594 2288 1642 Et
2325 1596 2367 1642 si

113 1674 227 1717 tunc
263 1673 625 1733 aequinoctium
655 1678 737 1723 22.
769 1673 901 1735 Oct.‚
943 1675 1138 1740 quando
1158 1674 1294 1723 nulla
1313 1676 1558 1736 aequati0‚
1601 1671 1768 1721 debuit
1788 1669 1933 1718 hodie
1955 1683 2060 1718 esse
2094 1671 2172 1716 10.
2201 1667 2365 1731 Sept.;

110 1741 196 1789 sed
235 1744 351 1804 quia
388 1749 595 1795 accessit
631 1749 818 1812 integra
857 1747 927 1815 Θ
965 1750 1194 1811 aequatio
1234 1748 1576 1811 subtractoria,
1616 1759 1729 1807 ergo
1770 1750 1842 1792 est
1889 1744 1966 1790 12.
2008 1741 2156 1804 Sept.‚
2197 1742 2365 1803 itaque

109 1815 367 1875 quatriduo
406 1819 470 1867 ab
509 1822 719 1883 invicem
759 1822 1096 1871 discesserunt.
1174 1821 1462 1870 Differentia
1501 1818 1823 1882 quadrantum
1859 1815 2254 1877 longissimorum
2293 1821 2366 1863 est

109 1888 327 1951 integrae
363 1891 461 1940 sere
502 1892 614 1942 diei.
689 1895 815 1943 Nam
853 1895 1067 1945 vernalis
1105 1896 1243 1943 initio
1273 1893 1620 1958 Olympiadum
1643 1890 1740 1940 ·vel
1780 1896 1890 1938 ante
1916 1889 2007 1935 fuit
2046 1887 2090 1935 d.
2123 1889 2204 1937 94.
2223 1887 2283 1963 ‚¹¹⁴
2318 1889 2363 1935 6.

110 1960 175 2007 At
211 1975 250 2009 c.
280 1961 367 2011 Ch.
407 1979 587 2014 annum
629 1969 766 2016 1200
807 1970 1112 2032 aequabatur
1149 1969 1341 2017 aestivo
1381 1973 1580 2028 eratque
1618 1965 1801 2026 dierum
1829 1963 1911 2011 93.
1939 1961 1987 2010 h.
2019 1958 2133 2028 9²75·
2198 1959 2361 2008 Hodie

107 2048 294 2082 rursum
333 2039 500 2101 incipit
539 2053 752 2090 crescere
790 2041 1130 2106 longissimus,
1171 2040 1258 2090 sed
1290 2041 1395 2103 jam
1432 2046 1565 2089 tenet
1589 2043 1844 2088 aestatem.
1911 2033 2210 2097 Quadrantis
2249 2033 2361 2081 lon-

107 2108 292 2170 gissimi
331 2124 362 2158 a
398 2111 687 2162 brevissimo
728 2114 960 2164 distantia
1000 2122 1075 2165 est
1113 2115 1160 2164 d.
1203 2116 1249 2162 6.

249 2180 424 2232 Restat
460 2186 633 2248 igitur,
687 2194 741 2236 ut
778 2189 859 2238 vel
896 2188 1211 2239 Ptolemaeus
1250 2186 1469 2236 fraudem
1526 2185 1819 2236 commiserit
1871 2181 2087 2230 confictis
2127 2180 2365 2229 observa-

106 2254 347 2316 tionibus,
396 2264 482 2306 aut
518 2260 897 2311 meticulositate
949 2277 1034 2310 seu
1074 2262 1417 2326 superstitione
1467 2259 1677 2322 quadam
1717 2256 2020 2319 antiquitatis
2074 2251 2185 2302 illos
2239 2267 2360 2301 con-

106 2326 292 2377 firmare
330 2330 568 2392 maluerit,
608 2347 754 2395 quam
795 2335 1024 2397 refellere,
1065 2349 1269 2399 quorum
1305 2339 1530 2382 neutrum
1570 2338 1644 2381 est
1685 2328 1945 2380 verisimile
1984 2330 2032 2375 in
2073 2326 2360 2375 Ptolemaeo

102 2399 420 2465 philosopho,
461 2406 712 2468 candoris,
769 2410 989 2457 veritatis
1029 2415 1295 2468 assertore,
1337 2406 1469 2471 quod
1507 2406 1672 2454 multis
1712 2404 1901 2466 gnomis
1942 2405 2170 2460 testatur,
2210 2414 2358 2461 prae-

21 2496 25 2497 *
103 2475 266 2522 sertim
305 2490 416 2525 cum
454 2477 638 2528 nullam
677 2479 789 2528 inde
828 2482 908 2530 vel
948 2483 1208 2531 utilitatem
1247 2480 1328 2530 vel
1365 2481 1571 2543 gloriam
1611 2492 1805 2542 sperare
1842 2475 2067 2539 potuerit,
2108 2479 2159 2524 at
2196 2476 2359 2535 majo-

103 2561 204 2595 rem
250 2563 310 2596 ex
362 2553 590 2600 correctis
642 2555 870 2617 antiquis.
948 2554 1015 2603 At
1065 2555 1194 2618 quod
1244 2569 1334 2604 nec
1387 2554 1533 2604 obse·
1859 2567 1941 2608 Εἰς·
1967 2565 2019 2599 11-

106 2622 307 2682 quiosus
347 2626 625 2686 antiquitati
683 2627 851 2688 suerit,
903 2629 1067 2676 multis
1111 2627 1270 2676 modis
1310 2633 1539 2676 testatum
1641 2670 1645 2697 ,

103 2692 325 2757 reliquit,
394 2696 729 2773 Hipparchum
790 2700 1033 2762 refutans,
1107 2702 1191 2750 ubi
1255 2715 1377 2766 opus
1433 2702 1537 2750 suit.

52 2759 265 2830 'Ergo
315 2783 468 2819 vere
507 2786 706 2820 annus
743 2773 867 2821 fuit
904 2774 1186 2837 longior.
1522 2770 1644 2906 t!

243 2840 439 2904 Posito,
502 2844 633 2906 quod
690 2851 738 2894 et
793 2852 955 2895 aestas
1010 2848 1154 2896 fuerit
1210 2847 1421 2909 longior,

102 2912 257 2975 maior
295 2914 574 2978 obliquitas,
622 2924 670 2965 et
709 2933 865 2967 annus
903 2922 1118 2984 tropicus
1157 2920 1348 2983 longior
1387 2852 1538 2983 quamt
1636 2915 1640 2976 Ι

102 2983 268 3035 hodie:
320 2996 367 3036 et
415 2992 578 3038 omnia
615 2990 738 3039 haec
791 3005 831 3039 c.
872 2992 1049 3041 Christi
1089 2999 1308 3055 tempora
1356 2995 1403 3041 in
1444 3006 1532 3041 suo
1632 2977 1639 3123 ἱ

102 3063 257 3124 statu,
310 3060 453 3111 hodie
508 3065 706 3123 iterum,
759 3071 871 3113 ante
916 3067 1015 3114 100
1054 3080 1120 3115 sc.
1162 3071 1316 3115 annos
1350 3069 1397 3113 in
1440 3079 1529 3113 suo

102 3137 256 3194 statu,
300 3149 413 3184 nam
451 3136 544 3185 hoc
582 3142 820 3185 testantur
859 3139 965 3187 300
1005 3154 1239 3188 annorum
1278 3140 1530 3203 proximo·
1630 3126 1635 3197 Ι

101 3216 202 3253 rum
240 3206 622 3258 observationes.
1627 3211 1633 3315 Ι

245 3280 319 3328 Sit
367 3282 410 3330 A
462 3289 678 3332 centrum
724 3282 918 3343 mundi,
971 3284 1063 3331 AD
1113 3290 1376 3347 aequator,
1423 3286 1526 3348 jam

102 3350 376 3415 immobilis,
417 3357 641 3418 quamvis
666 3370 760 3404 non
788 3357 867 3404 sit.
928 3356 1014 3405 AF
1044 3356 1344 3407 Ptolemaica
1372 3359 1526 3422 eclip-
1625 3344 1629 3403 ἶ

106 3425 213 3484 tica,
253 3426 339 3475 ΑΕ
363 3427 626 3490 hodierna3
669 3429 705 3478 C
746 3435 960 3477 centrum
987 3429 1117 3478 Solis
1153 3430 1523 3494 Ptolemaicum,

101 3493 143 3543 B
180 3496 479 3550 hodiernum.
556 3502 641 3550 AC
683 3503 851 3563 4160,
894 3502 980 3550 AB
1023 3503 1192 3564 3600,
1233 3503 1364 3554 BAC
1411 3507 1520 3555 19‘.

104 3571 350 3631 quaeritur
383 3573 495 3634 BC,
542 3589 653 3623 nam
705 3590 764 3624 ex
817 3574 911 3624 hoc
958 3575 1188 3625 faciemus
1235 3575 1520 3628 diametrum

102 3642 306 3706 circelli‚
354 3648 438 3709 qui
475 3650 632 3697 variet
669 3649 993 3711 aequinoctia.
1071 3648 1318 3700 Ponamus
1356 3658 1520 3702 autem

103 3714 255 3777 initio,
293 3716 421 3768 Solis
448 3735 717 3784 apogaeum
744 3736 851 3771 esse
877 3723 1136 3783 utrobique
1163 3723 1210 3771 in
1240 3722 1298 3774 0⁰
1325 3721 1409 3792 ὓ.
1462 3727 1519 3775 In
1658 3770 1659 3773 ,

106 3785 240 3836 CAH
279 3789 452 3841 dantur
490 3793 594 3858 Ac,
633 3794 841 3858 angulus
880 3794 927 3842 H
969 3801 1017 3844 et
1053 3795 1206 3844 HAG.
1610 3828 1631 3866 A

245 3860 483 3928 Computo
545 3866 680 3916 HBC
742 3887 800 3910 =
859 3867 919 3917 2⁰
974 3870 1055 3918 21‘
1110 3868 1236 3932 10⁴¹,
1296 3870 1380 3921 BC
1436 3873 1518 3924 56.
