2554 4140
772 1067 1136 1166 LIBRI
1239 1065 1639 1164 S-EXTI

953 1249 1126 1301 PARS
1167 1247 1461 1314 QUARTA.

874 1403 1028 1462 DE
1147 1399 1623 1497 L-UNA9

233 1683 378 1748 Quae
424 1690 494 1734 est
531 1684 813 1747 dispositio,
862 1697 994 1747 quae
1029 1676 1293 1746 proportio
1342 1681 1476 1732 orbis
1512 1680 1696 1729 Lunae
1745 1680 1817 1729 ad
1852 1680 1991 1730 orbes
2039 1687 2243 1743 ceter-08,
2294 1687 2341 1730 et
2408 1671 2411 1674 ¹

0 1737 3 1804 Ξ
78 1761 382 1818 quaeratio
418 1764 586 1806 motus
623 1757 726 1805 est?
799 1756 1002 1806 Coelum
1039 1757 1224 1818 Lunae,
1267 1756 1308 1804 si
1348 1756 1597 1818 concipias
1635 1754 1797 1802 animo
1836 1753 2022 1803 solidos
2061 1755 2216 1815 crime,
2258 1756 2336 1802 in-

0 1834 6 2042 ³

0 2127 9 2330 i

0 2332 11 2688 ξ

5 2691 20 3051 ξ

12 3098 16 3141 ἱ

13 3146 18 3176 ι

79 1834 261 1877 sertum
314 1836 388 1879 est
434 1831 538 1880 orbi
587 1845 766 1893 magno
818 1832 971 1878 instar
1022 1829 1194 1879 stellae
1242 1843 1330 1878 seu
1380 1830 1543 1894 potius
1597 1826 1803 1892 epicycli
1854 1827 2062 1890 alicujus
2109 1833 2338 1890 tenetque

80 1915 255 1964 corpus
292 1902 503 1952 Telluris
553 1905 601 1950 in
652 1905 726 1951 sui
774 1901 1070 1964 meditullio,
1123 1909 1173 1952 et
1224 1902 1553 1954 circumfertur
1605 1914 1702 1948 uno
1752 1904 1994 1958 communi
2047 1907 2182 1949 motu
2230 1915 2339 1949 cum

77 1973 272 2024 Tellure
312 1979 439 2026 circa
460 1977 641 2036 Solem,
679 1976 842 2025 locum
881 1990 942 2025 ex
978 1974 1086 2026 loco
1125 1981 1337 2024 mutans.
1414 1973 1542 2022 Vide
1580 1974 1778 2022 schema
1806 1974 1922 2022 Nro.
1961 1976 2044 2023 72.
2085 1980 2134 2023 et
2172 1988 2338 2023 exem-

6 2094 7 2109 }
78 2045 210 2111 plum
249 2048 574 2099 indubitatum
620 2051 669 2096 in
707 2049 1005 2098 Jovialibus.
1081 2049 1199 2112 Ipsa
1245 2063 1363 2098 vero
1402 2047 1545 2096 Luna
1581 2046 1826 2095 Tellurem
1875 2047 2068 2094 interim
2122 2047 2340 2095 circumit

6 2145 7 2154 κ
78 2123 238 2184 spatio
275 2128 536 2184 menstruo,
578 2123 784 2171 orbitam
826 2122 1087 2186 designans
1126 2123 1445 2171 eccentrieam
1482 2136 1513 2169 a
1549 2119 1729 2169 Terrae
1769 2126 1958 2181 centro,
2009 2119 2156 2182 idque
2196 2133 2342 2183 super

79 2193 242 2261 plano,
280 2195 411 2259 quod
453 2211 536 2261 per
574 2202 791 2255 centrum
828 2195 1009 2245 Terrae
1048 2209 1204 2259 usque
1255 2195 1346 2244 sub
1394 2192 1651 2242 zodiacum
1699 2193 1897 2257 fingitur
1947 2191 2174 2242 eductum
2215 2208 2338 2255 esse,

8 2285 15 2298 2
80 2269 151 2316 sic
197 2274 252 2316 ut
296 2267 417 2318 illud
466 2271 530 2319 sit
576 2269 774 2318 affixum
822 2268 982 2318 lineae
1032 2284 1119 2333 per
1170 2274 1386 2318 centrum
1426 2266 1606 2316 Terrae
1649 2270 1696 2315 et
1734 2281 1820 2329 per
1858 2264 2061 2328 aliquod
2105 2263 2340 2330 punctum

7 2329 11 2406 ¹,
81 2334 271 2389 zodiaci
309 2347 506 2392 tractae.
583 2343 833 2391 Distantia
872 2341 1041 2392 Lunae
1080 2357 1111 2390 a
1136 2341 1333 2396 Tellure
1369 2341 1657 2404 longissima
1682 2354 1796 2402 pars
1835 2345 1909 2390 est
1937 2341 2019 2388 59.
2059 2338 2120 2388 de
2155 2339 2343 2388 distan-

10 2434 12 2439 ·
80 2414 150 2462 tia
186 2412 317 2463 Solis
355 2416 418 2464 ab
458 2415 628 2465 eadem
666 2415 861 2465 Tellure
899 2416 1214 2478 longissima,
1256 2414 1568 2477 continetque
1606 2412 1837 2474 totidem,
1889 2427 1957 2464 sc.
2001 2414 2066 2461 59
2107 2412 2337 2463 semidia-

77 2492 257 2536 metros
293 2486 427 2550 glob'i
450 2488 689 2540 Telluris.‘
755 2488 883 2538 Vide
918 2489 1045 2538 libro
1085 2488 1186 2536 IV.v
1214 2503 1242 2538 a
1279 2486 1364 2538 fol.
1394 2489 1516 2535 327.
1555 2488 1605 2534 in
1646 2487 1766 2535 328.
1845 2484 1993 2534 Globi
2020 2486 2340 2547 Lunae-dia-

82 2565 232 2608 meter
269 2575 509 2624 apparens
547 2568 621 2612 est
658 2577 771 2627 pars
799 2563 919 2611 720.
960 2561 1020 2610 de
1058 2561 1145 2610 illo
1185 2561 1380 2622 circulo,
1420 2560 1469 2607 in
1510 2573 1607 2622 quo
1647 2560 1867 2608 circumit
1885 2557 2026 2607 Luna
2067 2560 2194 2608 circa
2221 2559 2342 2624 Tel-

80 2631 249 2694 lurem,
287 2642 564 2699 aequatque
600 2637 805 2684 visionis
843 2635 1024 2698 angulo
1055 2633 1346 2683 diametrum
1385 2633 1600 2695 corporis
1626 2630 1772 2694 Solis,
1813 2631 2098 2694 longissime
2137 2647 2168 2679 a
2192 2631 2343 2680 Terra

83 2704 323 2755 distantis.
397 2707 536 2758 Haec
571 2723 722 2771 supra
758 2708 883 2756 libro
920 2707 1010 2758 IV.
1052 2703 1221 2756 ai’oL·
1244 2707 1375 2756 325.Ἰ
1404 2712 1518 2754 sunt
1554 2704 1799 2765 stabilita,
1853 2711 1900 2754 et
1939 2706 2246 2754 consentiunt
2282 2706 2343 2752 iis

0 2765 17 2826 ff
83 2777 466 2867 qbservationes.
542 2780 670 2830 Vide
708 2780 1053 2830 Astronomiae
1090 2785 1280 2844 partem
1320 2777 1545 2842 Opticam
1588 2777 1706 2841 Cap.
1746 2777 1841 2826 XI.
1884 2777 1970 2841 (II.
2012 2778 2117 2825 340
2156 2773 2243 2842 ss.)

229 2851 492 2916 Quomodo
550 2869 711 2916 quove
765 2869 980 2904 numero
1038 2853 1340 2916 respondent
1389 2852 1780 2914 inaequalitates
1827 2849 2012 2898 Lunae
2063 2856 2340 2899 ceterorum

10 2899 13 2916 ζ
52 2923 570 2988 ³maequalit11tibue?
618 2925 740 2974 Cum
778 2926 1005 2989 planetae
1044 2927 1260 2989 primarii
1300 2925 1492 2975 duabus
1532 2926 1655 2973 inter
1683 2937 1736 2972 se
1775 2924 2040 2986 permixtis!
2063 2921 2363 2986 inaequali-5

83 2997 267 3046 tatibus
304 2998 525 3048 incedere
565 2997 837 3059 videantur,
877 3013 1082 3064 quarum
1120 3000 1250 3063 prior
1288 3008 1361 3048 est
1399 2999 1448 3044 in
1487 2997 1607 3060 ipsis
1645 2995 1851 3058 singulis
1885 2996 2082 3059 propria
2110 3000 2157 3045 et
2180 2995 2342 3056 realiS,

80 3069 298 3119 secunda
334 3071 651 3120 communiter
689 3071 914 3120 omnibus
953 3073 1167 3136 quinque
1208 3073 1506 3120 extrinsecus
1546 3084 1605 3118 ex
1644 3068 2003 3117 conditionibus
2039 3069 2198 3131 visus,
2245 3068 2340 3118 hoc

84 3147 157 3191 cst
193 3149 388 3206 propter
426 3144 590 3191 orbem
617 3155 862 3205 magnum,
902 3143 1107 3193 accidit.
1147 3146 1195 3191 in
1236 3144 1377 3192 Luna
1415 3142 1631 3191 vicissim
1669 3142 1801 3204 prior
1839 3140 1923 3189 illa
1961 3147 2008 3191 et
2045 3141 2191 3191 realis
2230 3156 2340 3191 mo-

15 3228 19 3269 1·
86 3219 222 3262 tuum
260 3214 588 3300 inaequalitas
626 3227 722 3263 non
763 3229 886 3277 una,
934 3215 1022 3266 sed
1061 3217 1330 3279 tergemina
1369 3219 1466 3276 est,
1520 3213 1736 3263 secunda
1773 3225 1890 3263 vero
1929 3219 1977 3264 et
2014 3214 2342 3282 accidentaria

16 3304 17 3310 ¹
85 3300 172 3335 seu
210 3301 450 3350 apparens
488 3288 532 3336 ei
571 3294 646 3337 est
682 3286 833 3336 nulla.
909 3288 1012 3337 Etsi
1052 3290 1179 3337 enim
1219 3302 1327 3336 cum
1368 3287 1497 3336 orbis
1535 3287 1701 3351 magni
1740 3286 1969 3348 circuitu,
2011 3288 2094 3350 qui
2133 3287 2342 3351 planetis

17 3378 23 3450 l

87 3360 304 3421 quinque
340 3359 395 3407 fit
431 3373 579 3409 causa
618 3360 983 3422 inaequalitatis
1022 3360 1279 3419 secundae,
1322 3366 1476 3407 totum
1516 3360 1663 3407 etiarn
1703 3358 1891 3410 coelum
1911 3360 2078 3410 Lunae
2120 3375 2341 3410 commu-

90 3433 241 3489 nicat,
292 3438 348 3479 ut
386 3431 567 3481 dictum
607 3440 702 3493 est,
754 3439 806 3481 at
844 3431 1084 3481 vehuntur
1130 3447 1227 3480 una
1275 3431 1464 3481 coelum
1504 3431 1598 3481 hoc
1635 3431 1891 3494 Lunaeet
1929 3433 2121 3497 Tellus,
2172 3434 2343 3483 oculo-

20 3517 22 3527 *
90 3516 193 3550 rum
234 3502 558 3553 domicilium:
599 3506 765 3568 itaque
803 3504 921 3552 nihil
963 3503 1260 3553 diversitatis
1299 3518 1358 3553 ex
1397 3504 1491 3552 hoc
1530 3510 1678 3566 motu,
1719 3505 2120 3568 licetverissimo,
2161 3509 2209 3555 in
2251 3508 2342 3556 ob-

21 3573 23 3629 ἶ
90 3577 390 3625 servationes
429 3576 595 3626 Lunae
633 3576 897 3638 redundat3
948 3591 1138 3641 semper
1185 3576 1271 3625 illa
1309 3579 1517 3626 cernitur
1563 3577 1781 3627 incedere
1833 3579 2036 3641 directe,
2089 3595 2339 3642 nunquam

95 3649 386 3709 consistere,
438 3663 685 3714 nunquam
724 3657 851 3700 retro
891 3650 1048 3710 abire,
1101 3655 1156 3699 ut
1194 3648 1488 3712 explicatum
1528 3655 1602 3700 est
1638 3650 1783 3714 liujus
1822 3652 1931 3702 libri
1970 3653 2058 3701 VI.
2097 3659 2235 3716 parte
2275 3652 2339 3712 11,

24 3727 27 3770 ἰ
92 3734 248 3781 eoque
287 3720 366 3769 liic
403 3721 568 3772 Lunae
606 3730 767 3772 motus
806 3721 1149 3789 (astronomiae
1190 3721 1395 3771 Lunaris
1432 3725 1603 3782 causa)
1640 3738 1728 3788 pro
1768 3740 1900 3775 mera
1939 3729 2102 3788 quiete
2140 3730 2340 3788 reputa-

94 3799 184 3838 tur.
235 3794 558 3855 compensant
578 3803 739 3845 tamen
759 3796 886 3845 hunc
915 3795 1153 3844 desectum
1172 3794 1522 3845 accidentariae
1550 3797 1916 3860 inaequalitatis
1944 3800 2152 3862 primum
2181 3797 2339 3860 tripli-

95 3865 221 3911 catio
234 3864 335 3926 jam
352 3866 480 3916 dicta
494 3869 857 3931 inaequalitatis
875 3883 1032 3930 verae,
1054 3867 1267 3918 secundo
1284 3870 1511 3934 temporis
1529 3873 1776 3934 aequatiO,
1791 3872 2036 3935 explicata
2056 3873 2103 3919 in
2123 3870 2343 3919 doctrina
