2554 4140
185 132 289 180 624
983 125 1053 170 De
1084 124 1272 170 Tabulis
1302 125 1602 182 Rudolphinis

336 273 390 322 Si
429 271 544 335 quid
583 271 895 336 pecuniarum
933 271 995 319 ad
1034 277 1080 320 te
1121 273 1420 335 congeritur,
1461 271 1509 318 id
1547 273 1675 320 filius
1713 288 1850 322 meus
1863 311 1878 339 ,
1918 275 2002 336 qui
2039 273 2295 336 Tubingae
2321 263 2441 320 'stu-

187 346 382 394 diosum
420 347 522 405 agit
562 346 608 390 in
648 343 891 406 stipendio
917 343 1239 406 Fickleriano,
1274 345 1378 406 jam
1407 343 1588 391 dudum
1614 350 1784 406 totum,
1825 352 2056 408 quantum
2085 354 2317 408 quantum
2349 352 2437 405 est,

189 418 427 467 aviditate
465 417 631 464 hausit
668 416 965 478 inexplebili.
1041 417 1216 479 Itaque
1257 431 1371 464 cura
1410 416 1557 464 velim
1595 432 1770 478 vaces,
1826 434 2055 481 quorsum
2095 419 2143 466 id
2181 419 2246 467 sit
2278 419 2443 465 ‘trans-

180 489 496 546 mittendum‚
550 489 721 537 saltem
759 504 845 551 per
881 488 1100 537 Fridium
1140 489 1415 551 epistolium
1455 489 1517 536 ad
1553 504 1630 536 me
1667 491 1847 550 mittas,
1886 498 1941 540 ut
1976 495 2152 551 sciam,
2207 496 2441 552 quantum

182 562 231 608 id
268 563 346 622 sit,
386 568 532 624 atque
573 575 663 624 ego
691 561 857 609 faciles
895 561 985 609 tibi
1022 564 1234 610 rationes
1273 561 1542 623 explicabO,
1584 562 1761 623 quibus
1794 563 1887 611 hoc
1925 578 2069 612 onere
2097 562 2471 612 custodiendae

178 636 414 696 pecuniae
453 633 647 682 leveris.
725 628 895 682 Errata
939 635 1175 682 nonnulla
1219 636 1270 681 in
1316 635 1591 696 praeceptis
1644 635 1770 682 ultra
1808 649 1893 696 ea,
1946 651 2072 698 quae
2110 643 2230 688 sunt¹
2261 638 2443 683 inserta

185 705 360 767 indici,
412 706 646 755 hactenus
687 706 805 754 mihi
845 706 1035 755 detecta
1072 713 1184 754 sunt
1222 707 1284 753 ab
1323 707 1574 754 utentibus
1592 742 1611 767 „
1655 721 1781 767 quae
1821 708 1982 769 cogito
2022 710 2312 771 subjungere
2352 722 2444 768 ap-

185 779 380 842 pendici
420 781 564 827 unius
603 781 829 841 paginae,
872 779 931 828 de
970 782 1107 843 praxi
1145 779 1454 841 astrologica.
1530 779 1586 826 In
1626 781 1790 840 genesi
1818 779 2065 842 Rudolphi
2104 796 2231 829 error
2274 782 2356 827 11‘
2394 781 2444 825 in

180 852 289 900 loco
328 849 398 917 Θ
437 858 730 915 properante
783 859 903 915 typo
957 852 1302 914 relinquendus
1339 854 1430 899 fuit
1466 854 1515 898 in
1557 852 1780 900 omnibus
1818 852 2052 915 planetis,
2107 853 2240 901 nullo
2280 858 2444 900 tamen

182 924 358 974 effectu
395 927 443 972 in
484 924 597 985 illis,
638 939 796 986 neque
834 930 1036 973 nocetur
1074 925 1296 987 exemplo
1325 924 1572 987 operandi.
1649 923 1722 972 Sit
1759 924 1853 972 hoc
1892 930 2125 974 emtor-um
2165 927 2443 975 exercitium

178 999 415 1060 primum,
472 1003 526 1046 ut
580 1003 793 1047 correcto
850 997 957 1046 loco
1003 997 1064 1059 Θ
1105 1003 1366 1046 retractent
1422 997 1661 1047 calculum
1715 996 2046 1060 planetarum,
2106 1000 2312 1060 quisque
2352 1010 2441 1045 suo

180 1076 349 1119 marte.
1950 1083 1954 1088 ’

325 1142 592 1197 Calamitas
631 1147 679 1191 et
722 1141 1028 1207 πανολεθριίι
1065 1141 1276 1192 Sueviae
1328 1143 1530 1193 dubium
1579 1157 1655 1191 me
1705 1147 1896 1203 tenent,
1950 1139 2206 1191 Ulmamne
2253 1139 2440 1190 mittam

179 1216 547 1279 imprimendam
586 1215 916 1280 appendicem,
958 1232 1020 1264 an
1059 1215 1172 1264 ali0.
1250 1216 1392 1265 Vale.
1441 1217 1632 1279 Pragae
1673 1218 1720 1263 4.
1759 1215 1905 1265 Mart.
1952 1217 2106 1264 1628.

355 1313 757 1370 Berneggerus
789 1313 1037 1371 Keplero
1071 1315 1112 1359 S.
1143 1314 1197 1359 P.
1227 1316 1281 1358 D.
1342 1316 1422 1359 Vir
1453 1326 1636 1358 summe.
1696 1311 1820 1356 Tuas
1850 1312 1949 1355 heri
1978 1317 2100 1357 recte
2117 1312 2225 1356 mihi
2246 1310 2441 1357 reddidit

179 1377 360 1423 Fridius
391 1385 565 1431 noster,
598 1392 731 1434 quem
763 1381 802 1424 si
840 1382 1025 1425 scissem
1064 1388 1154 1425 tam
1188 1381 1264 1425 diu
1294 1381 1468 1436 Pragae
1499 1380 1764 1434 haesurum,
1805 1374 1962 1422 literae
1993 1378 2050 1422 ad
2079 1384 2125 1422 te
2156 1390 2312 1432 meae„
2330 1390 2442 1432 quas

178 1443 293 1497 3s13.
325 1443 459 1489 Febr.
490 1450 534 1488 et
563 1444 755 1501 Pragam
788 1450 833 1489 et
861 1445 1039 1490 Ulmam
1071 1445 1228 1490 eodem
1260 1446 1467 1502 exemplo
1500 1446 1731 1500 miseram,
1773 1442 1904 1487 citius
1937 1443 2071 1487 simul
2103 1457 2154 1488 ac
2187 1443 2352 1488 certius
2385 1441 2443 1486 ad

178 1515 223 1554 te
254 1510 592 1566 pervenissent.
617 1546 626 1555 .
651 1545 661 1555 .
684 1543 696 1554 .
774 1511 1017 1571 Academia
1048 1517 1205 1555 nostra
1236 1511 1359 1557 dedit
1388 1524 1471 1568 pro
1505 1524 1587 1555 suo
1622 1509 1869 1566 exemplari
1898 1511 2004 1566 imp.
2028 1509 2329 1566 6,·academia
2352 1510 2441 1553 Ba-

178 1576 370 1620 siliensis
387 1577 427 1633 2,
459 1575 700 1620 Malleolus
723 1577 763 1630 2,
780 1576 1019 1633 Welperus
1035 1577 1206 1623 itidem.
1238 1578 1432 1634 Operam
1451 1577 1581 1626 dabo.
1614 1580 1664 1621 ut
1681 1589 1795 1631 quae
1814 1583 1996 1621 restant‘
2007 1577 2280 1633 exemplaria
2297 1575 2440 1632 primo

179 1639 358 1698 quoque
388 1646 592 1697 tempore
625 1640 874 1695 divendam,
908 1647 992 1686 aut*
1021 1642 1059 1686 si
1089 1642 1135 1686 id
1153 1647 1301 1687 minus
1332 1642 1430 1686 fieri
1461 1646 1614 1698 potest
1646 1641 1816 1689 (omnia
1849 1642 1964 1686 enim
1979 1642 2052 1703 *de
2081 1642 2263 1699 publica
2293 1642 2440 1698 priva-

180 1712 318 1763 taque
358 1711 561 1762 egestate
600 1705 796 1762 querelis
839 1706 1037 1763 undique
1089 1708 1422 1753 circumsonant
1470 1706 1663 1762 indeque
1704 1705 1874 1762 studia,
1917 1707 2160 1764 praecipue
2197 1707 2442 1751 mathema-

183 1771 286 1822 tica,
318 1785 502 1828 pessum
534 1770 679 1827 eunt),
711 1771 816 1816 faxo
848 1777 898 1815 ut
929 1774 1163 1818 commoda
1194 1775 1431 1819 occasione
1448 1774 1625 1819 Ulmam
1657 1779 1734 1816 aut
1754 1785 2023 1828 quocunque
2054 1772 2178 1817 voles
2210 1772 2296 1816 alio
2326 1770 2441 1816 refe-

180 1843 349 1883 rantur.
413 1839 645 1894 Exspecto
684 1849 741 1881 ex
781 1839 993 1883 nundinis
1026 1847 1071 1884 et
1111 1841 1444 1897 praefationem
1473 1840 1757 1884 Braheanam
1789 1843 1834 1880 et
1866 1850 1999 1892 quam
2039 1838 2166 1882 initio
2197 1835 2443 1894 promisisti

177 1905 538 1962 figuramsaeneo
568 1912 678 1963 typo
694 1919 970 1966 ,expressam
989 1942 999 1952 .
1025 1942 1034 1951 .
1059 1942 1069 1951 .
1096 1944 1103 1952 .
1153 1909 1208 1952 D.
1244 1908 1479 1953 Clutenius
1511 1917 1779 1963 responsum
1811 1915 1837 1947 a
1866 1903 2069 1960 principe
2087 1917 2170 1948 suo
2193 1907 2442 1960 exspectat.

181 1974 387 2018 Ceterum
422 1973 475 2018 12
503 1972 758 2029 imperiales
791 1972 1044 2029 Tubingam
1074 1974 1193 2018 intra
1224 1974 1411 2019 biduum
1442 1972 1696 2017 triduumve
1726 1982 1815 2014 non
1839 1970 2140 2014 transmittam
2172 1967 2350 2024 quidem
2382 1966 2442 2018 <id

181 2037 299 2082 enim
329 2037 776 2094 periculosepfecero,
807 2037 946 2082 milite
978 2038 1060 2082 has
1083 2052 1185 2083 oras
1216 2038 1414 2095 undique
1446 2038 1715 2094 premente),
1747 2039 1826 2084 sed
1849 2049 1931 2093 per
1951 2035 2172 2078 cambium
2204 2033 2442 2078 transscri·
2514 2081 2542 2089 „

152 2103 293 2162 bam,
326 2103 622 2160 occasionem,
654 2116 788 2160 quam
819 2101 1224 2147 commodissimam
1248 2103 1482 2148 Kurnerus
1507 2103 1753 2160 Calvensis,
1783 2101 2000 2161 perendie
2022 2099 2200 2144 domum
2223 2097 2440 2153 abiturus,

179 2168 457 2212 monstravit.
519 2167 645 2212 Vale.
691 2168 806 2220 9s19.
837 2168 970 2211 Mart.
1003 2167 1131 2212 1628.

355 2241 638 2296 ,‚Calamitas“
671 2242 843 2282 Sueviae
867 2243 1026 2293 incepit
1046 2243 1182 2282 edicto
1213 2244 1478 2293 imperatoris
1500 2243 1767 2298 Ferdinandi‚
1800 2256 1883 2296 quo
1915 2242 2123 2283 restitutio
2147 2242 2440 2281 coenobiorum

179 2301 387 2352 imperata
417 2304 491 2340 est.
554 2300 674 2349 Quod
706 2301 942 2340 mandatum
975 2306 1022 2340 ut
1051 2303 1327 2352 perficeretur,
1359 2304 1561 2342 exercitus
1593 2302 1695 2342 duce
1727 2302 2023 2342 Wallenstenio
2047 2300 2440 2349 Wiirttembergiam

182 2361 339 2398 invasit
366 2360 489 2398 initio
521 2361 623 2398 anni
658 2361 768 2400 1628
802 2361 1114 2411 eJusque'cives
1144 2372 1219 2411 per
1247 2359 1368 2399 illum
1400 2365 1441 2400 et
1471 2365 1711 2413 sequentem
1742 2373 1896 2400 annum
1925 2361 2119 2412 tributiS,
2165 2359 2286 2411 quasi
2316 2359 2437 2397 victis

183 2418 408 2469 impositis,
443 2429 602 2457 summa
632 2420 802 2459 miseria
831 2419 984 2460 obruit.
2431 2414 2434 2416 ’

326 2493 646 2570 Ke'plerus
692 2505 1104 2568 Berneggero
1157 2503 1206 2553 S.
1246 2504 1303 2555 P.
1343 2505 1405 2553 D.
1485 2505 1761 2555 Clarissime
1800 2507 1888 2557 vir.
1964 2505 2145 2568 Accepi
2204 2510 2251 2552 et
2298 2502 2440 2552 char-

186 2585 309 2638 tam,
363 2592 394 2626 a
431 2584 515 2625 tuo
555 2584 869 2642 praeceptore
911 2578 1198 2647 domestico,
1252 2585 1299 2626 te
1339 2577 1683 2639 decumbente,
1724 2581 1952 2644 scriptam
1996 2576 2282 2639 Ulmamque
2321 2577 2442 2624 mis-

181 2665 300 2710 sam,
343 2655 390 2698 et
428 2651 568 2698 binas
607 2657 715 2698 tuas
756 2651 1003 2715 epistolem,
1045 2667 1104 2700 ex
1143 2666 1239 2713 quo
1279 2651 1588 2700 convaluisti.
1664 2653 1772 2701 Deo
1808 2654 1990 2715 gratias
2026 2665 2119 2715 ago
2158 2665 2244 2712 pro
2286 2651 2442 2697 amico

181 2724 298 2771 mihi
338 2730 642 2773 conservam.
682 2724 839 2772 Miror
872 2722 918 2773 te
947 2725 1242 2788 exemplaria
1277 2726 1525 2773 invenisse
1566 2740 1624 2773 ex
1657 2740 1847 2789 papyro
1876 2726 2039 2773 omnia
2076 2724 2252 2771 viliori.
2330 2723 2435 2783 Ego

184 2796 359 2844 diserte
398 2793 594 2844 invenio
634 2803 867 2846 annotata
919 2799 965 2844 in
1021 2811 1128 2846 meo
1177 2798 1447 2845 memoriali
1485 2797 1697 2845 melioris
1737 2805 1882 2846 notae
1921 2799 2028 2845 tria.
2105 2797 2214 2844 Non
2254 2795 2442 2860 divin0,

182 2871 291 2930 quis
342 2871 712 2932 permutaverit,
761 2872 854 2917 nisi
905 2871 1026 2919 forte
1077 2885 1185 2919 cum
1235 2877 1504 2918 mercatore
1545 2868 1752 2919 Ulmano
1794 2870 2092 2929 ComerellO,
2139 2883 2248 2916 meo
2289 2867 2439 2927 affini,

182 2942 513 3005 typographus
553 2945 926 3006 conspiraverit,
980 2945 1065 3006 qui
1106 2945 1136 2990 4
1176 2942 1362 2991 vilioris
1400 2945 1571 3007 papyri
1611 2958 1669 2991 ex
1708 2950 1852 3006 pacto
1892 2942 2094 3005 adeptus
2137 2948 2224 2990 est.
2298 2934 2441 2989 Ulma

183 3016 275 3062 nisi
314 3017 361 3061 in
399 3017 490 3063 iter
526 3015 941 3077 Argentoratense
979 3031 1075 3064 non
1115 3023 1426 3064 excesserunt
1463 3015 1774 3079 exemplaria.
1850 3015 1976 3063 Vide
2018 3029 2132 3062 vero
2171 3028 2231 3061 ne
2259 3014 2306 3059 in
2345 3013 2440 3061 hoc

185 3087 248 3133 sit
285 3086 519 3150 decepti‘O,
562 3088 709 3151 quod,
751 3091 842 3137 etsi
883 3089 1030 3153 duplo
1069 3089 1230 3150 majus
1265 3090 1474 3152 pretium
1513 3089 1641 3138 solvi
1678 3103 1764 3153 pro
1803 3102 1991 3153 papyro
2031 3087 2241 3147 meliori,
2298 3083 2439 3134 diffe-

186 3160 340 3206 rentia
377 3166 538 3208 tamen
577 3175 674 3209 non
713 3168 786 3210 est
823 3162 1285 3225 magnabonitatis.

329 3245 380 3294 Si
418 3248 517 3296 filio
569 3265 678 3298 meo
728 3252 1035 3299 transmisisti
1081 3264 1304 3298 nummos
1353 3255 1401 3312 et
1438 3264 1534 3298 non
1573 3251 1730 3298 amico
1777 3262 1886 3298 meo
1925 3246 2242 3307 Schickardo‚
2294 3261 2437 3309 quem

186 3318 292 3380 ejus
329 3320 646 3383 inspectorem
685 3338 791 3372 esse
832 3325 992 3385 volui,
1042 3323 1092 3370 id
1130 3334 1182 3371 tu
1221 3321 1417 3385 quidem
1456 3323 1717 3380 benevole,
1759 3329 1810 3370 at
1847 3336 1937 3383 ego
1979 3321 2119 3370 doleo
2161 3334 2316 3382 eoque
2354 3334 2437 3367 ro-

187 3391 302 3452 gavi
342 3391 403 3438 D.
442 3393 683 3456 Fridium,
738 3402 792 3443 ut
846 3411 968 3459 quos
1016 3396 1090 3444 illi
1139 3396 1249 3444 dedi
1291 3399 1358 3444 20
1396 3396 1500 3444 flor.
1543 3403 1591 3444 et
1629 3397 1732 3459 ipse
1772 3396 1982 3442 mitteret
2034 3407 2128 3441 non
2166 3393 2292 3452 filio,
2350 3391 2437 3440 sed

186 3463 496 3512 SchickardO.
573 3465 655 3513 Sin
695 3468 969 3517 adhucdum
1007 3471 1210 3528 retines,
1260 3471 1464 3517 retineto
1505 3470 1768 3517 etiamnum
1806 3473 1854 3515 et
1891 3467 2020 3515 filiae
2067 3465 2436 3514 meaeSusan-

189 3538 509 3598 nae-virgini,
551 3552 676 3598 quae
714 3543 762 3586 in
801 3556 1051 3605 gynaeceo
1090 3542 1379 3590 Durlacensi
1417 3542 1578 3589 sutura
1615 3547 1701 3599 est,
1740 3541 1923 3603 petenti
1964 3538 2202 3588 concedas
2240 3544 2326 3586 aut
2351 3551 2436 3600 per

189 3608 429 3657 cambium
464 3612 774 3659 transmittas.
816 3643 883 3650 -
923 3616 998 3663 De
1026 3614 1294 3677 Saganensi
1322 3628 1430 3662 mea
1457 3614 1832 3662 commoratione
1858 3611 1919 3659 ad
1946 3612 2158 3660 edendas
2198 3612 2436 3659 observa-

188 3684 345 3730 tiones
385 3680 633 3744 Tychonis
671 3683 828 3732 Brahe
866 3687 986 3734 nihil
1023 3687 1265 3736 habebam
1304 3686 1462 3748 solidi,
1501 3686 1623 3734 nihil
1660 3690 1832 3744 tutum,
1873 3690 1958 3732 aut
1995 3684 2257 3733 admodum
2285 3697 2435 3745 expe-

187 3754 338 3814 tibile,
379 3768 476 3821 quo
513 3759 562 3802 te
600 3754 915 3804 exhilararem
945 3794 1153 3810 ......

331 3826 490 3875 Multa
526 3827 619 3875 hoc
657 3826 734 3875 die
774 3829 1029 3880 scribenda
1065 3838 1191 3890 sunt,
1230 3834 1426 3895 ignosce
1452 3831 1678 3880 brevitati
1717 3834 1766 3877 et
1791 3828 1902 3877 vale
1929 3835 2078 3892 utque
2104 3829 2274 3879 valeas
2300 3842 2431 3902 cura,
2481 3837 2512 3855 ⁷
