2554 4140
256 151 357 201 154
598 141 602 145 ’
1091 143 1324 201 Epitomes
1355 141 1670 187 Astronomiae

254 293 526 356 aequabilis
579 297 654 341 est
691 291 942 353 retractio,
1000 293 1117 355 quia
1153 291 1431 354 superficies
1469 292 1594 339 aeris
1642 296 1716 339 est
1762 291 1859 338 illis
1898 288 2070 352 altior3
2125 290 2291 351 itaque
2328 303 2497 352 parum
2549 295 2554 303 ·

255 367 407 427 illud,
461 365 594 429 quod
632 364 838 413 diversis
876 366 1175 428 temporibus
1213 365 1327 412 huic
1364 362 1610 412 altitudini
1647 362 1861 423 accedit,
1910 367 2046 411 tanto
2086 363 2246 410 minus
2294 362 2497 409 sentitur

251 441 374 488 locis
413 438 527 486 illis.
600 437 661 485 In
698 437 819 486 locis
859 453 973 486 vero
1011 439 1254 486 montanis
1292 435 1542 484 altissimis
1578 435 1820 483 interdum
1845 436 2067 484 refractio
2101 449 2225 498 pene
2251 433 2385 482 nulla
2410 440 2497 493 est,

254 512 536 575 praesertim
574 509 759 571 hieme,
814 510 1009 572 quando
1060 514 1143 558 ae'r
1192 508 1387 557 humilis
1441 514 1489 556 et
1524 509 1684 556 minus
1731 507 1967 572 vapidu's3
2020 506 2259 555 interdum
2308 512 2380 554 est
2417 520 2496 554 re·
2552 508 2554 512 '

252 585 423 633 fractio
463 583 677 632 insolens
717 589 764 631 et
799 597 923 645 pene
962 582 1254 645 prodigiosa,
1295 580 1427 643 quod
1466 582 1703 643 contingit
1737 583 1882 630 etiam
1906 581 2162 628 maritimis
2188 578 2496 642 quandoque,

252 656 338 705 sed
386 670 472 718 per
522 654 745 704 accidens
799 656 860 703 ob
911 657 1078 716 situm3
1128 652 1323 716 quando
1371 653 1559 703 scilicet
1604 668 1783 716 magna
1833 655 1909 701 vis
1957 653 2155 714 vaporis
2211 651 2384 700 ebullit
2437 665 2496 698 ex

252 729 509 789 montaniS,
550 742 659 791 qua⁶
684 730 776 776 iter
814 733 887 776 cst
922 726 1275 775 radiationibus
1314 728 1363 773 in
1401 725 1563 774 locum
1600 725 1738 774 illum
1775 726 2083 775 maritimum.

372 799 619 854 'Braheus
658 799 819 863 prodit
856 802 1000 848 etiam
1039 798 1234 847 Solares
1280 799 1593 848 refractiones
1642 799 1831 861 aliquot
1883 796 2123 860 scrupulis
2166 796 2379 858 majores
2418 809 2496 844 re-

252 873 567 923 fractionibus
605 872 868 931 stellarum,
912 879 959 920 et
998 871 1130 934 quod
1157 885 1459 934 consequens
1486 878 1574 931 est,
1613 886 1697 935 per
1721 866 2118 934 aliquammultos
2143 868 2323 932 gradus
2350 868 2496 916 altius

252 944 532 1008 sensibiles;
585 960 644 1010 ex
682 959 779 1007 qua
828 959 878 992 re
927 944 1196 999 confirmari
1237 944 1450 1004 videtur,
1503 944 1635 1007 quod
1689 946 1834 992 etiam
1881 942 2077 991 aliunde
2127 942 2181 990 fit
2217 940 2494 1001 verisimile,

255 1022 417 1068 aerem
455 1013 743 1067 matutinum
795 1031 994 1065 accessu
1043 1016 1167 1066 lucis
1206 1016 1407 1066 diurnae
1458 1018 1626 1080 augeri
1675 1016 1960 1079 attollique‚
1996 1016 2099 1078 *per
2140 1020 2332 1063 noctem
2380 1028 2495 1062 vero

253 1092 407 1140 minui
447 1097 495 1139 et
534 1089 751 1152 deprimi.
772 1085 832 1151 ¹⁴)

402 1162 537 1226 Quid
571 1169 690 1211 sunt
726 1161 1057 1224 crepuscula?
1127 1162 1364 1210 Auctores
1402 1161 1567 1211 Latini
1605 1167 1842 1224 usurpant
1879 1174 1966 1223 pro
2004 1160 2114 1209 luce
2154 1173 2364 1221 crepera,
2389 1157 2498 1207 'hoc

254 1241 328 1286 est
368 1236 543 1294 dubia,
583 1250 690 1283 cum
730 1234 994 1283 dilucescit.
1070 1234 1376 1283 Astronomis
1415 1243 1490 1284 est
1528 1249 1671 1283 omne
1719 1234 1767 1281 id
1807 1240 2022 1296 tempus,
2074 1231 2206 1296 quod
2246 1230 2497 1280 intercedit

253 1310 492 1372 primam
498 1322 645 1356 sensu
682 1306 950 1356 notabilem
989 1309 1114 1355 ae‘ris
1152 1307 1486 1356 claritudinem
1527 1314 1575 1356 et
1607 1309 1767 1370 ipsum
1793 1307 1923 1356 Solis
1950 1311 2137 1368 ortum3
2176 1302 2256 1354 vel
2285 1304 2497 1353 vicissim

254 1379 385 1444 quod
425 1385 498 1433 est
534 1381 658 1429 inter
694 1379 823 1429 Solis
862 1392 1087 1428 occasum
1126 1386 1174 1428 et
1213 1379 1434 1436 ultimum
1474 1380 1672 1428 diurnae
1710 1379 1834 1428 lucis
1874 1380 1920 1426 in
1963 1382 2071 1428 aere
2112 1378 2387 1440 vestigium.

401 1453 543 1516 Quae
591 1459 660 1500 est
708 1467 862 1501 causa
916 1452 1069 1512 hujus
1105 1453 1422 1501 claritudinis
1459 1446 1657 1501 absente
1695 1452 1841 1501 Sole?
1913 1451 2102 1502 Causae
2151 1450 2332 1499 multae
2370 1453 2497 1508 sunt,

251 1526 424 1588 partim
464 1524 724 1580 coelesteS,
765 1526 943 1588 partim
985 1524 1315 1593 elementares.
1390 1525 1554 1573 Prima
1580 1524 1774 1588 quidem
1801 1524 2013 1573 efficiens
2047 1538 2211 1589 causa,
2251 1536 2377 1585 quae
2417 1535 2499 1570 ce·
2550 1534 2554 1587 ἰ

251 1605 379 1647 teras
412 1612 583 1646 >omnes
620 1599 727 1658 ciet,
768 1602 841 1646 est
867 1597 951 1647 Sol
983 1599 1102 1660 ipse,
1141 1598 1238 1647 non
1267 1598 1491 1647 obstante
1530 1597 1660 1661 quod
1675 1599 1776 1646 sub
1803 1597 1953 1646 Terra
1979 1604 2197 1646 versetur
2233 1609 2322 1645 nec
2359 1595 2500 1643 feriat
2540 1615 2544 1621 -

253 1670 420 1719 oculos
457 1677 647 1719 nostros
682 1669 820 1718 radio
858 1671 964 1719 sive
1003 1669 1185 1719 directo
1224 1672 1329 1720 sive
1366 1670 1586 1720 refracto.
1629 1668 1797 1720 Altera
1833 1685 1983 1719 causa
2009 1665 2233 1719 coelestis
2271 1674 2352 1719 est·
2381 1666 2554 1715 aura''

252 1743 508 1804 aetherea,
558 1742 662 1791 Soli
697 1744 913 1805 proxime
951 1744 1240 1792 circumfusa
1279 1742 1342 1792 ad
1380 1743 1747 1807 amplitudinem
1795 1743 1984 1806 aliquot
2021 1743 2283 1807 graduum,
2333 1737 2499 1804 splen‘-
2548 1750 2550 1754 ’

254 1815 373 1865 dens
411 1816 474 1864 ob
508 1814 636 1864 Solis
677 1817 903 1864 viciniam
941 1815 1063 1864 alias
1099 1818 1255 1879 magis
1296 1816 1418 1865 alias
1450 1819 1625 1878 minus,
1665 1831 1791 1879 quae
1831 1823 2021 1921 tempus
2058 1815 2258 1879 aliquod
2294 1818 2500 1878 occupat
2543 1829 2546 1831 ’

254 1888 467 1947 oriendo,
510 1887 663 1936 donec
699 1887 782 1936 Sol
822 1890 926 1951 ipse
965 1888 1160 1938 tandem
1201 1890 1396 1938 oriatur.

397 1961 562 2009 Tertia
581 1975 728 2009 causa
748 1967 860 2010 sunt
878 1961 995 2009 fumi
1019 1968 1071 2010 et
1089 1961 1421 2011 exhalationes
1438 1963 1611 2023 siccae,
1650 1961 1808 2012 calore
1837 1917 1965 2011 Solis
1983 1977 2070 2026 per
2089 1962 2216 2012 diem
2235 1965 2321 2009 aut
2335 1958 2499 2008 radia·
2547 2012 2554 2022 v,

253 2033 467 2082 tionibus
488 2032 698 2082 siderum
718 2033 1008 2083 harmonicis
1028 2036 1213 2084 excitae
1246 2041 1292 2083 et
1316 2049 1459 2098 super
1479 2037 1603 2083 ae‘ris
1641 2035 1941 2099 superficiem
1979 2043 2240 2101 provectae
2267 2032 2425 2082 calore
2451 2035 2500 2079 et

253 2107 487 2159 tenuitate
526 2119 637 2166 sua,
678 2120 802 2168 quae
840 2121 949 2155 cum
987 2108 1083 2156 sint
1119 2107 1259 2174 nobis
1298 2108 1520 2165 altiora,
1561 2110 1702 2157 citius
1728 2123 1758 2157 a
1784 2107 1899 2157 Sole
1939 2115 1987 2157 et
2025 2123 2056 2156 a
2092 2105 2376 2171 splendente
2414 2102 2497 2152 illo

253 2177 380 2227 Solis
406 2180 585 2227 amictu
610 2178 952 2240 illuminantur,
993 2195 1137 2243 quam
1159 2167 1272 2229 loca
1296 2179 1550 2243 profunda,
1590 2184 1756 2244 sicque
1783 2195 1928 2244 super
1951 2181 2253 2230 horizontem
2282 2185 2499 2227 nostrum
2542 2203 2546 2209 ·

253 2250 489 2311 elevatae,
529 2251 664 2300 velut
701 2266 936 2301 accensae
973 2251 1238 2338 lampadeS,
1276 2252 1430 2302 lucem
1469 2270 1498 2301 a
1525 2253 1638 2304 Sole
1677 2261 1926 2316 acceptam
1965 2254 2108 2302 nobis
2147 2253 2496 2315 impertiuntur.
2534 2287 2547 2326 4,

396 2320 594 2385 Quarta
630 2338 778 2372 causa
815 2331 888 2373 est
925 2329 1008 2374 ae‘r
1046 2328 1175 2388 ipse,
1231 2325 1405 2375 modus
1445 2341 1621 2375 causae
1672 2329 1909 2390 geminus.
1984 2327 2110 2375 Nam
2150 2329 2231 2374 ae'r
2279 2323 2356 2373 vel
2395 2321 2547 2371 cla-

250 2395 395 2444 rescit
434 2395 627 2454 directis
666 2395 794 2446 Solis
833 2397 1006 2458 radiis,
1058 2405 1107 2447 ut
1141 2399 1244 2461 jam
1283 2398 1342 2448 de
1381 2399 1524 2447 fumis
1562 2399 1769 2460 dictum,
1810 2413 1991 2463 eosque
2030 2399 2267 2455 revibrat,
2319 2380 2551 2459 ᾳυίρρέἷ

252 2482 363 2516 cum
399 2469 464 2516 sit
503 2467 695 2518 densior
732 2469 941 2531 aethere,
983 2477 1036 2519 ut
1072 2486 1219 2535 supra
1257 2471 1463 2534 dictum3
1503 2472 1583 2523 vel
1620 2478 1837 2536 praestat
1874 2475 1957 2521 aer
1992 2470 2143 2521 radiis
2175 2469 2499 2519 Solis¹vicem

250 2540 435 2603 speculi
483 2543 593 2590 cavi
641 2556 823 2604 eosque
880 2545 1157 2606 repercutit.
1233 2544 1358 2593 Nam
1408 2544 1531 2593 radii
1568 2545 1699 2595 Solis
1749 2560 1856 2594 cum
1909 2546 2117 2608 primum
2166 2540 2499 2606 ingrediuntur

251 2612 508 2676 sphaeram
546 2615 688 2675 aeris,
727 2615 1052 2679 refringuntur
1091 2619 1254 2678 initi03
1294 2617 1467 2667 deinde
1489 2619 1576 2677 ,sic
1613 2619 1803 2668 refracti
1840 2624 2048 2681 pergunt
2095 2631 2182 2680 per
2219 2615 2346 2664 ae'ris
2383 2627 2498 2676 pro·
2530 2607 2539 2671 ἦ

257 2685 473 2746 fundum,
513 2687 697 2748 priores
737 2688 1010 2753 impingunt
1048 2691 1095 2736 in
1135 2690 1350 2750 Terram,
1388 2705 1513 2752 quae
1553 2699 1625 2740 est
1664 2708 1693 2740 a
1730 2691 1870 2739 uobis
1911 2705 2078 2739 versus
2113 2689 2294 2749 Solem,
2332 2691 2500 2750 poste·
2523 2678 2537 2722 f

256 2759 407 2807 riores
445 2760 898 2822 praetervehuntur,
939 2762 1193 2812 tendentes
1231 2777 1402 2812 versus
1439 2769 1657 2812 nostrum
1695 2763 1880 2820 locum,
1934 2770 1982 2812 et
2021 2768 2276 2811 occurrunt
2313 2773 2499 2808 rursum

265 2844 415 2881 cavae
455 2833 581 2903 ae'ris
618 2833 918 2896 superficiei3
973 2850 1099 2898 quae
1139 2837 1229 2885 etsi
1276 2837 1406 2885 foras
1455 2838 1631 2885 emittit
1682 2836 1896 2885 secundo
1943 2836 2200 2895 retractos,
2253 2840 2415 2882 tamen
2452 2837 2502 2881 et

906 2920 988 2960 mg.
1013 2917 1070 2955 22.
1723 2911 1983 2971 repercutit
1994 2915 2187 2958 tenuem
2203 2921 2367 2957 eorum
2386 2918 2501 2968 par-

1717 2987 1814 3031 tem
1841 2982 2114 3043 introrsum,
2143 2995 2252 3030 cum
2272 2981 2335 3028 sit
2347 2979 2502 3028 laevis
2534 2979 2538 2983 ’

1718 3061 1766 3103 et
1814 3054 2094 3117 specularis.
2177 3051 2312 3115 Quos
2359 3054 2526 3120 igitur·

1716 3128 1977 3190 repercutit
2013 3129 2287 3188 introrsum,
2325 3128 2361 3174 ii
2397 3141 2503 3176 rur-

1718 3215 1825 3248 sum
1843 3198 2098 3263 aequalem
2119 3200 2355 3263 sphaerae
2380 3202 2502 3249 acris

1720 3287 1883 3322 arcum
1929 3274 2189 3322 abscissuri
2230 3275 2503 3336 impingunt

1719 3345 1932 3394 secundo
1957 3348 2006 3393 in
2037 3346 2340 3409 superficiem
2378 3348 2502 3396 aeris

1719 3417 1993 3468 ulteriorem
2031 3425 2079 3467 et
2107 3421 2180 3477 ‚sic
2211 3413 2528 3481 successive,

1688 3489 2033 3541 ‘donecxadeo
2082 3492 2391 3542 debilitentur
2431 3495 2514 3551 tot.

1720 3565 2151 3624 attenuationibus,
2192 3571 2246 3613 ut
2273 3579 2369 3614 non
2395 3566 2515 3615 am?

1719 3635 1848 3700 plius
1873 3637 2071 3686 valeant
2107 3637 2376 3687 illuminare
2414 3641 2499 3689 aii-
2552 3649 2554 3672 ⁴

1719 3725 1819 3759 rem
1845 3709 2155 3758 sensibiliter.
2478 3736 2483 3737 ν

1806 3794 1868 3839 Ut
1897 3792 1970 3837 hic
1999 3794 2077 3839 FO
2109 3793 2368 3850 refringitur
2396 3793 2440 3836 in
2462 3795 2495 3836 Ο
2550 3776 2554 3817 Ι

1722 3866 1767 3907 et
1795 3860 1847 3905 fit
1864 3859 1966 3917 OK3
1997 3871 2236 3905 occurrens
2258 3863 2408 3904 autem
2423 3870 2494 3903 su·
2549 3861 2554 3888 ¹
