2554 4140
242 119 345 168 660
966 159 969 162 ⁴
1040 111 1110 155 ne
1141 109 1327 155 'rabulis
1358 110 1673 168 Rndolphinis.

237 262 514 321 Venerium,
555 261 603 306 in
646 261 692 308 6.
725 260 790 306 54
829 257 1147 308 Mercuriale.'
1198 258 1338 313 Tunc
1374 259 1425 306 in
1448 271 1546 306 uno
1571 258 1846 308 folioafiunt
1883 258 2064 308 multae
2091 258 2287 319 fronteS‚
2325 272 2480 320 usque
2534 286 2542 293 ·

238 337 286 382 in
329 337 374 384 9.
417 335 513 397 32,
551 332 631 381 vel
671 338 867 380 ornatus
907 345 1056 379 causa
1094 333 1432 380 continuentur
1468 333 1531 377 in'
1562 328 1652 379 10⁰
1689 333 1737 379 Ο.

377 405 569 468 Regula
607 410 842 469 perpetua
878 417 965 468 pro
1004 409 1310 475 argumento:
1361 401 1428 451 Ut
1466 403 1625 451 inclin.
1679 402 1846 452 limitis
1893 402 1956 452 afl
1996 405 2090 469 90,
2140 406 2208 452 sic
2246 402 2407 451 inclin.
2452 405 2475 449 1

237 477 300 527 ad
338 483 689 540 argumentum.

383 549 576 600 Tabula
615 554 1007 614 argumentorum
1043 547 1314 597 latitudinis
1353 553 1402 597 et
1437 545 1985 610 mesologarithmoru'm.

917 654 954 721 Β
1185 653 1244 724 Ἃ
1472 661 1515 711 ὀ
1746 652 1789 722 Ω
2026 654 2069 724 Φ
2182 640 2187 736 ι

871 743 912 787 Ο.
941 741 998 786 23
1026 746 1030 751 ’
1140 741 1185 785 2.
1220 739 1278 785 58
1435 741 1478 785 0.
1512 740 1561 784 31
1711 741 1755 785 Ο.
1789 739 1840 785 17
1991 742 2033 785 Ο.
2063 741 2092 786 8
2183 739 2188 812 ἲ

381 839 530 889 Aliud
570 841 826 889 consilium
862 838 1162 901 Noribergae
1206 840 1285 886 11.
1326 838 1453 900 Aug.
1499 838 1652 887 1625.

373 913 674 963 Tabularum
711 913 832 961 fiant
871 911 995 960 duae
1033 917 1227 974 parteS,
1275 925 1474 959 numero
1514 910 1736 959 soliorum
1774 915 2038 974 perpetuO,
2088 915 2142 958 ut
2178 917 2339 962 tamen
2379 912 2479 962 dis-

228 987 378 1036 locari
415 985 613 1050 ligando
651 988 853 1050 possint.
930 982 1042 1033 Una
1079 999 1189 1048 pars
1228 983 1409 1033 habeat
1446 983 1639 1032 tabulas
1664 982 1980 1047 'planetarum
2019 982 2334 1046 siugularium
2372 1001 2479 1035 cum

229 1061 500 1124 praeceptis
551 1059 785 1108 totalibus
837 1058 989 1110 initio,
1027 1055 1326 1119 singularum
1378 1055 1653 1105 tabularum
1709 1057 2040 1119 interspersis‚·
2095 1055 2250 1107 altera
2303 1059 2482 1109 habeat

231 1133 502 1196 generalia,
557 1138 706 1194 puta:
772 1129 821 1191 1)
867 1128 1255 1195 Heptacosiada,
1311 1127 1363 1193 2)
1410 1143 1644 1178 canonem
1691 1129 2089 1192 logarithmorum
2142 1130 2481 1189 solitariorum,

232 1203 281 1271 3)
308 1205 526 1255 tabulam
548 1205 729 1267 anguli,
759 1202 811 1270 4)
836 1204 935 1254 tab.
949 1204 1272 1265 tangentium,
1302 1201 1354 1264 5)
1380 1207 1566 1266 partem
1583 1201 2119 1266 mesologarithmorum
2139 1218 2292 1266 usque
2312 1203 2375 1253 ad
2399 1206 2479 1264 10,

226 1292 314 1342 pro
351 1277 690 1327 latitudinibus
729 1277 1049 1342 planetarum,
1091 1276 1176 1324 ubi
1214 1282 1378 1324 tamen
1416 1274 1723 1338 relinquendi
1760 1275 2479 1338 mesologarithmiinclinatio-

227 1353 304 1399 nis
344 1350 549 1413 singulis
577 1350 785 1415 planetis
816 1351 863 1396 in
889 1354 1026 1412 parte
1066 1350 1235 1412 prima.
1317 1347 1368 1412 6)
1407 1347 1601 1397 Partem
1641 1348 2143 1411 antilogarithmorum
2170 1363 2257 1414 pro
2285 1349 2482 1415 eclipsi-

225 1424 333 1481 bus,
374 1437 441 1471 sc.
481 1423 726 1487 scrupulis
766 1422 916 1482 disci,
957 1421 1185 1481 umbrae,
1225 1421 1547 1484 penumbrae,
1590 1419 1932 1471 diametrorum
1970 1422 2259 1484 visibilium,
2298 1423 2478 1484 limitis,

227 1510 380 1559 usque
418 1494 480 1544 ad
523 1499 569 1544 1.
611 1496 694 1544 36.
773 1493 850 1543 Ad
900 1493 1120 1556 singulos
1171 1494 1334 1542 brevis
1380 1494 1649 1542 instructio.
1733 1493 1784 1557 7)
1835 1493 1948 1543 Asc.
1987 1501 2145 1544 rectas
2185 1500 2233 1544 et
2272 1495 2392 1545 decl.
2432 1503 2480 1546 et

227 1568 459 1632 angulum
486 1568 738 1632 eclipticae
766 1582 876 1617 cum
898 1565 1182 1615 meridiano.
1244 1563 1294 1632 8)
1330 1566 1445 1616 Asc.
1475 1565 1698 1629 obliquas
1738 1581 1904 1616 omnes
1931 1564 2038 1615 cum
2077 1568 2255 1632 angulo
2282 1570 2479 1617 orientis

155 1671 158 1673 —
227 1647 275 1690 et
313 1642 584 1704 quantitate
623 1641 734 1690 diei.
812 1639 863 1707 9)
899 1639 1070 1688 Inclin.
1095 1639 1364 1703 ‘eclipticae
1401 1641 1451 1686 in
1489 1639 1718 1688 azimuth.
1799 1638 1884 1706 10)
1922 1639 2242 1690 Altitudinem
2282 1636 2330 1690 ct
2367 1642 2476 1691 Asc.

226 1711 296 1781 O
335 1714 398 1764 ad
436 1714 580 1764 horas
618 1713 822 1777 Pragae.
898 1718 990 1772 (His
1021 1718 1301 1770 adscriptum:
1343 1719 1615 1772 transscripta
1644 1720 1746 1759 haec
1775 1719 1820 1759 in
1854 1719 1971 1760 aliud
2001 1718 2188 1775 folium.)

587 697 730 743 84257
