2560 4100
926 101 997 146 De
1036 100 1246 159 Epitome
1286 102 1614 149 Astronomiae.
2108 106 2112 107 ⁷
2322 111 2388 161 25

145 252 380 300 tiscanam
417 262 524 298 cum
563 250 752 300 calculo
791 248 1109 299 Huennensi:
1146 264 1259 301 nam
1298 257 1352 300 ut
1390 256 1574 302 ceteras
1615 253 1787 303 calculi
1825 259 1986 318 partes
2024 259 2227 317 taceam,
2267 260 2392 306 tem-

144 325 274 386 poris
311 325 538 384 aequatio
577 323 738 372 adhuc
775 326 947 371 miram
983 324 1133 374 habet
1155 325 1584 388 ·iuaequalitatem,
1625 322 1684 375 de
1723 341 1821 388 qua
1858 329 1941 375 vix
1979 330 2252 393 suspiceris.
2329 330 2393 377 Et

144 396 230 444 illa
266 394 489 458 Tychoni
525 395 657 445 dicta
694 398 899 445 variatio
939 397 1002 445 ab
1042 397 1312 448 observatis
1350 413 1538 448 rursum
1574 413 1891 463 prorsumque
1933 415 2097 464 vusque
2147 402 2208 450 ad
2261 404 2289 450 6
2345 403 2393 451 et

149 469 212 516 10
248 468 434 515 minuta
471 468 708 519 dissentit.
1928 498 1936 503 α

284 539 464 589 Scribis
503 541 562 590 de
602 542 1022 591 observationibus
1061 543 1230 593 Lunae
1268 545 1316 591 in
1355 545 1702 607 nonagesimo,
1737 559 1801 606 ,ac
1838 545 1879 592 si
1917 547 2182 608 nescirem,
2221 552 2269 597 te
2309 563 2392 598 eas

12 611 13 615 ’
103 658 106 662 ,
140 627 226 677 pro
263 612 568 676 longitudine
606 615 798 677 eligere.
875 615 978 664 Imo
1019 618 1118 665 scio
1157 623 1206 666 et
1241 618 1400 676 miror,
1442 620 1484 666 si
1521 617 1614 665 feci
1650 616 1922 666 latitudinis
1948 621 2256 680 mentionem,
2298 622 2394 670 nisi

139 686 319 734 factum
357 688 421 735 sit
458 688 521 736 ob
555 689 900 751 compendium
937 704 1098 738 meum
1135 690 1464 752 parallaxeon,
1506 690 1636 753 quod
1658 695 1732 739 est
1771 690 2187 740 evidentissimum
2227 695 2275 740 in
2314 695 2392 742 la-

138 758 359 809 titudine.
436 759 488 809 Si
529 761 588 813 de
626 762 719 810 hoc
755 763 940 824 scripsi,
982 762 1161 810 factum
1201 763 1249 811 id
1288 769 1362 812 est
1399 777 1497 812 non
1535 769 1733 826 propter
1758 765 1915 826 ipsam
1941 764 2264 827 latitudinem,
2305 767 2393 815 sed

138 838 333 896 propter
369 831 737 896 longitudinem.
813 834 911 883 Sed
958 851 1054 883 non
1103 838 1298 885 memini
1335 851 1552 886 meorum
1590 837 1866 885 verborum.
1942 836 2265 887 Parallaxeon
2306 855 2394 890 ne-

137 907 324 968 gotium
362 905 510 970 nolim
548 922 635 972 pro
673 909 856 956 incerto
894 907 1093 958 habeas
1172 910 1312 970 Ecce,
1353 925 1410 959 ex
1448 924 1548 969 una
1588 909 1758 974 eclipsi
1779 909 1963 971 Lunae,
2006 921 2133 973 quae
2171 912 2262 959 fuit
2301 914 2391 961 ob·-

138 984 333 1027 servata
395 994 523 1028 anno
581 981 736 1030 1605.
789 980 1023 1042 Londini‚
1089 982 1414 1046 Antverpiae,
1482 980 1681 1032 Ostelae
1730 984 1779 1030 in
1828 981 2054 1032 Ostfrisia
2107 989 2154 1033 et
2207 985 2394 1048 Pragae

138 1056 445 1110 (cfr.v01.111.
483 1060 608 1112 735),
670 1052 995 1102 mediantibus
1048 1055 1376 1140 parallaxibus
1428 1070 1518 1118 ego
1566 1055 1715 1104 talem
1767 1057 1929 1104 inveni
1985 1048 2129 1105 trium
2181 1060 2394 1123 priorum

141 1126 535 1175 observationum
575 1139 890 1187 consensum,
931 1132 984 1175 ut
1023 1142 1083 1175 ex
1120 1129 1178 1176 iis
1216 1144 1375 1177 meam
1414 1135 1635 1191 quartam
1672 1126 1971 1193 Pragensem
2009 1133 2181 1179 erroris
2218 1146 2394 1194 argue-

140 1200 258 1260 rim3
314 1200 475 1263 potuit
520 1201 648 1248 enim
698 1201 815 1247 mihi
865 1201 927 1249 ab
976 1200 1233 1250 hortulano
1283 1204 1404 1250 situs
1452 1204 1757 1251 instrumenti
1805 1204 2076 1266 perturbari
2114 1219 2199 1269 per
2236 1219 2395 1254 meam

142 1273 2304 1330 absentiam..

282 1346 520 1410 Proponis
559 1344 779 1406 modum,
832 1345 1086 1395 distantias
1123 1346 1341 1396 locorum
1380 1348 1671 1396 observandi
1711 1362 1801 1413 per
1834 1347 2126 1399 sciatherica
2165 1354 2212 1399 et
2250 1355 2395 1398 auto-

140 1423 298 1481 mata3
337 1419 569 1483 putabam
608 1421 935 1483 praesupponi
975 1422 1220 1483 cognitam
1258 1420 1535 1470 distantiam
1563 1423 1886 1470 itinerariam:
1928 1428 2043 1471 tunc
2075 1430 2207 1472 esset
2223 1422 2396 1472 modus

140 1491 405 1556 Appiani-⁶
392 1508 442 1540 in
481 1492 880 1556 cosmographia.
955 1492 1053 1542 Sed
1099 1493 1276 1557 colligo
1315 1510 1408 1556 me,
1447 1493 1593 1543 video
1632 1509 1730 1543 non
1767 1497 1947 1558 requiri
1986 1498 2210 1554 notitiam
2248 1498 2397 1546 itine-

139 1568 296 1614 rariae
336 1566 612 1614 distantiae.
699 1566 868 1614 Bonus
917 1572 1018 1626 est,
1069 1566 1155 1616 sed
1201 1570 1404 1631 requirit
1452 1570 1622 1632 praxin
1676 1570 2105 1631 exquisitissimam
2153 1575 2201 1618 et
2255 1569 2400 1619 fidem

141 1653 321 1701 eorum,
360 1641 446 1702 qui
482 1636 737 1701 horologia
774 1639 1068 1688 custodiunt.
1143 1639 1248 1689 Imo
1288 1644 1352 1690 sit
1388 1643 1584 1690 unicum
1622 1640 1930 1705 horologium
1967 1642 2112 1705 idque
2150 1648 2400 1708 transpor-

142 1718 294 1773 tetur,
345 1712 504 1761 lineae
552 1726 670 1760 vero
710 1712 1016 1762 'meridianae
1053 1715 1277 1776 utrinque
1317 1714 1652 1777 designentur,
1707 1714 1770 1764 ad
1808 1730 1932 1778 quas
1970 1716 2206 1780 applicari
2243 1719 2400 1781 possit

141 1785 345 1834 allatum
394 1785 741 1848 horologium'
791 1785 911 1834 Sola
947 1786 1196 1850 „dubitatio
1245 1794 1428 1848 restat,
1484 1788 1657 1852 plusne
1703 1790 1859 1852 possit
1911 1803 2066 1838 errare
2113 1795 2401 1839 automaton
2462 1819 2464 1821 >

141 1858 467 1921 inaequabilis
505 1860 742 1906 tensionis
780 1865 1036 1922 motusque
1077 1874 1183 1908 cum
1224 1865 1335 1910 aere
1375 1862 1653 1922 variabiliS,
1706 1876 1767 1910 an
1822 1864 2096 1911 aestimatio
2138 1862 2399 1919 distantiae

140 1934 431 1981 itinerariae.
508 1931 632 1980 Nam
670 1934 711 1980 si
749 1931 863 1981 huic
899 1933 1118 1994 fidimus,
1158 1933 1300 1982 facile
1339 1949 1425 1997 per
1464 1935 1681 1983 diversas
1719 1935 1822 1999 poli
1860 1935 2142 1984 altitudines
2181 1935 2399 1986 elicimus

141 2004 461 2054 differentiam
498 2004 889 2056 meridianorum.
967 2005 1096 2068 Quid
1133 2008 1295 2055 verbis
1338 2022 1460 2073 opus
1495 2014 1568 2057 est
1604 2020 1750 2070 super
1787 2009 1874 2057 tali
1925 2009 2239 2074 sciatheric0‚
2292 2020 2398 2059 cum

140 2080 187 2125 in
227 2093 286 2127 eo
325 2080 475 2127 insint
513 2080 697 2140 omnia,
751 2093 875 2141 quae
925 2094 985 2129 ex
1032 2080 1373 2130 altitudinibus
1424 2087 1471 2130 et
1522 2081 1781 2130 azimuthis
1834 2097 1943 2130 cum
1980 2081 2147 2131 labore
2185 2084 2397 2132 solemus

140 2157 438 2215 computare.
513 2151 638 2200 Mihi
678 2153 1034 2215 aequinoctiale
1072 2150 1314 2217 placeret,
1366 2156 1407 2203 si
1455 2153 1829 2218 transportabile
1882 2170 1988 2204 esse
2039 2155 2198 2205 debet.
2273 2157 2398 2206 Nam

139 2240 224 2289 per
271 2224 427 2274 lineas
478 2218 859 2274 declinationum
899 2225 1026 2274 Solis
1065 2227 1208 2276 facile
1245 2229 1445 2290 erigitur
1483 2228 1545 2276 ad
1577 2229 1764 2290 Justam
1803 2227 1903 2292 poli
1944 2228 2267 2295 altitudinem.
2324 2230 2399 2278 De

138 2297 286 2347 radiis
323 2297 454 2346 Solis
494 2298 754 2348 difficultas
793 2305 866 2348 est
902 2314 1068 2363 parva,
1109 2302 1149 2349 si
1188 2315 1275 2365 per
1311 2300 1528 2350 foramen
1567 2303 1841 2349 immittitur
1862 2294 1992 2351 Solis
2018 2303 2198 2362 radius,
2240 2317 2399 2366 quan-

138 2378 242 2420 tum
281 2377 487 2435 occupat
525 2386 625 2421 una
661 2372 858 2421 radiosa
897 2373 1095 2436 ellipsis
1118 2374 1201 2422 vel
1241 2374 1471 2435 circulus,
1523 2375 1646 2423 tanti
1698 2376 1845 2438 spatii
1883 2382 2042 2424 motus
2084 2373 2230 2426 efficit
2269 2379 2319 2424 2‘
2359 2393 2397 2426 c.

139 2446 398 2509 temporis;
450 2445 563 2494 hinc
612 2446 755 2494 facile
811 2451 884 2494 est
932 2461 962 2494 a
999 2449 1212 2510 margine
1251 2446 1376 2496 radii
1415 2448 1636 2498 orientali
1676 2449 1757 2496 vel
1798 2448 2087 2521 occidentali
2123 2451 2400 2499 ratiocinari

140 2517 203 2567 ad
242 2522 457 2567 centrum
499 2517 725 2582 ellipseos
763 2518 844 2568 vel
883 2519 1048 2567 circuli
1086 2520 1409 2569 radiosi.-

285 2590 473 2654 Objicis
513 2591 700 2654 aliquid
739 2592 798 2641 de
835 2591 1006 2640 Lunae
1045 2589 1184 2643 facie
1261 2592 1378 2642 Jam
1429 2595 1570 2656 tetigi
1622 2593 1748 2643 hanc
1794 2576 2118 2658 objectionem
2158 2597 2206 2642 in
2248 2595 2395 2644 Gom-

140 2666 387 2714 mentariis
425 2664 616 2715 Martis.
689 2664 822 2715 Vera
861 2665 1048 2728 objiciS,
1094 2669 1136 2715 si
1175 2663 1265 2715 ad*
1275 2681 1490 2730 unguem
1527 2667 1678 2719 facies
1719 2674 1847 2718 esset
1886 2669 2082 2730 eadem3
2123 2674 2173 2716 at
2213 2669 2329 2731 quid
2356 2670 2398 2718 si

141 2736 345 2786 diversis
392 2738 692 2802 temporibus
742 2739 1066 2789 diversimode
1113 2755 1143 2788 a
1190 2741 1368 2789 circulo
1420 2742 1625 2789 visionis
1665 2747 1855 2790 secetur
1892 2742 2033 2790 Luna
2074 2743 2199 2790 circa
2235 2748 2397 2806 partes

139 2810 361 2860 boreales
402 2816 451 2860 ct
486 2811 738 2872 australes,
778 2812 908 2874 quod
947 2813 1208 2862 observatu
1246 2812 1440 2863 difficile
1478 2814 1579 2862 sit-⁴?
1618 2814 1745 2862 Tum
1782 2821 1943 2863 autem
1969 2813 2145 2878 globus
2172 2817 2220 2862 in
2248 2815 2395 2878 globo

140 2899 245 2933 csse
298 2889 486 2948 potest,
539 2898 684 2946 quam
733 2886 1058 2949 suspicionem
1108 2887 1255 2935 etiam
1303 2888 1445 2950 attigi
1493 2889 1542 2933 in
1594 2886 1980 2936 Commentariis,
2056 2887 2195 2937 Haec
2232 2894 2396 2937 tamen

140 2956 349 3019 objectio
382 2956 614 3020 jugulum
651 2958 773 3020 petit
810 2958 1150 3022 epicyclorum.
1227 2959 1353 3008 Nam
1398 2960 1543 3008 simul
1597 2962 1742 3008 etiam
1787 2959 1983 3009 libratio
2038 2967 2124 3010 tua
2163 2945 2399 3012 evertitur

140 3030 332 3079 diversa
369 3029 702 3094 magnitudine
741 3034 1020 3093 apparentis
1060 3031 1296 3082 diametri.

283 3102 555 3167 Scripsisti,
606 3104 771 3152 testari
812 3103 1005 3153 affinem
1044 3120 1206 3154 meum
1244 3107 1344 3153 suis
1384 3104 1560 3163 literis,
1615 3120 1760 3168 quam
1811 3108 1852 3155 is
1901 3107 1989 3156 tibi
2042 3121 2185 3157 curae
2223 3108 2395 3170 fuerit3

138 3176 297 3226 nullas
334 3182 495 3226 tamen
535 3176 775 3226 inclusisti
812 3191 902 3225 nec
940 3178 1065 3226 ullas
1105 3180 1287 3240 accepi.
1364 3171 1559 3227 Gratias
1598 3185 1760 3227 tamen
1799 3194 1893 3242 ago
1934 3185 1982 3229 et
2019 3196 2225 3243 pensare
2253 3183 2395 3245 cupio

140 3251 395 3313 ipsumque
433 3249 609 3298 saluto.
683 3249 807 3298 Nam
848 3256 1083 3312 quantum
1124 3266 1182 3300 ex
1220 3249 1444 3299 secundis
1483 3253 1579 3301 tuis
1616 3251 1768 3301 literis
1807 3256 2062 3316 perspicio,
2104 3260 2155 3302 tu
2195 3269 2395 3317 compa-

140 3330 211 3371 ter
248 3323 400 3387 ipsius
440 3338 491 3372 es
529 3337 638 3372 meo
677 3322 913 3371 beneficio
952 3323 1132 3371 sactus:
1175 3325 1340 3386 itaque
1380 3329 1427 3372 te
1467 3325 1633 3374 crebro
1675 3325 1844 3376 adibit.
1872 3355 1944 3361 —
1971 3327 2143 3375 Affinis
2172 3333 2224 3375 ut
2250 3328 2394 3376 video

140 3399 389 3444 cunctator
428 3401 530 3456 cst3
586 3395 752 3444 literas
791 3394 937 3444 valde
977 3402 1115 3459 optat
1154 3410 1273 3445 uxor
1310 3411 1446 3457 mea,
1502 3397 1648 3447 frater
1700 3398 1822 3448 alter
1870 3399 2057 3462 aliquid
2109 3401 2395 3464 pecuniolae

142 3467 363 3530 debitae3
414 3470 455 3517 si
502 3468 708 3531 pellicea
755 3470 912 3518 mittet
962 3483 1020 3518 eo
1059 3471 1278 3530 nomine,
1336 3484 1426 3533 ego
1465 3472 1751 3539 permutabo
1791 3475 2016 3522 nummis,
2091 3472 2210 3523 Mea
2248 3488 2395 3524 causa

143 3554 239 3590 non
279 3555 402 3606 opus
441 3547 532 3602 est,
573 3549 627 3590 ut
664 3542 853 3591 laboret
890 3556 1040 3605 seque
1078 3542 1279 3606 affligat.

279 3613 359 3664 De
396 3613 600 3664 Tabulis
638 3613 887 3679 Rudolphi

490 3687 702 3751 Quaerit
737 3702 900 3751 aquas
937 3690 993 3736 in
1032 3689 1177 3749 aquis
1213 3694 1259 3736 et
1286 3703 1448 3751 poma
1483 3691 1694 3753 fuyacia
1732 3697 1904 3754 captat

600 3758 877 3822 Tantalus‚·
916 3761 1005 3810 hoc
1043 3760 1117 3807 illi
1152 3763 1370 3823 yar-mla
1407 3763 1587 3826 linqua
1625 3762 1771 3812 dedit.
2136 3779 2153 3802 ο

285 3828 491 3882 Promisi
527 3846 625 3882 non
663 3838 718 3883 ut
755 3835 920 3883 statim
958 3831 1175 3896 ederem;
1221 3833 1326 3896 Jam
1376 3837 1638 3899 promissas
1690 3850 1858 3886 omnes
1907 3838 2136 3900 exigunt,
2190 3834 2386 3899 quidam
