2554 4140
199 107 305 156 694
978 97 1254 144 Tabularum
1282 97 1673 157 Rudolphinarum

196 251 410 300 officium
447 248 511 297 ad
551 260 742 295 omnem
779 259 950 296 sensus
988 246 1310 314 subtilitatem
1347 245 1649 309 praebetque
1687 260 1740 297 se
1769 245 1956 298 calculo
1985 251 2194 312 egregie.
2260 246 2446 311 Quodsi

194 324 302 372 sola
340 323 480 369 Luna
518 320 690 368 fuisset
730 323 778 367 et
815 321 856 367 si
894 332 991 367 non
1033 325 1299 368 ceterorum
1337 317 1644 381 planetarum
1685 322 1958 386 exemplum
1997 337 2105 371 cum
2133 321 2274 370 Luna
2312 336 2446 369 com-

194 399 415 461 paratum
453 393 639 452 fuisset,
681 405 931 454 nunquam
968 405 1028 439 ne
1066 394 1116 439 in
1154 393 1358 459 physica
1397 390 1594 453 quidem
1633 405 1887 447 causarum
1924 397 2240 458 inquiSitione
2266 393 2447 455 rejecta

195 484 225 515 a
261 481 338 514 me
375 466 547 514 fuisset
584 464 815 528 perfectio
840 464 1022 512 circuli.
1098 463 1194 513 Sed
1233 465 1350 526 quia
1386 465 1546 526 patuit
1582 464 1802 527 exemplo
1827 468 2136 529 planetarum
2164 473 2445 526 ceterorum,

194 544 413 588 motuum
440 538 809 586 diminutionem
849 552 954 585 esse
996 536 1146 600 duplo
1173 538 1422 599 majorem,
1464 550 1610 598 quam
1639 536 1826 586 efficere
1853 539 1985 588 valet
2013 541 2248 603 cujusque
2276 553 2448 588 eccen-

194 613 416 660 tricitatis
454 623 707 669 mensura,
762 624 852 659 nec
891 609 1101 658 ordinari
1142 610 1252 658 loca
1291 609 1516 673 planetae
1563 614 1667 657 toto
1717 609 1900 659 ambitu
1952 613 2001 659 in
2041 612 2218 662 circulo
2260 617 2446 671 exacte,

193 683 281 734 sed
318 685 381 732 ab
420 689 627 746 utroque
665 683 816 731 latere
855 697 962 731 sese
1000 684 1257 731 introrsum
1285 684 1497 744 recipere
1535 681 1834 745 formamque
1867 683 2130 747 ellipticam
2168 686 2446 747 exprimere,

178 757 482 820 *hypothesis
522 758 687 818 itaque
729 754 892 804 circuli
932 757 980 802 in
1019 755 1228 819 planetis
1266 756 1438 803 ceteris
1465 757 1739 803 necessario
1766 755 2030 817 rejicienda
2067 759 2174 819 fuit,
2212 773 2271 806 ne
2299 758 2446 805 vitia—

195 836 328 878 retur
367 828 610 888 calculus,
670 843 796 876 neve
836 827 968 876 aliud
1020 843 1077 876 ex
1116 828 1208 876 hac
1245 828 1488 890 positione
1533 834 1842 890 sequeretur,
1897 843 2043 891 quam
2081 832 2447 879 observationes

196 903 443 965 detegunt.
519 901 659 949 Haec
697 900 1042 963 contemplatio
1083 914 1300 963 eousque
1339 900 1563 964 profecit,
1613 906 1668 948 ut
1704 899 1900 950 tandem
1938 901 2284 965 intelligerem,
2338 902 2448 965 pla-

193 980 334 1024 netas
375 987 542 1023 omnes
582 976 767 1023 moveri
805 973 994 1035 legibus
1035 979 1271 1032 staterae,
1313 987 1398 1022 seu
1438 974 1591 1021 vectis
1632 979 1681 1022 et
1718 973 1901 1034 librae,
1949 976 2125 1036 quibus
2161 975 2367 1039 legibuS,
2409 977 2447 1023 si

193 1061 372 1111 magna
396 1049 460 1096 sit
487 1048 833 1106 eccentricitas,
875 1045 1089 1108 elliptica
1118 1048 1199 1094 via
1225 1045 1494 1094 efficeretur
1520 1047 1813 1095 necessitate
1839 1049 2150 1110 geometrica,
2180 1049 2252 1094 sin
2279 1062 2445 1111 parva,

194 1123 411 1186 proxime
467 1119 689 1168 circulus.
767 1119 1038 1168 Discrimen
1093 1118 1288 1182 quidem
1343 1118 1528 1182 ellipsis
1582 1125 1629 1166 et
1667 1119 1833 1170 circuli
1881 1133 1976 1168 non
2017 1125 2090 1169 est
2128 1121 2448 1181 observabile,

194 1196 288 1242 nisi
326 1195 375 1240 in
412 1192 508 1240 illis
547 1193 786 1256 planetis,
837 1194 884 1238 in
925 1192 1105 1254 quibus
1145 1193 1413 1254 exquiritur
1462 1191 1914 1255 prosthaphaeresis
1966 1194 2096 1242 orbis
2136 1195 2300 1242 annui.
2377 1193 2450 1241 Ex
2527 1222 2547 1240 0

196 1281 254 1315 eo
292 1265 360 1327 fit,
401 1272 468 1325 ut,
510 1267 734 1327 quamvis
773 1264 913 1312 Luna
951 1267 1071 1314 satis
1108 1279 1336 1328 magnam
1375 1265 1555 1313 habeat
1594 1267 2017 1326 eccentricitatem,
2065 1265 2244 1316 circulo
2284 1270 2448 1315 tamen

194 1338 409 1403 perfecto
448 1338 557 1386 loco
599 1337 826 1400 ellipseos
866 1340 1079 1386 contenti
1119 1352 1223 1387 esse
1261 1340 1506 1400 possimus
1544 1339 1592 1383 in
1633 1337 1851 1399 calculo,
1893 1353 2002 1387 cum
2040 1339 2450 1404 prosthaphaere-

198 1425 318 1461 seon
357 1411 487 1459 orbis
525 1412 574 1457 in
613 1410 783 1459 Lunae
820 1412 1032 1460 motibus
1072 1425 1189 1459 usus
1229 1413 1293 1459 sit
1329 1410 1509 1459 nullus.
1569 1409 1815 1472 Attamen,
1856 1412 1973 1474 quia
2003 1426 2150 1460 causa
2188 1411 2324 1460 nulla
2360 1417 2448 1472 est,

198 1498 282 1534 cur
317 1483 473 1532 forma
512 1483 731 1532 diversas
770 1485 817 1530 in
859 1483 1001 1532 Luna
1038 1489 1310 1533 statuamus
1358 1489 1577 1531 motuum
1617 1497 1865 1532 causas·a
1903 1484 2113 1549 planetis
2152 1485 2349 1545 ceteris,
2404 1490 2451 1533 et

202 1558 318 1620 quia
355 1557 588 1605 transitus
639 1558 786 1605 etiam
825 1556 996 1605 Lunae
1046 1556 1175 1606 altae
1221 1571 1308 1620 per
1358 1555 1577 1605 umbram
1629 1556 1813 1605 tardior
1850 1555 2254 1620 deprehenditur,
2305 1571 2449 1620 quam

195 1643 282 1695 pro
321 1628 594 1677 altitudinis
634 1628 848 1690 modu10,
890 1629 1000 1678 ideo
1042 1632 1187 1679 etiam
1226 1632 1276 1677 in
1302 1628 1445 1677 Luna
1482 1629 1662 1691 reiecta
1700 1629 1792 1679 fuit
1829 1646 1859 1678 a
1883 1645 1960 1679 me
1998 1630 2228 1694 perfectio
2269 1629 2448 1688 circuli,

196 1708 431 1766 quantum
471 1702 533 1750 ad
573 1716 746 1751 causas
783 1707 1028 1764 motuum,
1078 1717 1225 1767 quam
1262 1710 1427 1752 tamen
1466 1703 1515 1749 in
1555 1700 1743 1752 calculo
1792 1718 1940 1767 supra
1990 1717 2066 1753 me
2106 1702 2206 1752 dixi
2245 1702 2449 1753 tolerare

194 1777 414 1840 potuisse
451 1782 714 1838 utcunque.

341 1858 414 1908 En
453 1875 568 1924 ergo
609 1875 806 1910 causam
844 1861 958 1923 tibi,
1012 1877 1094 1911 cur
1132 1864 1183 1910 in
1222 1860 1393 1910 tabula
1443 1861 1793 1923 aequationum
1831 1861 2026 1925 Lunae,
2082 1865 2228 1913 etiam
2266 1865 2450 1927 primae

196 1948 284 1984 seu
322 1934 513 1985 solutae
551 1934 944 1998 inaequalitatis,
998 1934 1178 1999 gradus
1219 1933 1494 1984 anomaliae
1532 1932 1724 1983 mediae
1772 1950 1869 1984 non
1909 1937 2219 1987 inveniantur
2255 1940 2363 2000 puri
2403 1943 2450 1988 et

196 2006 394 2057 rotundi
430 2009 480 2054 in
518 2010 758 2070 margine,
818 2009 941 2056 sicut
979 2008 1032 2056 fit
1080 2011 1129 2056 in
1170 2007 1439 2056 Prutenicis
1489 2014 1537 2055 et
1575 2007 1622 2053 in
1666 2006 1962 2071 Lunaribus,
2017 2010 2140 2059 libro
2179 2009 2445 2074 Progymn.

197 2080 447 2145 Tychonis
485 2082 692 2129 insertis.
766 2080 1003 2130 Nimirum
1056 2083 1140 2145 qui
1179 2081 1358 2143 gradus
1396 2081 1611 2142 integros
1657 2081 1932 2130 anomaliae
1970 2082 2160 2132 mediae
2197 2083 2358 2147 ponit,
2408 2085 2450 2132 is

199 2153 438 2203 calculum
477 2153 753 2202 moderatur
789 2168 875 2218 per
914 2153 1133 2215 circulos,
1163 2160 1227 2218 ,ut
1259 2153 1570 2202 Ptolemaeus
1608 2167 1694 2216 per
1733 2154 2005 2219 epicyclum
2044 2156 2091 2202 in
2132 2157 2449 2219 concentric0‚
2531 2183 2547 2214 ς

200 2226 281 2275 vel
319 2225 382 2274 ad
419 2226 624 2274 formam
663 2230 930 2275 ceterorum
965 2227 1272 2290 planetarum
1310 2240 1394 2290 per
1433 2225 1751 2275 eccentricum
1799 2241 1906 2276 cum
1945 2234 2127 2291 puncto
2165 2230 2448 2291 aequatorio

201 2299 573 2348 eccentricitatis
613 2297 843 2362 duplicis,
900 2299 1069 2364 Tycho
1108 2314 1194 2363 per
1232 2299 1591 2357 concentricurn
1629 2306 1676 2347 et
1715 2299 1837 2349 duos
1869 2300 2146 2367 'epicyclos;
2202 2316 2292 2364 ego
2334 2316 2448 2350 vero

199 2385 316 2435 rego
358 2370 596 2420 calculum
634 2386 719 2436 per
756 2385 930 2421 causas
968 2378 1189 2421 motuum
1226 2371 1473 2421 naturales
1511 2373 1665 2420 vectis
1704 2378 1752 2421 et
1788 2371 1965 2436 librae,
2005 2376 2121 2437 quia
2157 2374 2451 2423 anomaliam

199 2445 412 2494 mediam
456 2443 829 2508 respondentem
879 2447 1077 2509 integris
1123 2444 1355 2508 gradibus
1402 2442 1674 2494 anomaliae
1722 2447 1960 2507 'eccentri,
2011 2445 2106 2496 hoc
2155 2452 2228 2496 est
2264 2462 2449 2496 moram

199 2516 370 2566 Lunae
408 2518 457 2564 in
495 2519 555 2565 iis
593 2524 819 2580 computo
858 2518 944 2581 per
983 2523 1296 2582 augmentum
1333 2515 1578 2566 intervalli
1615 2517 1786 2568 Lunae
1825 2533 1855 2567 a
1892 2518 2066 2578 Terra,
2114 2527 2168 2569 ut
2206 2521 2253 2567 in
2293 2529 2448 2584 vecte,

203 2605 312 2639 cum
352 2589 542 2655 pondus
583 2590 838 2653 elongatur
888 2592 950 2640 ab
990 2591 1362 2657 hypomochlio‚
1414 2589 1658 2639 difficilius
1696 2596 1920 2640 movetur
1964 2592 2026 2641 ab
2066 2592 2234 2642 eadem
2274 2595 2450 2643 virtute

201 2668 249 2712 et
286 2665 356 2712 sic
392 2663 571 2712 lentius
609 2677 696 2712 seu
733 2665 940 2726 longiori
979 2672 1222 2730 tempore3
1263 2667 1421 2727 ipsum
1463 2677 1576 2712 vero
1614 2671 1930 2727 augmentum
1954 2665 2196 2728 intervalli
2225 2673 2451 2730 computo

200 2750 286 2801 per
326 2737 547 2800 anguIOS,
589 2750 712 2799 quos
751 2736 879 2785 linea
918 2752 976 2785 ex
1017 2744 1179 2787 centro
1218 2736 1397 2787 Terrae
1438 2751 1546 2785 cum
1584 2735 1706 2786 fibra
1734 2738 1901 2787 Lunae
1940 2740 2214 2801 magnetica
2249 2739 2367 2789 facit
2405 2742 2452 2788 in

203 2814 364 2858 centro
405 2811 646 2872 corporis,
695 2815 831 2858 tanto
870 2825 1059 2874 semper
1097 2812 1281 2872 minus,
1339 2815 1521 2872 quanto
1562 2816 1769 2872 augetur
1808 2811 2016 2873 angulus
2029 2847 2040 2872 ,
2081 2815 2150 2860 uti
2187 2812 2290 2861 fieri
2329 2812 2454 2862 solet
2523 2803 2526 2807 ⁵

201 2884 251 2929 in
287 2882 433 2943 libra,
487 2884 536 2929 in
575 2896 674 2945 qua
713 2897 819 2943 cum
860 2884 1076 2947 pondera
1128 2889 1241 2931 sunt
1278 2883 1584 2946 inaequalia,
1637 2891 1835 2933 movent
1873 2883 2096 2946 brachia,
2155 2891 2210 2934 ut
2247 2900 2305 2934 ea
2355 2900 2451 2934 non
2524 2887 2531 2893 “

202 2960 431 3003 maneant
469 2956 708 3003 horizonti
746 2956 1015 3018 parallela,
1064 2970 1154 3005 nec
1193 2971 1251 3006 ea
1291 2957 1538 3019 quiescere
1577 2956 1773 3017 sinunt,
1818 2971 1973 3020 usque
2012 2956 2126 3006 dum
2165 2957 2450 3020 angulorum

203 3029 452 3090 proportio
490 3029 792 3091 proportioni
830 3029 1099 3092 ponderum
1139 3044 1198 3078 ex
1238 3029 1445 3078 adverso
1484 3029 1791 3091 respondeat.

347 3117 444 3167 Sed
482 3124 536 3166 ut
572 3124 807 3182 appareat
845 3117 1183 3181 propinquitas
1221 3130 1527 3164 numerorum
1565 3117 1616 3162 in
1641 3115 1846 3177 calculo,
1885 3131 1970 3179 per
1997 3115 2246 3165 distinctas
2289 3115 2452 3179 hypo-

206 3190 368 3239 theses
409 3190 615 3252 directO,
667 3205 724 3240 en
777 3192 865 3240 tibi
905 3188 1136 3239 tabellam
1175 3191 1345 3250 istam3
1391 3195 1550 3237 sumto
1590 3189 1717 3237 enim
1756 3189 1872 3249 hoc,
1926 3195 1980 3238 ut
2016 3189 2243 3251 aequatio
2284 3188 2451 3240 Lunae

209 3264 415 3311 omnium
452 3265 663 3312 maxima
701 3265 764 3312 sit
805 3261 862 3311 5⁰
898 3264 1130 3328 praecise,
1171 3262 1410 3325 eligantur
1442 3261 1546 3323 jam
1584 3261 1858 3312 anomaliae
1895 3261 2085 3311 mediae
2121 3262 2244 3309 istae
2276 3296 2450 3314 .....

213 3332 431 3374 Tabellam
460 3336 577 3385 hanc,
604 3328 749 3388 'quam
781 3336 1000 3386 subjunxit
1029 3334 1232 3385 Keplerus
1263 3334 1308 3373 in
1338 3338 1438 3384 typo
1469 3332 1705 3373 tabularum
1735 3335 1864 3385 capiti
1886 3332 2020 3383 XXV,
2052 3334 2300 3374 inseruimus
2331 3346 2454 3385 supra

210 3391 282 3435 fol.
307 3393 412 3445 5823
447 3393 582 3442 ipsum
603 3406 698 3433 vero
722 3406 808 3445 cap.
829 3393 923 3435 ΧΧ.
950 3393 996 3432 in
1026 3393 1306 3444 manuscripto
1338 3404 1364 3431 a
1394 3393 1530 3431 verbis
1553 3389 1645 3445 (fol.
1670 3393 1754 3433 582
1775 3393 1804 3434 i.
1823 3389 1902 3445 m.)
1928 3422 1937 3432 .
1961 3420 1969 3429 .
1994 3421 2004 3431 .
2028 3422 2039 3433 .
2062 3422 2071 3432 .
2105 3392 2306 3444 quippe
2337 3393 2394 3433 de
2425 3394 2451 3433 2
2517 3406 2521 3414 ¹

211 3459 272 3499 sic
303 3457 534 3497 concludit:
584 3451 722 3514 Quae
779 3459 878 3502 tam
917 3454 1104 3501 minuta
1151 3466 1237 3515 per
1277 3451 1445 3500 Lunae
1486 3452 1852 3500 observationes
1900 3450 2199 3512 impossibile
2240 3458 2313 3500 est
2351 3451 2452 3501 dis-

214 3536 420 3582 cernere,
463 3535 571 3570 cum
608 3539 764 3587 neque
793 3526 1095 3575 conditiones
1121 3525 1317 3573 luminis
1342 3524 1527 3585 Lunae,
1567 3524 1848 3593 praesertim
1874 3523 1922 3568 in
1947 3521 2259 3585 marginibUS,
2301 3524 2451 3574 altero

216 3595 502 3661 plerumque
540 3596 870 3661 inconspicuo,
913 3604 1133 3648 exactam
1171 3602 1421 3661 praestent
1460 3595 1519 3645 de
1559 3601 1720 3646 centro
1765 3595 2091 3657 conjecturam
2130 3602 2178 3645 et
2215 3597 2455 3660 inaequa-

211 3670 377 3718 litates
415 3666 556 3728 aliae,
598 3670 742 3717 etiam
781 3672 827 3716 in
867 3673 986 3734 ipsis
1027 3671 1228 3734 copulis
1270 3671 1329 3719 de
1368 3669 1543 3732 quibus
1569 3669 1648 3718 hic
1672 3668 1876 3730 agimuS,
1916 3668 2067 3717 multo
2106 3670 2201 3717 sint
2226 3670 2451 3732 majoreS,

217 3756 341 3805 quae
378 3739 513 3789 nullo
553 3740 732 3802 ordine,
770 3741 1000 3792 hactenus
1041 3744 1238 3806 quidem
1276 3741 1629 3802 animadverso,
1669 3739 1931 3789 identidem
1958 3742 2286 3791 intercurrunt.
2347 3741 2451 3790 Ita-

217 3829 312 3883 que
349 3818 508 3864 motus
555 3812 870 3877 longitudinis
910 3815 1078 3865 Lunae
1127 3815 1314 3865 nullum
1351 3815 1586 3865 hactenus
1624 3811 1874 3863 discrimen
1924 3814 2082 3865 facere
2134 3815 2295 3878 potuit
2330 3817 2453 3864 inter
