2554 4140
797 133 936 179 Liber
964 116 1176 189 Quartus,
1234 133 1347 178 Pars
1378 130 1600 178 Secunda.
2220 135 2319 184 361

79 283 351 344 cundarios,
391 289 446 332 nt
481 282 632 332 Terra
666 282 871 344 Lunam,
910 283 1237 347 efficiuntque,
1276 285 1331 330 ut
1368 279 1643 330 secundarii
1680 282 1731 328 in
1769 278 1972 330 eandem
2011 279 2209 370 plagam
2245 295 2327 330 se-

79 364 303 420 quantur,
344 355 528 405 tar-dius
565 361 727 404 tamen
766 362 814 406 et
852 359 991 419 quasi
1029 357 1184 406 relicti
1221 360 1334 419 post
1370 360 1573 416 tergum.

228 429 422 493 Quibus
471 432 785 491 armamentis
831 431 1099 479 verisimile
1142 428 1398 486 redditur,
1447 428 1728 487 primarios
1777 428 1908 488 ipsos
1945 427 2214 476 conciliare
2249 441 2326 475 se-

77 501 339 550 cundariis
381 507 549 550 motus
592 516 708 550 suos
754 505 890 551 circa
938 517 1011 561 se,
1059 503 1359 564 praesertim
1405 513 1525 548 vero
1579 499 1790 546 Terram
1827 497 2012 548 Lunae
2027 499 2053 547 Ρ
2113 499 2325 549 Primam

5 607 12 609 <
76 574 221 623 fidem
259 574 401 622 Luna
451 579 499 623 et
537 574 688 623 Terra
738 575 936 624 faciunt.
1014 574 1149 624 Sicut
1197 575 1324 623 enim
1362 585 1508 634 supra
1548 585 1606 620 ex
1645 583 1730 630 e0,
1785 571 1917 633 quod
1953 572 2180 634 planetae
2219 572 2325 621 Soli

77 648 525 710 appropinquantes
571 647 775 696 celerius
824 647 1179 710 provehuntur,
1230 645 1507 696 ratiocinati
1545 657 1734 702 summ,
1788 642 1953 692 Solem
1990 659 2076 707 per
2114 647 2327 708 speciem

76 722 151 768 sui
191 722 420 783 corporis,
458 719 507 767 id
547 725 622 768 est
658 721 708 767 in
745 722 985 769 rotatione
1024 721 1354 781 constitutum,
1396 719 1520 767 ciere
1561 718 1688 766 eirca
1725 729 1778 764 se
1803 715 2029 778 planetas
2056 718 2104 764 in
2132 717 2329 781 plagam

77 793 296 853 eandem,
335 794 406 841 sic
444 794 593 841 etiam
631 795 747 856 quia
774 793 1196 858 deprehendimus,
1234 792 1440 851 Lunam,
1485 786 1534 856 1)
1575 792 1757 852 quanto
1785 790 1944 851 magis
1968 792 2328 853 appropinquat

77 865 259 914 Telluri
313 869 428 929 (non
478 879 593 914 vero
642 865 800 928 Soli),
854 872 991 915 tanto
1041 867 1331 915 concitatius
1379 866 1506 913 circa
1553 861 1753 911 Terram
1798 859 2048 924 incedere,
2105 860 2155 929 2)
2195 870 2243 911 et
2281 866 2329 911 in

77 937 280 987 eandem
318 937 514 1001 quidem
551 938 763 1001 plagam,
803 940 851 986 in
880 951 1026 1001 quam
1053 938 1221 987 Tellus
1246 939 1374 986 circa
1399 950 1539 985 axem
1568 934 1795 995 volvitur,
1836 947 2026 984 summa
2062 936 2330 998 probabili-

74 1017 176 1059 tate
224 1010 362 1059 illnm
412 1017 599 1060 motum
637 1011 806 1060 Lunae
845 1026 906 1061 ex
942 1011 1036 1060 hac
1073 1011 1399 1059 turbinatione
1437 1008 1648 1058 Telluris
1687 1006 1963 1057 derivamus
2003 1006 2150 1071 idque
2187 1013 2321 1058 tanto

74 1084 247 1147 magis,
287 1084 419 1147 quod
459 1082 511 1149 3)
549 1085 696 1132 etiam
734 1084 828 1133 hoc
863 1083 1137 1147 respondet,
1178 1089 1231 1132 ut
1268 1085 1394 1132 sicut
1417 1082 1546 1131 Solis
1586 1082 1838 1130 conversio
1865 1081 1994 1130 eirea
2018 1096 2162 1130 suum
2188 1096 2331 1130 axem

73 1157 269 1205 brevior
319 1164 390 1206 est
427 1156 628 1221 periodo
668 1156 896 1206 Mercurii
934 1157 1246 1216 brevissima,
1299 1157 1370 1205 sic
1409 1157 1556 1204 etiam
1595 1154 1745 1204 Terra
1783 1155 1945 1203 tricies
1985 1153 2082 1203 fere
2122 1169 2329 1204 conver-

75 1234 220 1290 tatur,
261 1229 415 1279 donec
451 1229 642 1278 Lunam
679 1229 830 1278 semel
868 1231 1107 1278 restituat.
1171 1228 1296 1278 Nam
1332 1230 1375 1277 si
1401 1228 1542 1276 Luna
1566 1227 1814 1276 Tellurem
1850 1231 2191 1288 anteverteret,
2231 1242 2327 1276 non

74 1317 192 1350 sane
229 1307 396 1366 posset
431 1303 538 1365 ejus
576 1309 738 1351 motus
789 1318 818 1350 a
856 1301 1107 1351 volutione
1145 1301 1355 1351 Telluris
1394 1315 1515 1351 esse.
1593 1298 1645 1364 4)
1687 1300 2010 1349 Confirmatur
2048 1315 2164 1350 vero
2203 1300 2325 1350 fides

74 1374 221 1437 hujus
257 1377 326 1423 rei
367 1377 729 1439 comparatione
768 1381 976 1438 quatuor
1013 1374 1286 1424 Jovialium
1325 1380 1372 1423 et
1411 1373 1554 1423 Jovis
1593 1387 1704 1422 cum
1741 1387 1828 1422 sex
1864 1372 2075 1436 planetis
2114 1379 2162 1423 et
2197 1373 2328 1426 Sole.

74 1448 179 1496 Etsi
217 1449 347 1498 enim
385 1447 445 1497 de
483 1462 683 1511 corpore
719 1447 891 1510 Jovis,
943 1463 1008 1498 an
1045 1454 1094 1497 et
1130 1450 1290 1511 ipsum
1328 1447 1455 1496 circa
1493 1461 1635 1495 suum
1673 1461 1815 1495 axem
1855 1451 2188 1508 convertatur,
2230 1461 2327 1496 non

76 1535 135 1570 ea
174 1519 467 1570 documenta
503 1521 769 1581 habemus,
822 1536 949 1585 quae
987 1522 1129 1570 nobis
1167 1525 1435 1584 suppetunt
1470 1521 1519 1568 in
1558 1519 1840 1583 corporibus
1879 1519 2059 1570 Terrae
2098 1527 2146 1570 et
2181 1535 2327 1584 prae-

77 1594 217 1657 cipue
255 1593 413 1654 solis,
455 1596 635 1657 quippe
674 1609 706 1643 a
743 1609 886 1643 sensu
927 1596 1066 1658 ipso:
1115 1599 1166 1643 at
1201 1593 1322 1642 illud
1359 1607 1532 1643 sensus
1569 1598 1787 1655 testatur,
1827 1592 1973 1656 plane
2012 1599 2067 1642 ut
2105 1599 2180 1643 est
2218 1608 2328 1643 cum

77 1681 162 1716 sex
211 1666 422 1730 planetis
472 1669 601 1717 cirea
639 1666 827 1728 Solem,
879 1668 950 1717 sic
999 1669 1146 1716 etiam
1184 1681 1236 1716 se
1275 1682 1376 1716 rem
1416 1666 1597 1715 habere
1636 1680 1744 1715 cum
1784 1671 1993 1729 quatuor
2029 1665 2341 1728 Jovialibus,

75 1745 130 1789 nt
167 1740 298 1788 circa
336 1754 511 1804 corpus
547 1739 694 1789 Jovis
733 1739 953 1803 quilibet,
993 1754 1091 1803 quo
1129 1739 1324 1802 longius
1364 1739 1427 1788 ab
1467 1739 1551 1788 illo
1589 1745 1752 1803 potest
1789 1753 2055 1800 excurrere,
2095 1739 2189 1789 hoc
2226 1745 2329 1788 tar-

77 1811 186 1861 dius
223 1811 406 1874 redeat,
446 1820 496 1863 et
531 1813 579 1861 id
621 1812 817 1876 quidem
844 1814 1157 1877 proportione
1182 1827 1279 1860 non
1307 1811 1493 1873 eadem,
1533 1811 1620 1862 sed
1648 1812 1846 1876 majore,
1886 1812 1980 1860 hoc
2006 1818 2081 1861 est
2106 1812 2332 1877 sescupla

74 1887 403 1949 proportionis
452 1885 815 1953 intervallorum
868 1887 1106 1949 cujusque
1155 1901 1185 1934 a
1222 1885 1381 1935 Jove:
1434 1899 1561 1948 quae
1609 1885 1756 1948 plane
1794 1886 2043 1948 ipsissima
2080 1890 2178 1947 est,
2232 1899 2330 1948 qua

75 1958 337 2007 utebantur
383 1973 529 2022 supra
580 1974 667 2008 sex
719 1958 963 2021 planetae.
1046 1958 1314 2008 Intervalla
1365 1961 1492 2008 enim
1546 1964 1755 2021 quatuor
1802 1957 2077 2008 Jovialium
2124 1975 2155 2007 a
2199 1958 2330 2008 Jove

74 2030 235 2095 prodit
270 2031 458 2081 Marius
496 2034 546 2080 in
583 2046 673 2081 suo
712 2031 899 2081 Mundo
937 2031 1125 2082 Joviali
1165 2034 1286 2080 ista:
1346 2033 1393 2092 3,
1437 2035 1483 2093 5,
1528 2033 1579 2097 8,
1623 2033 1684 2080 13
1730 2031 1831 2096 (vel
1876 2033 1940 2080 14
1980 2030 2230 2094 Galilaeo)
2271 2045 2329 2080 ac

67 2099 117 2152 'si
156 2104 358 2154 orbiculi
397 2105 590 2154 illorum
626 2106 1114 2169 interstinguerentur
1168 2104 1322 2153 tribus
1359 2104 1528 2166 figuris
1565 2102 1852 2164 rhombicis,
1909 2101 1957 2169 1)
1993 2104 2199 2153 rhombo
2239 2102 2329 2154 do-

77 2176 315 2227 decaiidro
352 2179 477 2228 inter
512 2179 724 2239 intimoS,
766 2192 970 2241 quorum
1010 2177 1267 2227 intervalla
1306 2176 1352 2237 3,
1397 2179 1456 2238 ὃς
1498 2178 1553 2238 2)
1584 2177 1796 2227 ‘rhombo
1823 2177 2182 2226 triacontae'dro
2208 2179 2331 2226 inter

73 2249 277 2309 medios,
318 2251 364 2312 5,
407 2252 437 2299 8
464 2257 513 2300 et
539 2251 593 2314 3)
631 2252 773 2310 cub0,
812 2266 910 2300 non
935 2267 1050 2302 vere
1077 2251 1343 2310 rhombicO,
1383 2249 1469 2299 sed
1495 2251 1731 2314 principio
1760 2249 1972 2314 quodam
1999 2250 2324 2309 rhomborum,

77 2324 200 2372 inter
236 2329 476 2373 extremos
518 2325 577 2381 8,
635 2326 697 2372 13
738 2321 836 2390 (vel
880 2322 979 2390 14).
1055 2323 1312 2374 PeriodIca
1350 2337 1466 2372 vero
1511 2329 1731 2386 tempora
1780 2324 1942 2387 prodit
1978 2322 2107 2373 idem
2145 2324 2331 2373 Marius

77 2397 196 2445 ista:
250 2394 354 2446 dies
397 2401 441 2448 1.
480 2395 527 2445 h.
573 2393 730 2463 18¹l2,
772 2396 875 2446 dies
916 2399 965 2447 3.
1004 2397 1052 2446 h.
1099 2393 1264 2467 1373,
1306 2395 1408 2445 dies
1452 2399 1496 2445 7.
1538 2395 1585 2446 h.
1627 2398 1684 2458 3,
1725 2396 1828 2447 dies
1876 2398 1955 2445 16.
1995 2396 2041 2445 h.
2086 2398 2177 2445 18:
2218 2398 2332 2446 ubi-

4 2460 9 2534 ¹}
81 2483 176 2533 qne
208 2471 459 2532 proportio
498 2475 572 2518 est
609 2469 768 2533 major
806 2484 954 2533 quam
994 2469 1167 2534 dupla,
1219 2469 1377 2531 major
1414 2470 1564 2532 igitur
1601 2483 1748 2532 quam
1788 2469 2154 2519 intervallorum
2195 2472 2242 2531 3,
2285 2471 2331 2530 5,

6 2539 11 2562 ¹
80 2543 127 2600 8,
172 2544 234 2589 13
275 2541 356 2591 vel
400 2544 490 2602 14,
542 2544 699 2590 minor
748 2548 912 2591 tamen
951 2558 1098 2606 quam
1136 2542 1504 2606 quadratorum,
1558 2544 1640 2605 qui
1691 2543 1942 2606 duplicant
1989 2545 2328 2607 proportiones

11 2679 12 2682 Ἴ
81 2615 461 2675 intervallorum,
499 2629 570 2664 sc.
615 2617 661 2675 9,
704 2615 787 2674 25,
831 2617 913 2676 64,
958 2618 1059 2666 169
1099 2615 1179 2666 vel
1223 2617 1339 2676 196,
1379 2617 1506 2665 sicut
1545 2617 1691 2664 etiam
1729 2615 1956 2679 sescupla
1994 2622 2108 2664 sunt
2144 2616 2332 2678 majora

10 2691 15 2749 ξ
78 2687 281 2750 simplis,
319 2689 509 2736 minora
546 2701 663 2738 vero
703 2686 881 2751 duplis.
922 2692 980 2745 (v.
1011 2706 1042 2736 s.
1073 2706 1116 2746 p.
1152 2694 1236 2741 67.)

14 2822 17 2828 ⁵
221 2759 343 2810 Cnm
395 2763 561 2822 itaque
613 2765 715 2808 tam
761 2767 962 2810 exactus
1001 2761 1064 2809 sit
1103 2773 1368 2809 consensus
1407 2759 1680 2810 Jovialium
1720 2775 1827 2810 eum
1867 2762 1987 2824 ipsis
2026 2773 2112 2809 sex
2150 2761 2333 2824 prima-

77 2833 184 2882 riis:
224 2848 321 2883 non
359 2840 549 2882 tantum
588 2832 701 2881 hinc
736 2839 867 2882 recte
905 2848 1054 2896 supra
1092 2833 1405 2895 conjecimus,
1444 2835 1592 2883 etiarn
1626 2833 1772 2883 Jovis
1813 2844 1987 2897 corpus
2029 2835 2157 2882 circa
2192 2848 2333 2882 suum

77 2920 216 2956 uem
254 2907 376 2956 verti
428 2905 492 2954 ad
540 2903 816 2968 exemplum
852 2906 1008 2967 Solis,
1067 2913 1119 2955 ut
1171 2912 1358 2955 constet
1407 2906 1636 2970 analogia
1688 2907 1911 2955 omnibus
1951 2907 2052 2955 suis
2090 2907 2333 2968 membris,

18 2975 23 3029 'f
78 2977 164 3029 sed
199 2978 279 3027 hic
311 2979 416 3041 jam
455 2980 653 3041 insuper
691 2979 837 3027 etiam
876 2979 970 3028 hoe
1007 2981 1056 3026 in
1091 2993 1269 3042 genere
1296 2979 1635 3028 confirmamus
1659 2979 1792 3028 haud
1823 2981 2001 3042 inepte,
2040 2980 2333 3029 rotationem

19 3054 22 3063 '
78 3049 202 3101 banc
238 3052 574 3116 primariorum
625 3052 751 3100 circa
801 3065 917 3100 suos
966 3065 1083 3101 axes
1122 3066 1319 3102 causam
1359 3066 1466 3101 esse
1506 3053 1734 3102 circuitus
1771 3051 2170 3102 secundariorum
2208 3054 2336 3102 circa

22 3131 25 3185 ᾗ
78 3137 191 3173 snos
227 3126 510 3188 primarios:
553 3123 601 3172 id
641 3120 692 3188 5)
730 3129 865 3172 tanto
904 3122 1222 3187 probabilius,
1265 3124 1396 3187 quod
1434 3124 1673 3184 videmus,
1713 3126 1785 3173 uti
1811 3123 1896 3174 Sol
1935 3124 2090 3188 major
2125 3130 2199 3175 est
2225 3140 2333 3175 om-

13 3191 24 3198 ’
78 3195 217 3246 nibus
251 3197 475 3261 planetis,
516 3211 640 3260 quos
678 3197 782 3259 ipse
822 3203 1001 3258 movet,
1041 3197 1113 3246 sic
1149 3198 1297 3245 etiam
1336 3197 1534 3246 Terram
1565 3197 1705 3245 Luna
1743 3211 1849 3259 sua,
1888 3197 2068 3247 Jovem
2107 3199 2208 3247 suis
2248 3214 2332 3248 sa-

25 3266 28 3273 ’
80 3266 311 3319 tellitibns
351 3286 459 3320 esse
499 3269 652 3318 multo
691 3268 901 3330 majores
941 3283 1097 3332 eoque
1137 3271 1528 3331 nomine-aeque
1567 3284 1626 3319 ac
1649 3268 1814 3319 Solem
1852 3280 1994 3334 aptos
2033 3270 2096 3321 ad
2123 3286 2330 3321 moven-

0 3356 30 3382 ν
81 3339 206 3390 dum.
280 3342 519 3406 Reliquae
568 3340 1012 3392 verisimilitudines
1067 3355 1253 3389 rursum
1307 3341 1496 3390 Lunam
1546 3343 1769 3392 attinent.
1855 3343 1980 3392 Nam
2033 3341 2083 3409 6)
2121 3352 2332 3407 cognata

31 3459 32 3462 ,
82 3428 187 3463 esse
225 3430 429 3479 corpora
465 3416 634 3466 Lunae
674 3421 723 3464 et
761 3414 970 3474 Terrae,
1021 3413 1186 3463 docuit
1223 3427 1312 3462 nos
1351 3413 1701 3477 telescopium,
1740 3415 1871 3479 quod
1913 3417 2091 3466 indicia
2127 3418 2244 3467 facit
2282 3420 2330 3466 in

84 3484 220 3536 Luna
254 3491 491 3537 montium
529 3496 577 3538 et
614 3489 833 3547 marium,
876 3486 1041 3549 qualia
1078 3492 1190 3535 sunt
1228 3487 1275 3533 in
1316 3493 1480 3535 nostro
1521 3487 1697 3538 Terrae
1735 3487 1900 3551 glob0.
1977 3490 2329 3553 Cognationem

34 3584 36 3596 ι
81 3555 204 3607 lianc
239 3563 441 3623 agnovit
477 3563 623 3611 etiam
651 3559 952 3620 Aristoteles,
994 3559 1216 3609 defensor
1254 3558 1378 3607 alias
1417 3559 1615 3623 quintae
1652 3562 1895 3611 coelorum
1925 3565 2165 3614 essentiae
2191 3578 2330 3613 acer-

36 3637 38 3651 ²
82 3631 243 3693 rimus,
281 3635 379 3695 qui,
419 3635 652 3683 referente
682 3635 912 3692 Averroe‚
955 3632 1144 3680 Lunam
1185 3631 1306 3679 dixit
1332 3631 1484 3682 videri
1510 3633 1710 3683 Terram
1749 3636 1993 3698 quandam
2033 3636 2327 3686 aetheream.

40 3764 41 3770 ¹
82 3700 242 3752 Taceo
279 3703 592 3755 Plutarchum
632 3714 681 3755 et
717 3704 1038 3770 philosophos
1077 3711 1262 3753 eeteros
1300 3704 1430 3768 apud
1470 3705 1790 3759 Macrobium.

224 3774 641 3836 Quemadmodum
680 3780 855 3842 igitur,
899 3784 951 3825 ut
989 3791 1188 3840 magnes
1227 3782 1500 3839 magnetem
1539 3786 1624 3828 aut
1662 3781 1836 3829 serrum
1876 3781 2059 3841 trahat,
2100 3782 2327 3843 cognatio

41 3843 45 3910 ἲ
84 3859 333 3909 corporum
373 3850 543 3915 efficit,
594 3853 664 3900 sic
716 3853 862 3902 etiam
903 3850 960 3902 de
999 3850 1139 3900 Luna
1178 3864 1273 3899 non
1314 3856 1386 3904 est
1424 3851 1731 3914 incredibile,
1786 3860 1839 3902 ut
1879 3854 1964 3903 illa
2003 3858 2259 3904 moveatur
2297 3869 2327 3906 a
