2554 4140
883 128 1022 175 Liber
1049 128 1239 175 Primus.
1280 116 1392 173 Pars
1422 127 1584 174 Prima.
2265 130 2365 179 133

1027 274 1113 319 Vel
1142 271 1395 330 multiplica
1423 271 1571 316 sinum
1605 271 1760 327 anguli
1790 271 1902 316 ABC
2049 273 2266 348 9999917.

1102 332 1148 376 in
1176 342 1432 376 mensuram
1463 335 1617 375 notam
1646 329 1793 386 ipsius
1824 329 1902 374 BC
2225 331 2251 371 5

1737 403 1927 447 Factum
1930 389 2367 446 —W

1129 461 1277 508 divide
1305 474 1389 520 per
1418 460 1565 507 sinum
1595 461 1750 519 anguli
1779 462 1910 507 BAC·
2003 463 2166 504 55268

1970 523 2199 563 497412.
2342 522 2367 560 9

277 595 500 652 Quotiens
532 595 617 641 904
649 608 750 639 cum
782 595 924 641 37313
954 593 1188 651 particulis
1219 593 1272 638 do
1303 603 1393 638 uno
1416 590 1559 637 diviso
1589 592 1634 636 in
1668 593 1812 638 5526ss
2031 597 2163 636 2583.
2194 595 2249 635 85
2311 595 2369 634 04

102 667 172 706 est.
201 659 434 716 longitudo
464 659 610 704 lineae
641 660 740 716 AG,
785 659 1021 716 oppositae
1052 657 1215 714 angulo
1247 658 1377 702 ABC.
1439 656 1562 712 Ergo
1603 656 1808 702 semidia-
2036 653 2163 693 2210.
2197 655 2252 693 72

101 735 242 773 meter
271 727 438 787 'l‘errae
476 740 503 770 a
544 733 699 772 centro
740 741 884 784 usque
922 727 980 772 ad
1010 738 1156 771 arcem
1198 730 1319 770 esset
1347 724 1433 771 904
1464 723 1623 769 talium
1653 723 1812 768 millia-
1882 720 1889 730 ‘
2017 720 2022 726 '
2063 727 2161 767 373.
2196 728 2251 770 ,13

101 794 214 840 rium
246 791 626 837 Germanicorum.

939 870 1115 915 Pariter
1145 869 1398 926 multiplica
1428 868 1574 914 sinum
1605 867 1758 924 anguli
1788 868 1904 913 ACB
2024 871 2180 912 99999.
2213 872 2268 911 89

1060 928 1106 971 in
1137 927 1325 971 eandem
1355 940 1613 972 mensuram
1644 932 1797 970 notam
1829 926 1903 970 BC

1743 986 1957 1039 Factum?
1990 987 2181 1027 499999
2211 987 2266 1027 45

1132 1042 1280 1087 divide
1309 1055 1392 1100 per
1424 1043 1569 1087 sinum
1606 1042 1759 1100 anguli
1789 1042 1904 1088 BAC
2024 1040 2168 1085 55268

1804 1139 1809 1141 .
1992 1104 2165 1143 497412
2345 1107 2370 1145 9

274 1164 494 1220 Quotiens
535 1164 619 1209 904
667 1176 767 1207 cum
814 1161 957 1207 37673
995 1159 1230 1217 particulis
1277 1159 1409 1204 unius
1459 1165 1529 1203 est
1579 1159 1816 1215 longitudo
1931 1162 2371 1220 ἮΜ

103 1232 247 1276 lineae
279 1233 376 1286 AB,
420 1229 657 1285 oppositae
698 1227 863 1283 angulo
895 1225 1033 1281 BCA,
1077 1231 1238 1280 estque
1275 1223 1607 1268 semidiameter
1638 1226 1818 1276 Terrae,
2053 1238 2180 1278 2210,
2215 1238 2269 1277 72

102 1298 159 1342 ab
190 1297 289 1353 ejus
322 1301 478 1341 centro
502 1307 648 1351 usque
678 1295 724 1338 in
755 1293 967 1338 verticem
996 1290 1177 1336 montis
1221 1290 1283 1334 Et
1315 1288 1380 1334 sic
1409 1303 1538 1334 mons
1568 1289 1655 1335 iste
1687 1293 1819 1335 attol-
1936 1295 2367 1352 w-**-·3‚7-s‡7*3—‘

103 1365 275 1408 leretur
297 1364 382 1408 360
405 1361 641 1435 particulis
673 1361 809 1405 unius
835 1360 970 1405 altius
1002 1371 1135 1416 quam
1165 1370 1260 1413 arx,
1295 1369 1411 1413 quae
1432 1361 1501 1402 est
1521 1355 1711 1402 altitudo
1741 1369 1817 1413 pe·

104 1429 209 1472 dum
244 1429 327 1473 130
356 1426 729 1483 geometricorum
761 1426 807 1470 in
837 1424 1174 1483 perpendiculo.

253 1518 407 1566 Estne
455 1519 563 1565 alia
611 1519 699 1566 via
748 1516 1026 1565 metiendae
1071 1515 1432 1563 semidiametri
1478 1513 1700 1561 Terrae?
1775 1512 1925 1561 Nulla
1974 1482 2242 1576 parabilior
2298 1522 2372 1564 est

113 1593 221 1649 ista,
261 1606 409 1653 quam
448 1605 576 1638 nunc
614 1589 807 1650 tradidi,
850 1597 903 1637 ut
940 1591 987 1636 in
1029 1603 1128 1651 qua
1164 1587 1286 1636 nihil
1325 1589 1602 1647 assumitur,
1644 1585 1776 1648 quod
1815 1600 1912 1634 non
1939 1602 2129 1650 semper
2167 1594 2215 1637 et
2255 1588 2368 1637 ubi-

107 1678 203 1726 que
241 1667 305 1712 sit
342 1665 557 1712 obvium.
634 1663 860 1711 Proxime
900 1668 1062 1710 tamen
1098 1661 1292 1710 accedit
1329 1660 1393 1708 ad
1416 1660 1553 1708 illam
1591 1658 1850 1708 methodus
1879 1659 2056 1722 Clavii,
2099 1675 2226 1723 quae
2264 1664 2372 1725 ipsa

104 1739 251 1786 ctiam
290 1738 484 1798 gemina
523 1743 624 1801 est3
666 1751 763 1783 una
801 1735 907 1798 ejus
943 1735 1099 1782 forma
1137 1735 1208 1781 sic
1246 1734 1412 1782 habet.

253 1809 327 1858 Sit
365 1812 413 1857 in
453 1809 594 1857 litore
633 1811 778 1856 maris
816 1808 1218 1871 promontorium.
1258 1807 1530 1855 altitudinis
1557 1778 1702 1868 super
1734 1806 1880 1854 maris
1905 1806 2209 1870 superficiem
2250 1823 2371 1871 cog-

107 1885 270 1942 nitae,
309 1884 358 1928 in
399 1882 539 1944 cujus
578 1884 761 1930 vertice
801 1888 898 1930 stet
934 1895 1142 1942 mensor,
1185 1879 1396 1942 dirigens
1436 1880 1567 1929 latus
1606 1893 1757 1926 unum
1795 1879 2080 1941 quadrantis
2123 1882 2171 1927 in
2209 1887 2369 1930 extre-

108 1970 214 2004 mas
253 1955 425 2015 undas,
466 1969 568 2017 qua
607 1955 745 2003 coelo
786 1954 1011 2003 videntur
1049 1955 1326 2021 contiguae,
1364 1958 1615 2015 notetque,
1658 1958 1894 2014 quantum
1920 1952 2155 2016 angulum
2191 1954 2373 2003 faciant

106 2028 505 2092 perpendiculum
561 2035 608 2076 et
656 2028 787 2076 linea
826 2029 988 2076 visiva
1040 2028 1090 2075 in
1129 2033 1370 2075 extremas
1409 2026 1564 2074 undas
1616 2030 1854 2087 porrecta.
1933 2024 2042 2088 Quo
2085 2033 2231 2091 pacto
2270 2028 2372 2075 for-

106 2109 267 2150 matur
304 2100 617 2164 triangulum,
661 2107 793 2150 recto
833 2100 1017 2163 angulo
1057 2099 1188 2162 apud
1228 2107 1467 2148 extremas
1495 2098 1666 2158 undae,
1709 2098 1848 2160 cujus
1893 2099 2115 2149 cathetus
2144 2106 2217 2149 est
2242 2101 2371 2150 linea

108 2176 285 2233 visiva‚
325 2175 476 2235 basis,
514 2173 648 2223 linea
686 2189 717 2222 a
756 2179 920 2223 centro
960 2172 1142 2221 Terrae
1180 2175 1229 2219 in
1269 2179 1510 2222 extremas
1537 2171 1709 2231 undas,
1749 2171 2060 2235 hypotenusa
2087 2187 2203 2222 vero
2242 2173 2372 2222 linea

108 2265 137 2297 a
180 2254 346 2297 centro
385 2247 564 2297 Terrae
603 2248 652 2294 in
692 2248 925 2296 verticem
962 2247 1281 2309 promontorii
1318 2248 1466 2308 inque
1508 2247 1681 2295 visum.
1759 2246 1882 2293 Cum
1922 2260 2038 2308 ergo
2085 2248 2134 2294 in
2185 2260 2371 2296 canone

109 2321 306 2369 sinuum
355 2321 583 2384 apposita
633 2321 697 2368 sit
742 2319 804 2369 ad
851 2333 1248 2382 unumquemque
1300 2319 1584 2382 quadrantis
1632 2317 1865 2381 angulum
1911 2322 2160 2382 proportio
2210 2319 2372 2385 hypo-

114 2401 315 2442 tenusae
354 2409 441 2442 seu
481 2395 693 2442 secantis
731 2393 793 2441 ad
833 2394 970 2442 basin
1010 2407 1096 2441 seu
1136 2391 1341 2452 radium,
1384 2405 1713 2454 excessusque
1751 2391 1882 2439 illius
1921 2406 2067 2455 super
2106 2392 2249 2454 hunc,
2292 2395 2370 2441 cui

110 2467 374 2530 respondet
412 2464 622 2515 altitudo
660 2468 887 2514 stationis
926 2479 1073 2528 super
1111 2465 1417 2528 superficiem
1454 2467 1632 2514 maris:
1672 2464 1815 2513 facile
1844 2472 1931 2526 est,
1970 2466 2100 2528 data¹
2125 2465 2217 2515 hac
2255 2466 2370 2514 alti-

108 2540 277 2589 tudine
329 2541 376 2587 in
429 2538 719 2588 milliaribus
769 2538 1099 2599 Germanicis,
1162 2538 1285 2587 radii
1338 2552 1534 2601 quoque
1585 2552 1670 2586 seu
1722 2537 2071 2588 semidiametri
2117 2553 2370 2588 numerum

105 2612 384 2662 milliarium
422 2613 734 2662 constituere.

270 2703 351 2749 Da
389 2704 653 2761 exemplum.
714 2702 782 2749 Sit
820 2702 1011 2748 altitudo
1051 2701 1348 2759 promontorii
1380 2701 1453 2746 CO
1493 2700 1684 2747 milliare
1723 2701 1845 2746 Itali·
2022 2727 2102 2767 mg·
2132 2725 2184 2760 15.

14 2788 33 2796 ,
99 2780 221 2824 curn,
253 2781 334 2814 seu
366 2767 591 2825 quadrans
623 2768 897 2825 Germanici,
938 2768 1087 2825 sitque
1121 2767 1158 2811 G
1190 2768 1453 2813 extremitas
1483 2768 1623 2813 maris
1657 2780 1713 2812 ex
1745 2767 1844 2811 alti·

57 2850 63 2855 ·
99 2833 307 2879 tudineG
329 2835 424 2888 visi,
456 2840 502 2879 et
530 2835 738 2880 inventus
770 2835 829 2880 sit
861 2835 1053 2892 angulus
1085 2834 1200 2879 GCO
1232 2835 1311 2880 88⁰
1342 2834 1426 2879 37¹.
1460 2834 1571 2879 Cum
1602 2846 1708 2888 ergo
1733 2832 1849 2878 CGA
1935 2831 1960 2868 C
2185 2876 2188 2877 γ
2276 2828 2311 2880 (ἑ

100 2900 159 2944 sit
187 2906 363 2952 rectus,
403 2894 572 2958 quippe
605 2899 679 2944 CG
710 2901 856 2956 tangit
886 2899 1169 2956 superficiem
1200 2899 1323 2955 globi
1354 2898 1433 2944 GO
1463 2898 1510 2942 in
1546 2899 1597 2954 G,
1631 2898 1710 2942 GA
1741 2910 1847 2942 vero

102 2964 283 3012 ducitur
327 2978 384 3009 ex
433 2970 643 3010 contactu
683 2964 723 3009 G
759 2964 806 3008 in
847 2970 1052 3010 centrum
1093 2967 1154 3021 A,
1199 2965 1283 3010 erit
1327 2966 1480 3021 itaque
1519 2964 1638 3018 GAC
1679 2964 1728 3007 1⁰
1762 2963 1848 3010 23‘.

101 3030 249 3087 Hujus
279 3028 383 3076 'vero
404 3030 558 3088 anguli
599 3029 885 3087 hypotenusa
915 3042 995 3075 seu
1029 3042 1188 3075 secans
1219 3029 1295 3075 AG
1328 3034 1398 3074 est
1427 3028 1614 3074 100029.
1662 3027 1709 3072 Si
1739 3041 1848 3086 ergo

101 3108 313 3141 excessus
347 3096 418 3141 CO
458 3109 595 3152 super
625 3095 798 3142 radium
831 3095 912 3141 OA
945 3095 1014 3140 vel
1044 3095 1139 3151 GA,
1172 3096 1248 3151 qui
1279 3107 1494 3140 excessus
1527 3099 1596 3140 est
1628 3094 1698 3147 29,
1729 3094 1850 3140 valet

101 3173 235 3206 unum
258 3160 550 3219 quadrantem
582 3160 785 3206 milliaris
806 3160 1078 3206 Germanici:
1113 3166 1210 3205 tota
1241 3160 1319 3205 GA
1353 3159 1422 3203 vel
1456 3159 1534 3204 OA
1566 3159 1735 3205 valebit
1763 3159 1850 3205 862

102 3225 317 3272 milliaria.

249 3303 469 3373 Explica
494 3306 646 3354 etiam
686 3304 900 3352 alteram
935 3303 1217 3351 OEave'anae
1257 3301 1583 3350 dimensionis
1605 3303 1847 3366 fovmmam

113 3362 263 3425 llaec
288 3377 444 3427 sonna
484 3391 580 3425 non
631 3391 753 3440 opus
801 3375 952 3424 habet
996 3389 1197 3424 ascensu
1247 3376 1293 3421 in
1341 3379 1577 3435 montem,
1628 3374 1715 3423 sed
1770 3389 1850 3423 re-

108 3450 254 3510 quirit
293 3466 378 3513 pro
428 3465 487 3499 co
528 3451 854 3512 cognitionem
895 3455 992 3497 tam
1031 3447 1301 3497 altitudinis
1342 3448 1518 3496 montis
1557 3446 1657 3508 CO,
1702 3462 1847 3510 quam

107 3518 364 3573 distantiac
404 3525 544 3572 navis
586 3523 630 3572 G
671 3541 700 3572 a
739 3529 903 3571 monte
944 3521 995 3569 C.
1070 3520 1193 3569 Nam
1246 3519 1393 3583 hujus
1432 3519 1518 3570 GC
1557 3519 1847 3583 quadratum

106 3591 313 3644 divisum
369 3612 454 3660 per
494 3595 578 3645 OC
635 3595 794 3660 prodit
854 3600 1005 3643 totam
1062 3592 1348 3642 diametrum
1404 3592 1538 3656 globi
1580 3597 1723 3658 aquei
1763 3610 1848 3659 pet

106 3662 190 3716 OC
227 3675 437 3719 auctam.

279 3756 341 3802 Ut
370 3756 409 3801 si
439 3758 515 3803 GC
547 3757 606 3803 sit
634 3758 682 3803 21
723 3755 930 3802 milliaria
968 3758 1015 3799 et
1038 3736 1126 3799 ‘CO
1165 3753 1392 3811 quadrans
1434 3753 1580 3801 unius.
1644 3755 1845 3812 Quadra·
2242 3770 2288 3810 Α

107 3826 199 3866 tum
239 3821 293 3866 de
325 3822 375 3869 21
411 3831 481 3870 est
509 3825 616 3882 441,
660 3825 782 3883 quod
821 3823 1011 3870 divisum
1041 3822 1087 3867 in
1120 3821 1216 3877 CO,
1258 3820 1550 3883 quadrantem
1583 3823 1843 3871 uniusmil·
2139 3818 2141 3821 ’
