2554 4140
826 127 967 172 Liber
997 127 1177 173 Sextus.
1235 126 1349 171 Pars
1384 123 1605 169 Secunda.
2230 119 2334 168 445

78 284 135 317 ex
164 272 320 317 eadem
348 272 482 329 plaga
510 257 725 328 respectu
757 273 984 329 sectionis,
1017 280 1063 317 et
1091 273 1137 316 in
1167 271 1326 316 iisdem
1357 269 1608 314 secantium
1638 267 1864 324 partibus,
1905 278 2023 322 quae
2054 266 2212 309 tenent
2239 275 2337 305 rur·

77 352 176 383 sum
207 338 407 383 ordinem
437 344 704 394 punctorum
736 344 828 383 tam
860 339 1034 384 orbitae
1064 339 1188 395 QIT,
1230 351 1365 394 quam
1405 337 1579 380 orbitae
1609 335 1708 378 HD.
1768 332 1932 377 Adhuc
1970 332 2110 389 igitur
2147 328 2338 374 visoriae

76 403 324 448 succedunt
349 403 408 448 in
446 404 677 458 signorum
708 405 1094 460 consequentiam.
1154 404 1216 448 At
1255 415 1360 446 vero
1402 415 1503 444 cum
1542 401 1682 444 sectio
1724 406 1793 444 est
1834 400 1952 443 ultra
1981 398 2212 454 planetam
2245 393 2340 438 Soli

76 469 355 526 oppositum,
388 481 548 512 versus
578 469 620 512 R
650 468 721 512 vel
752 469 806 521 Κ,
839 474 947 513 tuuc
978 483 1154 513 rursum
1188 467 1367 523 quidem
1414 465 1602 510 candem
1648 463 1861 509 sectionis
1905 468 2116 519 respectu
2158 461 2339 518 plagam

76 535 345 590 easdemque
377 539 603 577 sectarum
631 542 786 591 partes
819 535 921 590 TD,
963 535 1047 579 KG
1080 535 1303 588 obtinent,
1345 531 1486 575 Terra
1523 531 1569 574 in
1599 532 1663 581 D,
1705 530 1766 580 G,
1811 534 1856 573 et
1885 529 2069 586 planeta
2098 528 2145 572 in
2176 526 2237 582 T,
2279 523 2339 571 K*

74 601 136 644 At
166 599 272 655 quia
300 597 441 643 sectio
485 606 554 642 est
583 599 631 644 in
660 600 840 656 plagam
881 600 1091 656 planetae
1119 597 1216 642 Soli
1250 595 1470 653 oppositi,
1515 602 1808 652 opponuntur
1845 595 1994 651 igitur,
2038 595 2143 638 hinc
2174 593 2214 637 Ε
2247 589 2339 647 Sol,

27 678 30 681 ·
73 666 177 711 inde
207 665 347 709 sectio
378 677 536 709 versus
558 666 599 708 R
629 666 699 709 vel
716 667 772 723 N,
805 667 1157 723 interponuntur
1185 677 1291 707 vero
1321 661 1484 706 itinera
1514 675 1754 717 corporum
1774 662 1858 706 DG
1881 666 1926 704 et
1946 660 2028 704 ΙΚ.
2087 661 2203 705 Sunt
2233 670 2338 702 vero

75 732 245 776 directa
261 734 483 787 'respectu
515 731 633 776 Solis
664 732 718 788 E,
753 734 859 788 quia
889 733 1007 777 circa
1038 729 1188 775 Solem
1219 727 1481 775 flectuntur,
1528 731 1634 770 sunt
1662 727 1801 784 igitur
1831 728 2099 783 retrograda
2129 729 2340 780 respectu

73 797 323 842 sectionum
353 808 492 852 supra
512 797 565 850 R,
597 797 657 840 N.
714 798 858 854 Igitur
887 798 1127 842 visivarum
1149 795 1244 847 DT,
1278 793 1360 836 GK
1390 796 1546 849 partes
1575 792 1695 847 illae,
1727 805 1842 850 quae
1872 797 1977 837 sunt
2009 805 2146 848 supra
2178 789 2339 834 sectio·

74 874 171 918 nes,
205 866 340 905 erunt
369 867 416 904 et
442 861 568 917 ipsae
601 861 848 918 dispositae
888 870 1046 907 contra
1087 862 1315 917 signorum
1345 859 1566 915 ordinem3
1610 871 1749 915 quare
1781 870 1971 902 necesse
2003 862 2073 901 est
2109 856 2339 912 planetam

74 927 168 973 Soli
195 927 455 983 oppositum
483 926 624 972 videri
644 929 979 986 retrogradum.
1332 947 1333 952 ¹
1781 947 1783 950 ·

215 1003 358 1051 Hanc
396 1002 792 1065 inaequalitatem
830 1007 1093 1054 stationum
1143 1010 1192 1052 et
1230 1002 1698 1066 retrogradationum
1746 1000 2144 1066 absurdissimam
2196 1006 2338 1048 vetus

76 1078 373 1125 astronomia
410 1075 621 1138 planetis
660 1078 780 1139 ipsis
817 1077 1023 1140 singulis
1070 1079 1271 1126 seorsim
1309 1078 1478 1125 tribuit
1526 1088 1790 1137 eorumque
1831 1076 1960 1123 veris
1998 1074 2235 1136 motibUS,
2287 1080 2340 1122 ut

71 1149 324 1212 subjecti5‚
355 1150 521 1197 <inesse
560 1151 744 1197 statuit.

221 1221 360 1284 Quid
406 1223 632 1283 appellas
673 1228 875 1283 puncta
922 1222 1236 1271 stationum?
1308 1221 1497 1270 Puncta
1549 1220 1625 1270 vel
1666 1218 1859 1283 singula
1908 1218 2186 1282 eclipticae,
2246 1221 2337 1268 sub

74 1295 252 1358 quibus
289 1294 489 1357 planeta
527 1309 613 1357 per
649 1294 850 1357 aliquod
889 1302 1080 1358 tempus
1118 1296 1317 1344 haerere
1358 1294 1549 1345 videtur
1575 1294 1850 1353 immobilis,
1892 1293 1969 1340 vel
2011 1294 2124 1340 bina
2152 1294 2340 1342 orbitae

0 1398 1 1405 κ
72 1369 322 1431 planetae,
378 1374 465 1416 aut
505 1370 651 1416 etiam
692 1369 879 1417 orbitae
917 1368 1154 1429 Telluris,
1208 1382 1349 1416 arcus
1389 1367 1501 1415 illos
1539 1368 1875 1427 terminantia,
1926 1380 2010 1430 per
2050 1372 2173 1429 quos
2226 1366 2338 1414 dum

0 1454 1 1461 ¹
43 1439 305 1489 -incedunt
341 1440 544 1503 planeta
583 1445 630 1488 et
669 1440 860 1501 TelluS,
901 1457 1142 1504 apparens
1180 1442 1327 1490 statio
1367 1439 1521 1488 durat.

228 1513 363 1576 Quot
396 1519 745 1561 numerantur
782 1516 1026 1576 caiusque
1056 1515 1295 1576 planetae
1330 1513 1605 1562 stationes?
1678 1513 1846 1572 Duae,
1887 1526 1985 1560 una
2023 1518 2134 1560 ante
2175 1525 2337 1575 oppo-

71 1587 293 1635 sitionem
333 1601 442 1635 cum
480 1585 621 1647 Sole,
675 1600 801 1648 quae
839 1605 1117 1653 στηριγμος,
1166 1589 1315 1636 statio
1351 1588 1508 1649 prima
1546 1585 1742 1648 dicitur;
1792 1585 1945 1634 altera
1982 1591 2096 1648 post
2137 1587 2340 1649 opposi-

0 1683 3 1703 ι
70 1660 273 1720 tionem,
314 1658 527 1708 secunda
563 1658 886 1709 denominata.
1475 1660 1487 1665 ”
1791 1710 1795 1714 Α

0 1730 5 1803 ζ
232 1732 350 1796 Qua
394 1747 449 1779 re
495 1732 828 1794 desiynantur
873 1739 1068 1796 puncta
1116 1730 1396 1782 stationum
1444 1733 1536 1781 sub
1589 1731 1851 1794 ecliptica?
1925 1730 2131 1779 Duabus
2183 1730 2340 1791 lineiS,

0 1826 6 1886 3
74 1804 277 1861 duorum
315 1807 644 1868 proximorum
685 1805 867 1854 dierum
909 1807 1096 1867 visiviS,
1135 1808 1260 1855 inter
1296 1821 1348 1855 se
1386 1805 1634 1868 parallelis
1674 1820 1829 1868 usque
1868 1806 1958 1853 sub
1985 1803 2105 1852 fixas
2139 1803 2340 1852 eductis,

0 1890 5 1950 ι’
225 1878 487 1942 Quomodo
520 1885 735 1939 possunt
767 1878 878 1940 fieri
906 1881 1219 1940 parallelae,
1271 1882 1315 1927 si
1362 1880 1542 1928 diurni
1589 1894 1739 1927 arcus
1790 1880 2178 1927 eccentricorum
2225 1879 2342 1939 pla-

53 1956 214 2000 -netae
250 1957 298 1999 et
342 1950 554 1999 Telluris
588 1957 707 1999 sunt
744 1952 1074 2014 inaequales?
1147 1951 1342 2014 Quanto
1395 1952 1551 2013 major
1588 1958 1660 2000 est
1711 1967 1851 2001 arcus
1891 1951 2090 1999 diurnus
2129 1950 2341 1999 Telluris

6 2083 7 2086 Ἴ
48 2023 404 2081 ,arcadiumo
453 2023 703 2088 planetae,
756 2030 892 2073 tanto
945 2025 1191 2088 obliquius
1241 2025 1401 2074 lineae
1453 2026 1644 2074 visivae
1695 2025 2087 2074 secaredebent
2134 2024 2341 2073 orbitam

6 2092 8 2105 '
72 2095 296 2147 Telluris.
1658 2094 1659 2097 ’

72 2328 301 2378 magnum
338 2315 402 2364 ab
439 2322 650 2378 utroque
687 2316 866 2378 latere3
917 2324 1126 2381 puncta,
1175 2320 1222 2364 in
1263 2318 1453 2380 quibus
1479 2317 1630 2366 Terra
1668 2319 1932 2366 constituta
1969 2317 2216 2381 planetam
2255 2317 2342 2365 illo

71 2390 323 2437 eccentrici
349 2388 459 2437 loco
485 2395 759 2437 versantem
785 2395 1121 2453 repraesentat
1140 2393 1494 2451 stationarium,
1534 2392 1775 2454 recipiunt
1799 2405 1850 2439 se
1881 2391 2006 2440 intra
2034 2396 2343 2439 contactuum

10 2484 13 2492 ⁴
68 2469 248 2526 puncta
285 2475 457 2510 versus
494 2461 772 2525 planetam3
811 2462 1084 2534 plurimum.
1108 2464 1156 2510 in
1185 2463 1358 2525 Marte,
1396 2464 1648 2512 minimum
1686 2466 1735 2511 in
1771 2463 1996 2526 Saturno,
2037 2462 2346 2513 mediocriter

10 2534 36 2579 ἐκ
69 2535 119 2582 in
155 2533 302 2583 Jove,
1711 2559 1713 2562 ⁴
1806 2577 1810 2586 .

12 2618 14 2621 ’
211 2617 274 2663 Ut
302 2618 341 2661 si
372 2621 616 2672 quaeratur
645 2616 701 2661 de
730 2617 832 2662 loco
864 2617 1105 2663 eccentrici
1134 2617 1346 2674 planetae
1378 2618 1431 2675 S,
1465 2631 1522 2662 ex
1552 2618 1631 2663 illo
1666 2617 1858 2663 eductae
1889 2621 2062 2673 rectae,
2103 2620 2342 2674 tangentes

14 2712 16 2725 ,
69 2681 220 2727 orbem
250 2694 463 2737 magnum
494 2682 580 2738 SB,
614 2681 703 2736 SC,
744 2687 796 2725 ut
826 2681 918 2727 sint
946 2683 1005 2739 B,
1047 2683 1081 2728 G
1110 2688 1291 2739 puncta·
1314 2688 1604 2728 contactuum
1672 2689 1841 2741 puncta
1874 2683 2119 2728 stationum
2151 2681 2343 2726 duarum

14 2751 15 2754 ’
71 2754 179 2793 sunt
206 2749 255 2792 in
284 2761 394 2792 arcu
423 2747 499 2792 BC
528 2747 743 2803 propiora
772 2748 986 2804 planetae
1015 2748 1062 2792 in
1095 2748 1149 2805 S,
1181 2761 1315 2804 quam
1343 2749 1446 2806 ipsa
1477 2750 1538 2807 B,
1579 2722 1627 2795 Of

10 2883 11 2889 ¹
226 2825 388 2887 Quem
427 2824 652 2887 appellas
689 2838 867 2872 arcum
905 2824 1396 2887 retroyradationis?
1476 2828 1518 2873 l.
1560 2825 1654 2875 Vel
1695 2839 1856 2875 arcum
1897 2824 2175 2889 eclipticae,
2208 2838 2344 2874 com-

9 2895 18 2991 ἱ.
72 2897 360 2961 prehensum
401 2898 524 2944 inter
562 2895 683 2943 duas
723 2898 910 2944 vicinas
948 2897 1175 2960 planetae
1202 2899 1436 2946 stationes
1463 2905 1767 2963 apparentes,
1811 2902 1858 2947 2.
1898 2897 1978 2947 vel
2017 2912 2180 2946 arcum
2209 2899 2338 2948 orbis

10 2994 14 3032 i
76 2971 256 3033 magni,
308 2967 710 3033 comprehensum
756 2970 879 3017 inter
915 2969 1031 3018 bina
1068 2968 1410 3034 parallelarum
1450 2973 1614 3035 paria,
1668 2973 1906 3021 stationes
1953 2969 2339 3021 determinantia.

10 3038 15 3090 ἶ
80 3043 127 3094 3.
168 3042 345 3091 Posset
385 3043 530 3089 etiam
579 3039 637 3088 de
676 3054 788 3088 arcu
838 3044 1088 3091 eccentn‘ci
1131 3042 1355 3106 planetae
1394 3047 1642 3109 usurpari,
1697 3059 1838 3106 quem
1888 3043 2086 3107 planeta
2134 3043 2344 3094 decurrit

11 3098 16 3184 Ι
85 3115 149 3164 ab
197 3129 295 3162 una
346 3115 557 3161 statione
610 3111 672 3161 ad
720 3115 987 3176 proximam
1039 3120 1089 3164 et
1136 3115 1263 3164 hunc
1310 3115 1479 3164 eadem
1531 3118 1645 3165 bina
1683 3116 2024 3180 parallelarum
2079 3119 2216 3181 paria
2255 3118 2343 3168 de·-

3 3215 16 3243 ,ι
75 3189 348 3235 terminant.

14 3250 17 3326 f
227 3259 371 3322 Quae
405 3258 509 3320 fuit
544 3259 720 3320 opinio
760 3264 981 3307 veterum
1020 3259 1080 3307 de
1117 3262 1294 3316 causis,
1336 3275 1428 3307 cur
1449 3260 1577 3321 fiant
1598 3260 1833 3323 planetae
1858 3263 2162 3324 stationarii,
2202 3266 2342 3326 quis-

15 3342 18 3361 *
82 3333 270 3393 quein
320 3330 571 3391 peculiari
619 3331 933 3391 elonyatione
980 3345 1015 3379 a
1054 3332 1206 3381 Sole?
1282 3329 1507 3392 VetereS,
1559 3346 1681 3395 quos
1725 3335 1848 3383 inter
1887 3333 2178 3398 Apollonius
2218 3336 2340 3387 Per-

16 3378 21 3451 Ι
86 3417 238 3463 gneus
289 3410 338 3450 et
387 3415 471 3451 eos
523 3410 718 3451 secutus
756 3403 1087 3463 Ptolemaeus,
1141 3417 1313 3451 causas
1363 3403 1607 3452 deducunt
1654 3420 1714 3455 ex
1764 3409 2070 3472 proportione
2119 3415 2338 3458 motuum

18 3494 20 3525 3
83 3474 283 3539 epicycli
323 3472 384 3521 ad
424 3476 764 3536 eccentricum3
805 3475 888 3523 sed
929 3475 1275 3535 magnitudinis
1299 3476 1639 3540 epicyclorum,
1683 3486 1994 3544 praepostero
2031 3482 2198 3531 ordine
2237 3484 2340 3530 sin-

18 3567 23 3606 3
88 3546 216 3608 gulis
255 3545 531 3604 attributae.
570 3561 831 3609 corumque
859 3557 1074 3596 motuum
1102 3550 1426 3612 proportionis
1467 3564 1641 3599 causas
1667 3551 1822 3602 dicere
1860 3567 1953 3602 non
1982 3552 2341 3619 potuerunt.⁷³)

19 3621 23 3659 ἒ
89 3619 246 3666 bacini
286 3617 585 3683 philosophi,
636 3620 1005 3669 mathematicas
1046 3620 1325 3684 disciplinas
1373 3622 1569 3685 insuper
1612 3624 1867 3687 habentes,
1911 3629 2024 3675 ·vim
2062 3627 2339 3677 rotat-dandi

21 3703 25 3770 i
85 3700 244 3738 motus
282 3691 580 3753 planetarum
619 3702 666 3741 et
705 3692 848 3756 plane
888 3693 1135 3741 inhibendi
1176 3693 1481 3743 contulerunt
1517 3696 1565 3743 in
1615 3704 1840 3762 aspectus
1868 3699 2012 3761 Solis,
2056 3707 2102 3749 et
2129 3701 2338 3749 Saturno

22 3779 25 3816 ς
88 3763 309 3810 dixerunt
347 3777 517 3812 nocere
557 3765 843 3826 quadratum
884 3765 1037 3823 Solis,
1077 3765 1195 3813 ‚lovi
1235 3769 1425 3827 trinum,
1465 3767 1611 3818 Marti
1653 3770 1838 3834 aliquid
1880 3773 2116 3837 amplius;
2169 3773 2337 3834 ignari,

23 3824 28 3899 ζ
89 3843 313 3899 aspectus
350 3835 464 3896 hos,
501 3838 571 3885 uti
609 3837 803 3899 quidem
843 3838 943 3887 fieri
982 3844 1188 3902 possunt
1226 3838 1445 3890 efficaces
1483 3842 1530 3889 in
1571 3841 1693 3893 haec
1730 3844 1973 3907 inferiora,
2029 3860 2135 3894 esse
2175 3847 2338 3909 potius

9 2385 12 2418 l

222 2168 484 2234 Quomodo
523 2170 933 2219 determinantur
970 2173 1168 2219 eminus
1200 2177 1400 2232 puncta
1435 2171 1573 2219 orbis
1610 2164 1806 2232 mayni,
1858 2172 2094 2219 stationes
2129 2185 2341 2232 reprae-
2430 2213 2435 2225 ,

8 2258 10 2304 ξ
70 2242 360 2292 tentantia?
423 2242 605 2291 Ductis
642 2245 787 2292 rectis
826 2259 885 2293 ex
909 2243 1139 2308 planetae
1166 2243 1386 2306 quolibet
1410 2243 1518 2292 loco
1552 2249 1795 2308 suscepto,
1837 2244 2150 2307 tangentibus
2178 2244 2342 2292 orbem
2420 2247 2427 2252 “
