<?xml version="1.0" encoding="UTF-8"?>
<!DOCTYPE html PUBLIC "-//W3C//DTD XHTML 1.0 Transitional//EN"
    "http://www.w3.org/TR/xhtml1/DTD/xhtml1-transitional.dtd">
<html xmlns="http://www.w3.org/1999/xhtml" xml:lang="en" lang="en">
 <head>
  <title>
</title>
<meta http-equiv="Content-Type" content="text/html;charset=utf-8" />
  <meta name='ocr-system' content='tesseract 3.04.00' />
  <meta name='ocr-capabilities' content='ocr_page ocr_carea ocr_par ocr_line ocrx_word'/>
</head>
<body>
  <div class='ocr_page' id='page_1' title='image "./operaomniaedidit06kepluoft_0571.png"; bbox 0 0 2554 4140; ppageno 0'>
   <div class='ocr_carea' id='block_1_1' title="bbox 792 130 2352 191">
    <p class='ocr_par' dir='ltr' id='par_1_1' title="bbox 792 130 2352 191">
     <span class='ocr_line' id='line_1_1' title="bbox 792 130 2352 191; baseline 0.004 -14"><span class='ocrx_word' id='word_1_1' title='bbox 792 133 1024 191; x_wconf 88' lang='lat' dir='ltr'>Excerpta</span> <span class='ocrx_word' id='word_1_2' title='bbox 1054 146 1111 179; x_wconf 89' lang='lat' dir='ltr'>ex</span> <span class='ocrx_word' id='word_1_3' title='bbox 1141 131 1328 178; x_wconf 82' lang='lat' dir='ltr'><strong>Tabulis</strong></span> <span class='ocrx_word' id='word_1_4' title='bbox 1352 130 1668 189; x_wconf 85' lang='lat' dir='ltr'>Rudolphinis.</span> <span class='ocrx_word' id='word_1_5' title='bbox 2250 133 2352 184; x_wconf 81' lang='lat'>557</span> 
     </span>
    </p>
   </div>
   <div class='ocr_carea' id='block_1_2' title="bbox 89 273 2360 731">
    <p class='ocr_par' dir='ltr' id='par_1_2' title="bbox 89 273 2359 599">
     <span class='ocr_line' id='line_1_2' title="bbox 91 273 2349 339; baseline -0.004 -11"><span class='ocrx_word' id='word_1_6' title='bbox 91 281 375 339; x_wconf 88' lang='lat' dir='ltr'>Uraniburgo</span> <span class='ocrx_word' id='word_1_7' title='bbox 407 281 597 326; x_wconf 86' lang='lat' dir='ltr'><strong>Romam</strong></span> <span class='ocrx_word' id='word_1_8' title='bbox 627 291 772 336; x_wconf 86' lang='lat' dir='ltr'>usque</span> <span class='ocrx_word' id='word_1_9' title='bbox 804 280 1070 337; x_wconf 88' lang='lat' dir='ltr'>perduxisse</span> <span class='ocrx_word' id='word_1_10' title='bbox 1099 279 1302 325; x_wconf 81' lang='lat' dir='ltr'>feliciter.</span> <span class='ocrx_word' id='word_1_11' title='bbox 1364 278 1606 323; x_wconf 88' lang='lat' dir='ltr'>Mirabitur</span> <span class='ocrx_word' id='word_1_12' title='bbox 1637 277 1730 323; x_wconf 90' lang='lat' dir='ltr'>scio</span> <span class='ocrx_word' id='word_1_13' title='bbox 1761 274 2065 334; x_wconf 83' lang='lat' dir='ltr'>geographiae</span> <span class='ocrx_word' id='word_1_14' title='bbox 2102 273 2349 332; x_wconf 88' lang='lat' dir='ltr'>studiosus,</span> 
     </span>
     <span class='ocr_line' id='line_1_3' title="bbox 92 341 2356 403; baseline -0.004 -11"><span class='ocrx_word' id='word_1_15' title='bbox 92 348 180 392; x_wconf 90' lang='lat' dir='ltr'>hac</span> <span class='ocrx_word' id='word_1_16' title='bbox 225 348 400 391; x_wconf 89' lang='lat' dir='ltr'>ratione</span> <span class='ocrx_word' id='word_1_17' title='bbox 428 346 655 391; x_wconf 88' lang='lat' dir='ltr'>Venetum</span> <span class='ocrx_word' id='word_1_18' title='bbox 697 345 795 390; x_wconf 90' lang='lat' dir='ltr'>fieri</span> <span class='ocrx_word' id='word_1_19' title='bbox 826 347 997 403; x_wconf 85' lang='lat' dir='ltr'>Romae</span> <span class='ocrx_word' id='word_1_20' title='bbox 1028 346 1356 391; x_wconf 86' lang='lat' dir='ltr'>occidentalem</span> <span class='ocrx_word' id='word_1_21' title='bbox 1386 343 1588 389; x_wconf 90' lang='lat' dir='ltr'>nonnihil</span> <span class='ocrx_word' id='word_1_22' title='bbox 1629 349 1673 388; x_wconf 91' lang='lat' dir='ltr'>et</span> <span class='ocrx_word' id='word_1_23' title='bbox 1703 347 1937 388; x_wconf 85' lang='lat' dir='ltr'><strong>Anconam</strong></span> <span class='ocrx_word' id='word_1_24' title='bbox 1967 341 2141 386; x_wconf 91' lang='lat' dir='ltr'>Villaco</span> <span class='ocrx_word' id='word_1_25' title='bbox 2172 341 2356 398; x_wconf 90' lang='lat' dir='ltr'>propin-</span> 
     </span>
     <span class='ocr_line' id='line_1_4' title="bbox 89 406 2356 470; baseline -0.003 -13"><span class='ocrx_word' id='word_1_26' title='bbox 89 425 250 470; x_wconf 87' lang='lat' dir='ltr'>quare:</span> <span class='ocrx_word' id='word_1_27' title='bbox 281 417 328 455; x_wconf 87' lang='lat' dir='ltr'>at</span> <span class='ocrx_word' id='word_1_28' title='bbox 361 410 534 456; x_wconf 84' lang='lat' dir='ltr'>desinet</span> <span class='ocrx_word' id='word_1_29' title='bbox 551 410 716 467; x_wconf 89' lang='lat' dir='ltr'>mirari,</span> <span class='ocrx_word' id='word_1_30' title='bbox 749 411 786 455; x_wconf 91' lang='lat' dir='ltr'>si</span> <span class='ocrx_word' id='word_1_31' title='bbox 818 412 1060 458; x_wconf 87' lang='lat' dir='ltr'>contulerit</span> <span class='ocrx_word' id='word_1_32' title='bbox 1079 425 1268 468; x_wconf 85' lang='lat' dir='ltr'><strong>mappas</strong></span> <span class='ocrx_word' id='word_1_33' title='bbox 1294 410 1539 470; x_wconf 83' lang='lat' dir='ltr'>Hondiiet</span> <span class='ocrx_word' id='word_1_34' title='bbox 1570 408 1790 464; x_wconf 85' lang='lat' dir='ltr'>Jansonii,</span> <span class='ocrx_word' id='word_1_35' title='bbox 1823 407 1901 464; x_wconf 90' lang='lat' dir='ltr'>qui</span> <span class='ocrx_word' id='word_1_36' title='bbox 1926 408 2023 464; x_wconf 85' lang='lat' dir='ltr'>jam</span> <span class='ocrx_word' id='word_1_37' title='bbox 2047 407 2217 452; x_wconf 90' lang='lat' dir='ltr'>dudum</span> <span class='ocrx_word' id='word_1_38' title='bbox 2237 406 2356 451; x_wconf 89' lang='lat' dir='ltr'>hanc</span> 
     </span>
     <span class='ocr_line' id='line_1_5' title="bbox 93 473 2359 537; baseline -0.003 -13"><span class='ocrx_word' id='word_1_39' title='bbox 93 476 563 537; x_wconf 26' lang='lat' dir='ltr'>propinquitatemxex</span> <span class='ocrx_word' id='word_1_40' title='bbox 592 477 919 534; x_wconf 84' lang='lat' dir='ltr'>parte·potiori</span> <span class='ocrx_word' id='word_1_41' title='bbox 949 482 1365 534; x_wconf 82' lang='lat' dir='ltr'>repraesentarunt.</span> <span class='ocrx_word' id='word_1_42' title='bbox 1427 477 1494 519; x_wconf 91' lang='lat' dir='ltr'>Ac</span> <span class='ocrx_word' id='word_1_43' title='bbox 1524 475 1657 531; x_wconf 89' lang='lat' dir='ltr'>mihi,</span> <span class='ocrx_word' id='word_1_44' title='bbox 1691 477 1791 519; x_wconf 87' lang='lat' dir='ltr'>cum</span> <span class='ocrx_word' id='word_1_45' title='bbox 1822 474 2052 519; x_wconf 87' lang='lat' dir='ltr'>itineraria</span> <span class='ocrx_word' id='word_1_46' title='bbox 2082 473 2235 530; x_wconf 90' lang='lat' dir='ltr'>volvo,</span> <span class='ocrx_word' id='word_1_47' title='bbox 2266 486 2359 518; x_wconf 90' lang='lat' dir='ltr'>non</span> 
     </span>
     <span class='ocr_line' id='line_1_6' title="bbox 90 539 2038 599; baseline -0.003 -9"><span class='ocrx_word' id='word_1_48' title='bbox 90 541 206 590; x_wconf 80' lang='lat' dir='ltr'>male</span> <span class='ocrx_word' id='word_1_49' title='bbox 234 541 511 598; x_wconf 89' lang='lat' dir='ltr'>respondere</span> <span class='ocrx_word' id='word_1_50' title='bbox 541 541 723 585; x_wconf 87' lang='lat' dir='ltr'>videtur</span> <span class='ocrx_word' id='word_1_51' title='bbox 753 542 926 588; x_wconf 87' lang='lat' dir='ltr'>itineris</span> <span class='ocrx_word' id='word_1_52' title='bbox 957 542 1186 588; x_wconf 89' lang='lat' dir='ltr'>terrestris</span> <span class='ocrx_word' id='word_1_53' title='bbox 1215 542 1346 599; x_wconf 91' lang='lat' dir='ltr'>ratio,</span> <span class='ocrx_word' id='word_1_54' title='bbox 1378 540 1563 585; x_wconf 83' lang='lat' dir='ltr'>Patavio</span> <span class='ocrx_word' id='word_1_55' title='bbox 1594 541 1784 585; x_wconf 89' lang='lat' dir='ltr'><strong>Romam</strong></span> <span class='ocrx_word' id='word_1_56' title='bbox 1816 539 2038 585; x_wconf 88' lang='lat' dir='ltr'>ducentis.</span> 
     </span>
    </p>

    <p class='ocr_par' dir='ltr' id='par_1_3' title="bbox 92 606 2360 731">
     <span class='ocr_line' id='line_1_7' title="bbox 267 606 2358 665; baseline 0.001 -14"><span class='ocrx_word' id='word_1_57' title='bbox 267 606 370 651; x_wconf 81' lang='lat' dir='ltr'>Jam</span> <span class='ocrx_word' id='word_1_58' title='bbox 400 606 572 651; x_wconf 86' lang='lat' dir='ltr'>Romae</span> <span class='ocrx_word' id='word_1_59' title='bbox 603 611 647 650; x_wconf 89' lang='lat' dir='ltr'>et</span> <span class='ocrx_word' id='word_1_60' title='bbox 678 606 883 665; x_wconf 85' lang='lat' dir='ltr'>Lilybaei</span> <span class='ocrx_word' id='word_1_61' title='bbox 926 608 1222 652; x_wconf 87' lang='lat' dir='ltr'>meridianum</span> <span class='ocrx_word' id='word_1_62' title='bbox 1264 606 1455 652; x_wconf 91' lang='lat' dir='ltr'>eundem</span> <span class='ocrx_word' id='word_1_63' title='bbox 1495 606 1816 661; x_wconf 67' lang='lat' dir='ltr'>esse‚.videor</span> <span class='ocrx_word' id='word_1_64' title='bbox 1862 610 1962 650; x_wconf 88' lang='lat' dir='ltr'>tuto</span> <span class='ocrx_word' id='word_1_65' title='bbox 2007 606 2189 651; x_wconf 88' lang='lat' dir='ltr'>credere</span> <span class='ocrx_word' id='word_1_66' title='bbox 2220 622 2358 665; x_wconf 85' lang='lat' dir='ltr'>posse</span> 
     </span>
     <span class='ocr_line' id='line_1_8' title="bbox 92 672 2360 731; baseline 0 -12"><span class='ocrx_word' id='word_1_67' title='bbox 92 674 258 720; x_wconf 87' lang='lat' dir='ltr'>chartis</span> <span class='ocrx_word' id='word_1_68' title='bbox 289 673 618 730; x_wconf 87' lang='lat' dir='ltr'>geographicis,</span> <span class='ocrx_word' id='word_1_69' title='bbox 650 687 750 723; x_wconf 92' lang='lat' dir='ltr'>cum</span> <span class='ocrx_word' id='word_1_70' title='bbox 781 674 999 731; x_wconf 87' lang='lat' dir='ltr'>trajectus</span> <span class='ocrx_word' id='word_1_71' title='bbox 1043 687 1100 717; x_wconf 92' lang='lat' dir='ltr'>ex</span> <span class='ocrx_word' id='word_1_72' title='bbox 1131 673 1365 718; x_wconf 91' lang='lat' dir='ltr'>Hostiensi</span> <span class='ocrx_word' id='word_1_73' title='bbox 1394 676 1528 731; x_wconf 89' lang='lat' dir='ltr'>portu</span> <span class='ocrx_word' id='word_1_74' title='bbox 1558 673 1831 716; x_wconf 90' lang='lat' dir='ltr'>Panormum</span> <span class='ocrx_word' id='word_1_75' title='bbox 1869 672 2007 716; x_wconf 91' lang='lat' dir='ltr'>nullis</span> <span class='ocrx_word' id='word_1_76' title='bbox 2046 673 2268 729; x_wconf 82' lang='lat' dir='ltr'>objicibus</span> <span class='ocrx_word' id='word_1_77' title='bbox 2301 675 2360 719; x_wconf 89' lang='lat' dir='ltr'>sit</span> 
     </span>
    </p>
   </div>
   <div class='ocr_carea' id='block_1_3' title="bbox 0 738 2373 864">
    <p class='ocr_par' dir='ltr' id='par_1_4' title="bbox 0 738 2373 864">
     <span class='ocr_line' id='line_1_9' title="bbox 27 738 2373 797; baseline 0 -13"><span class='ocrx_word' id='word_1_78' title='bbox 27 751 42 784; x_wconf 68' lang='grc' dir='ltr'>ἱ</span> <span class='ocrx_word' id='word_1_79' title='bbox 97 739 353 795; x_wconf 86' lang='lat' dir='ltr'>impeditus,</span> <span class='ocrx_word' id='word_1_80' title='bbox 384 753 485 783; x_wconf 89' lang='lat' dir='ltr'>cum</span> <span class='ocrx_word' id='word_1_81' title='bbox 515 752 632 795; x_wconf 92' lang='lat' dir='ltr'>pene</span> <span class='ocrx_word' id='word_1_82' title='bbox 663 740 953 796; x_wconf 83' lang='lat' dir='ltr'>quotidianae</span> <span class='ocrx_word' id='word_1_83' title='bbox 981 752 1122 783; x_wconf 89' lang='lat' dir='ltr'>naves</span> <span class='ocrx_word' id='word_1_84' title='bbox 1153 744 1259 784; x_wconf 91' lang='lat' dir='ltr'>eant</span> <span class='ocrx_word' id='word_1_85' title='bbox 1288 739 1490 792; x_wconf 84' lang='lat' dir='ltr'>Maltam,</span> <span class='ocrx_word' id='word_1_86' title='bbox 1538 738 1700 794; x_wconf 89' lang='lat' dir='ltr'>quibus</span> <span class='ocrx_word' id='word_1_87' title='bbox 1731 738 2099 783; x_wconf 91' lang='lat' dir='ltr'>circumeundum</span> <span class='ocrx_word' id='word_1_88' title='bbox 2130 745 2200 784; x_wconf 92' lang='lat' dir='ltr'>est</span> <span class='ocrx_word' id='word_1_89' title='bbox 2235 739 2373 797; x_wconf 89' lang='lat' dir='ltr'>Lily·.</span> 
     </span>
     <span class='ocr_line' id='line_1_10' title="bbox 0 801 2357 864; baseline -0.003 -10"><span class='ocrx_word' id='word_1_90' title='bbox 0 846 12 854; x_wconf 71' lang='grc'><strong>,</strong></span> <span class='ocrx_word' id='word_1_91' title='bbox 90 806 264 851; x_wconf 85' lang='lat' dir='ltr'>haeum.</span> <span class='ocrx_word' id='word_1_92' title='bbox 323 805 386 849; x_wconf 79' lang='lat' dir='ltr'>At</span> <span class='ocrx_word' id='word_1_93' title='bbox 414 819 520 850; x_wconf 88' lang='lat' dir='ltr'>vero</span> <span class='ocrx_word' id='word_1_94' title='bbox 559 805 684 850; x_wconf 90' lang='lat' dir='ltr'>sinus</span> <span class='ocrx_word' id='word_1_95' title='bbox 719 803 1086 861; x_wconf 87' lang='lat' dir='ltr'>Carthaginensis</span> <span class='ocrx_word' id='word_1_96' title='bbox 1130 803 1179 847; x_wconf 90' lang='grc'>111</span> <span class='ocrx_word' id='word_1_97' title='bbox 1209 803 1364 848; x_wconf 88' lang='lat' dir='ltr'>Africa</span> <span class='ocrx_word' id='word_1_98' title='bbox 1402 803 1619 864; x_wconf 68' lang='lat' dir='ltr'>orientale</span> <span class='ocrx_word' id='word_1_99' title='bbox 1664 801 2045 860; x_wconf 84' lang='lat' dir='ltr'>promontorium.</span> <span class='ocrx_word' id='word_1_100' title='bbox 2092 802 2213 859; x_wconf 87' lang='lat' dir='ltr'>quod</span> <span class='ocrx_word' id='word_1_101' title='bbox 2242 803 2357 847; x_wconf 91' lang='lat' dir='ltr'>Her-</span> 
     </span>
    </p>
   </div>
   <div class='ocr_carea' id='block_1_4' title="bbox 90 868 2362 1124">
    <p class='ocr_par' dir='ltr' id='par_1_5' title="bbox 90 868 2362 1124">
     <span class='ocr_line' id='line_1_11' title="bbox 90 868 2359 927; baseline -0 -12"><span class='ocrx_word' id='word_1_102' title='bbox 90 885 265 916; x_wconf 86' lang='lat' dir='ltr'>maeum</span> <span class='ocrx_word' id='word_1_103' title='bbox 295 870 529 916; x_wconf 88' lang='lat' dir='ltr'>dicebatur</span> <span class='ocrx_word' id='word_1_104' title='bbox 557 870 808 925; x_wconf 74' lang='lat' dir='ltr'>veteribus,</span> <span class='ocrx_word' id='word_1_105' title='bbox 854 871 967 914; x_wconf 89' lang='lat' dir='ltr'>adeo</span> <span class='ocrx_word' id='word_1_106' title='bbox 998 869 1300 927; x_wconf 89' lang='lat' dir='ltr'>propinquum</span> <span class='ocrx_word' id='word_1_107' title='bbox 1333 874 1403 914; x_wconf 90' lang='lat' dir='ltr'>est</span> <span class='ocrx_word' id='word_1_108' title='bbox 1432 869 1651 927; x_wconf 81' lang='lat' dir='ltr'>Lilybaeo</span> <span class='ocrx_word' id='word_1_109' title='bbox 1686 868 1886 922; x_wconf 84' lang='lat' dir='ltr'>Siciliae,</span> <span class='ocrx_word' id='word_1_110' title='bbox 1931 872 1983 912; x_wconf 90' lang='lat' dir='ltr'>ut</span> <span class='ocrx_word' id='word_1_111' title='bbox 2022 868 2127 912; x_wconf 91' lang='lat' dir='ltr'>olim</span> <span class='ocrx_word' id='word_1_112' title='bbox 2171 869 2359 926; x_wconf 85' lang='lat' dir='ltr'>lynceus</span> 
     </span>
     <span class='ocr_line' id='line_1_12' title="bbox 91 932 2361 995; baseline -0.002 -13"><span class='ocrx_word' id='word_1_113' title='bbox 91 938 290 995; x_wconf 87' lang='lat' dir='ltr'>quidam,</span> <span class='ocrx_word' id='word_1_114' title='bbox 337 938 597 994; x_wconf 85' lang='lat' dir='ltr'>speculatus</span> <span class='ocrx_word' id='word_1_115' title='bbox 623 950 687 987; x_wconf 89' lang='lat' dir='ltr'>ex</span> <span class='ocrx_word' id='word_1_116' title='bbox 719 932 843 994; x_wconf 78' lang='lat' dir='ltr'>jugis</span> <span class='ocrx_word' id='word_1_117' title='bbox 875 935 1091 993; x_wconf 82' lang='lat' dir='ltr'>Lilybaei,</span> <span class='ocrx_word' id='word_1_118' title='bbox 1121 935 1302 980; x_wconf 88' lang='lat' dir='ltr'>navium</span> <span class='ocrx_word' id='word_1_119' title='bbox 1333 948 1358 979; x_wconf 95' lang='lat' dir='ltr'>e</span> <span class='ocrx_word' id='word_1_120' title='bbox 1388 941 1523 992; x_wconf 90' lang='lat' dir='ltr'>portu</span> <span class='ocrx_word' id='word_1_121' title='bbox 1567 935 1646 979; x_wconf 92' lang='lat' dir='ltr'>illo</span> <span class='ocrx_word' id='word_1_122' title='bbox 1679 934 1950 980; x_wconf 89' lang='lat' dir='ltr'>solventium</span> <span class='ocrx_word' id='word_1_123' title='bbox 1989 947 2226 979; x_wconf 90' lang='lat' dir='ltr'>numerum</span> <span class='ocrx_word' id='word_1_124' title='bbox 2255 947 2361 991; x_wconf 90' lang='lat' dir='ltr'>pro-</span> 
     </span>
     <span class='ocr_line' id='line_1_13' title="bbox 94 999 2361 1059; baseline -0.002 -10"><span class='ocrx_word' id='word_1_125' title='bbox 94 1004 267 1049; x_wconf 83' lang='lat' dir='ltr'>diderit.</span> <span class='ocrx_word' id='word_1_126' title='bbox 326 1003 431 1048; x_wconf 89' lang='lat' dir='ltr'>Non</span> <span class='ocrx_word' id='word_1_127' title='bbox 478 1008 548 1046; x_wconf 91' lang='lat' dir='ltr'>est</span> <span class='ocrx_word' id='word_1_128' title='bbox 592 1002 731 1059; x_wconf 90' lang='lat' dir='ltr'>igitur</span> <span class='ocrx_word' id='word_1_129' title='bbox 771 1015 920 1058; x_wconf 88' lang='lat' dir='ltr'>neque</span> <span class='ocrx_word' id='word_1_130' title='bbox 970 1001 1253 1057; x_wconf 87' lang='lat' dir='ltr'>Carthaginis</span> <span class='ocrx_word' id='word_1_131' title='bbox 1299 1001 1573 1046; x_wconf 90' lang='lat' dir='ltr'>meridianus</span> <span class='ocrx_word' id='word_1_132' title='bbox 1617 1000 1809 1045; x_wconf 90' lang='lat' dir='ltr'>multum</span> <span class='ocrx_word' id='word_1_133' title='bbox 1848 999 2209 1055; x_wconf 81' lang='lat' dir='ltr'>-occidentalior3</span> <span class='ocrx_word' id='word_1_134' title='bbox 2261 1006 2361 1045; x_wconf 90' lang='lat' dir='ltr'>esto</span> 
     </span>
     <span class='ocr_line' id='line_1_14' title="bbox 93 1060 2362 1124; baseline -0.001 -9"><span class='ocrx_word' id='word_1_135' title='bbox 93 1068 301 1115; x_wconf 88' lang='lat' dir='ltr'>Hermaei</span> <span class='ocrx_word' id='word_1_136' title='bbox 330 1070 385 1124; x_wconf 83' lang='lat'>4¹,</span> <span class='ocrx_word' id='word_1_137' title='bbox 419 1068 701 1123; x_wconf 88' lang='lat' dir='ltr'>Carthaginis</span> <span class='ocrx_word' id='word_1_138' title='bbox 725 1069 784 1113; x_wconf 78' lang='lat'>9¹.</span> <span class='ocrx_word' id='word_1_139' title='bbox 827 1068 969 1112; x_wconf 87' lang='lat' dir='ltr'>Porro</span> <span class='ocrx_word' id='word_1_140' title='bbox 987 1060 1266 1123; x_wconf 71' lang='lat' dir='ltr'>⁴Carthagine</span> <span class='ocrx_word' id='word_1_141' title='bbox 1289 1067 1610 1113; x_wconf 88' lang='lat' dir='ltr'>Alexandriam</span> <span class='ocrx_word' id='word_1_142' title='bbox 1630 1066 1826 1124; x_wconf 86' lang='lat' dir='ltr'>Aegypti</span> <span class='ocrx_word' id='word_1_143' title='bbox 1849 1065 2013 1111; x_wconf 84' lang='lat' dir='ltr'>Strabo</span> <span class='ocrx_word' id='word_1_144' title='bbox 2045 1065 2122 1111; x_wconf 91' lang='lat' dir='ltr'>lib.</span> <span class='ocrx_word' id='word_1_145' title='bbox 2154 1068 2212 1111; x_wconf 91' lang='lat' dir='ltr'>II.</span> <span class='ocrx_word' id='word_1_146' title='bbox 2248 1069 2362 1113; x_wconf 86' lang='lat' dir='ltr'>Geo-</span> 
     </span>
    </p>
   </div>
   <div class='ocr_carea' id='block_1_5' title="bbox 26 1131 2358 1193">
    <p class='ocr_par' dir='ltr' id='par_1_6' title="bbox 26 1131 2358 1193">
     <span class='ocr_line' id='line_1_15' title="bbox 26 1131 2358 1193; baseline 0 -15"><span class='ocrx_word' id='word_1_147' title='bbox 26 1166 30 1171; x_wconf 48' lang='grc'><strong>,</strong></span> <span class='ocrx_word' id='word_1_148' title='bbox 92 1135 304 1193; x_wconf 84' lang='lat' dir='ltr'>graphiae</span> <span class='ocrx_word' id='word_1_149' title='bbox 348 1147 568 1178; x_wconf 89' lang='lat' dir='ltr'>summam</span> <span class='ocrx_word' id='word_1_150' title='bbox 602 1133 850 1178; x_wconf 86' lang='lat' dir='ltr'>stadiorum</span> <span class='ocrx_word' id='word_1_151' title='bbox 887 1139 1095 1178; x_wconf 89' lang='lat' dir='ltr'>numerat</span> <span class='ocrx_word' id='word_1_152' title='bbox 1126 1133 1344 1190; x_wconf 87' lang='lat' dir='ltr'>majorem</span> <span class='ocrx_word' id='word_1_153' title='bbox 1377 1147 1510 1190; x_wconf 89' lang='lat' dir='ltr'>quam</span> <span class='ocrx_word' id='word_1_154' title='bbox 1541 1133 1757 1178; x_wconf 85' lang='lat' dir='ltr'>tredecim</span> <span class='ocrx_word' id='word_1_155' title='bbox 1787 1131 1953 1187; x_wconf 86' lang='lat' dir='ltr'>millia,</span> <span class='ocrx_word' id='word_1_156' title='bbox 1997 1131 2112 1176; x_wconf 89' lang='lat' dir='ltr'>libro</span> <span class='ocrx_word' id='word_1_157' title='bbox 2144 1146 2251 1190; x_wconf 84' lang='lat' dir='ltr'>vero</span> <span class='ocrx_word' id='word_1_158' title='bbox 2280 1134 2358 1178; x_wconf 92' lang='lat' dir='ltr'>IV.</span> 
     </span>
    </p>
   </div>
   <div class='ocr_carea' id='block_1_6' title="bbox 93 1197 2364 1263">
    <p class='ocr_par' dir='ltr' id='par_1_7' title="bbox 93 1197 2364 1263">
     <span class='ocr_line' id='line_1_16' title="bbox 93 1197 2364 1263; baseline -0.001 -18"><span class='ocrx_word' id='word_1_159' title='bbox 93 1200 267 1246; x_wconf 85' lang='lat' dir='ltr'>milliari</span> <span class='ocrx_word' id='word_1_160' title='bbox 295 1200 448 1263; x_wconf 73' lang='lat' dir='ltr'>italico</span> <span class='ocrx_word' id='word_1_161' title='bbox 481 1199 560 1244; x_wconf 90' lang='lat' dir='ltr'>dat</span> <span class='ocrx_word' id='word_1_162' title='bbox 590 1199 738 1245; x_wconf 89' lang='lat' dir='ltr'>stadia</span> <span class='ocrx_word' id='word_1_163' title='bbox 770 1201 844 1254; x_wconf 82' lang='lat'>103</span> <span class='ocrx_word' id='word_1_164' title='bbox 889 1200 1147 1254; x_wconf 88' lang='lat' dir='ltr'>germanico</span> <span class='ocrx_word' id='word_1_165' title='bbox 1188 1199 1328 1258; x_wconf 86' lang='lat' dir='ltr'>igitur</span> <span class='ocrx_word' id='word_1_166' title='bbox 1358 1204 1622 1255; x_wconf 90' lang='lat' dir='ltr'>competunt</span> <span class='ocrx_word' id='word_1_167' title='bbox 1650 1198 1719 1245; x_wconf 80' lang='grc'>40.</span> <span class='ocrx_word' id='word_1_168' title='bbox 1779 1199 1967 1244; x_wconf 86' lang='grc'><strong>110600</strong></span> <span class='ocrx_word' id='word_1_169' title='bbox 2005 1197 2152 1242; x_wconf 88' lang='lat' dir='ltr'>stadia</span> <span class='ocrx_word' id='word_1_170' title='bbox 2189 1198 2364 1250; x_wconf 83' lang='lat' dir='ltr'>faciunt</span> 
     </span>
    </p>
   </div>
   <div class='ocr_carea' id='block_1_7' title="bbox 34 1262 2362 1325">
    <p class='ocr_par' dir='ltr' id='par_1_8' title="bbox 34 1262 2362 1325">
     <span class='ocr_line' id='line_1_17' title="bbox 34 1262 2362 1325; baseline 0 -17"><span class='ocrx_word' id='word_1_171' title='bbox 34 1262 277 1325; x_wconf 61' lang='lat' dir='ltr'>‘f-&#39;g‘radum</span> <span class='ocrx_word' id='word_1_172' title='bbox 309 1279 449 1309; x_wconf 92' lang='lat' dir='ltr'>unum</span> <span class='ocrx_word' id='word_1_173' title='bbox 480 1265 635 1309; x_wconf 92' lang='lat' dir='ltr'>circuli</span> <span class='ocrx_word' id='word_1_174' title='bbox 664 1264 828 1320; x_wconf 88' lang='lat' dir='ltr'>magni,</span> <span class='ocrx_word' id='word_1_175' title='bbox 860 1270 911 1308; x_wconf 92' lang='lat' dir='ltr'>ut</span> <span class='ocrx_word' id='word_1_176' title='bbox 935 1266 1104 1310; x_wconf 85' lang='lat' dir='ltr'>efficiat</span> <span class='ocrx_word' id='word_1_177' title='bbox 1132 1265 1210 1310; x_wconf 89' lang='lat' dir='ltr'>illa</span> <span class='ocrx_word' id='word_1_178' title='bbox 1242 1279 1416 1311; x_wconf 87' lang='lat' dir='ltr'>summa</span> <span class='ocrx_word' id='word_1_179' title='bbox 1446 1264 1694 1310; x_wconf 88' lang='lat' dir='ltr'>stadiorum</span> <span class='ocrx_word' id='word_1_180' title='bbox 1715 1264 1796 1308; x_wconf 80' lang='grc'>210</span> <span class='ocrx_word' id='word_1_181' title='bbox 1817 1263 1902 1321; x_wconf 80' lang='grc'><strong>40”,</strong></span> <span class='ocrx_word' id='word_1_182' title='bbox 1937 1277 2052 1321; x_wconf 86' lang='lat' dir='ltr'>quae</span> <span class='ocrx_word' id='word_1_183' title='bbox 2080 1278 2182 1308; x_wconf 91' lang='lat' dir='ltr'>cum</span> <span class='ocrx_word' id='word_1_184' title='bbox 2212 1265 2362 1309; x_wconf 92' lang='lat' dir='ltr'>altitu—</span> 
     </span>
    </p>
   </div>
   <div class='ocr_carea' id='block_1_8' title="bbox 93 1329 2418 1573">
    <p class='ocr_par' dir='ltr' id='par_1_9' title="bbox 93 1329 2418 1573">
     <span class='ocr_line' id='line_1_18' title="bbox 95 1329 2363 1388; baseline -0.001 -11"><span class='ocrx_word' id='word_1_185' title='bbox 95 1331 269 1377; x_wconf 85' lang='lat' dir='ltr'>dinibus</span> <span class='ocrx_word' id='word_1_186' title='bbox 299 1331 391 1388; x_wconf 88' lang='lat' dir='ltr'>poli</span> <span class='ocrx_word' id='word_1_187' title='bbox 419 1330 546 1374; x_wconf 93' lang='lat' dir='ltr'>borei</span> <span class='ocrx_word' id='word_1_188' title='bbox 593 1330 825 1375; x_wconf 88' lang='lat' dir='ltr'>subtendit</span> <span class='ocrx_word' id='word_1_189' title='bbox 870 1331 1084 1386; x_wconf 88' lang='lat' dir='ltr'>angulum</span> <span class='ocrx_word' id='word_1_190' title='bbox 1116 1332 1173 1376; x_wconf 89' lang='lat' dir='ltr'>ad</span> <span class='ocrx_word' id='word_1_191' title='bbox 1220 1332 1374 1388; x_wconf 87' lang='lat' dir='ltr'>polum</span> <span class='ocrx_word' id='word_1_192' title='bbox 1407 1333 1489 1377; x_wconf 76' lang='grc'>200</span> <span class='ocrx_word' id='word_1_193' title='bbox 1517 1330 1602 1375; x_wconf 82' lang='grc'><strong>28’.</strong></span> <span class='ocrx_word' id='word_1_194' title='bbox 1664 1329 1727 1374; x_wconf 90' lang='grc' dir='ltr'>Ε1</span> <span class='ocrx_word' id='word_1_195' title='bbox 1761 1329 1899 1374; x_wconf 83' lang='grc'><strong>1101101</strong></span> <span class='ocrx_word' id='word_1_196' title='bbox 1940 1329 2121 1386; x_wconf 89' lang='lat' dir='ltr'>quidem</span> <span class='ocrx_word' id='word_1_197' title='bbox 2165 1330 2363 1388; x_wconf 84' lang='lat' dir='ltr'>Geo&#39;gra-</span> 
     </span>
     <span class='ocr_line' id='line_1_19' title="bbox 93 1395 2363 1454; baseline -0.001 -12"><span class='ocrx_word' id='word_1_198' title='bbox 93 1397 200 1454; x_wconf 82' lang='lat' dir='ltr'>phia</span> <span class='ocrx_word' id='word_1_199' title='bbox 237 1396 488 1440; x_wconf 88' lang='lat' dir='ltr'>Ptolemaei</span> <span class='ocrx_word' id='word_1_200' title='bbox 528 1396 705 1439; x_wconf 87' lang='lat' dir='ltr'>omnino</span> <span class='ocrx_word' id='word_1_201' title='bbox 752 1396 833 1440; x_wconf 78' lang='lat'>25⁰</span> <span class='ocrx_word' id='word_1_202' title='bbox 874 1397 966 1448; x_wconf 74' lang='lat'>40¹,</span> <span class='ocrx_word' id='word_1_203' title='bbox 1017 1402 1070 1440; x_wconf 91' lang='lat' dir='ltr'>ut</span> <span class='ocrx_word' id='word_1_204' title='bbox 1113 1396 1299 1440; x_wconf 89' lang='lat' dir='ltr'>dubium</span> <span class='ocrx_word' id='word_1_205' title='bbox 1348 1411 1439 1441; x_wconf 91' lang='lat' dir='ltr'>non</span> <span class='ocrx_word' id='word_1_206' title='bbox 1479 1397 1562 1451; x_wconf 84' lang='lat' dir='ltr'>sit,</span> <span class='ocrx_word' id='word_1_207' title='bbox 1611 1395 1718 1451; x_wconf 89' lang='lat' dir='ltr'>quin</span> <span class='ocrx_word' id='word_1_208' title='bbox 1762 1396 2050 1452; x_wconf 87' lang='lat' dir='ltr'>geographus</span> <span class='ocrx_word' id='word_1_209' title='bbox 2095 1395 2363 1441; x_wconf 87' lang='lat' dir='ltr'>Alexandri-</span> 
     </span>
     <span class='ocr_line' id='line_1_20' title="bbox 93 1460 2363 1519; baseline 0 -12"><span class='ocrx_word' id='word_1_210' title='bbox 93 1473 179 1507; x_wconf 85' lang='lat' dir='ltr'>nus</span> <span class='ocrx_word' id='word_1_211' title='bbox 215 1461 621 1506; x_wconf 38' lang='lat' dir='ltr'>inaconstituendo</span> <span class='ocrx_word' id='word_1_212' title='bbox 672 1461 919 1506; x_wconf 90' lang='lat' dir='ltr'>meridiano</span> <span class='ocrx_word' id='word_1_213' title='bbox 965 1462 1247 1519; x_wconf 84' lang='lat' dir='ltr'>Carthaginis</span> <span class='ocrx_word' id='word_1_214' title='bbox 1291 1475 1348 1506; x_wconf 87' lang='lat' dir='ltr'>ex</span> <span class='ocrx_word' id='word_1_215' title='bbox 1388 1461 1694 1507; x_wconf 89' lang='lat' dir='ltr'>Alexandrino</span> <span class='ocrx_word' id='word_1_216' title='bbox 1736 1460 1822 1505; x_wconf 90' lang='lat' dir='ltr'>hac</span> <span class='ocrx_word' id='word_1_217' title='bbox 1862 1462 1965 1517; x_wconf 89' lang='lat' dir='ltr'>ipsa</span> <span class='ocrx_word' id='word_1_218' title='bbox 2010 1462 2254 1506; x_wconf 84' lang='lat' dir='ltr'>traditione</span> <span class='ocrx_word' id='word_1_219' title='bbox 2297 1463 2363 1507; x_wconf 91' lang='lat' dir='ltr'>in-</span> 
     </span>
     <span class='ocr_line' id='line_1_21' title="bbox 93 1526 2418 1573; baseline 0 0"><span class='ocrx_word' id='word_1_220' title='bbox 93 1526 270 1573; x_wconf 83' lang='lat' dir='ltr'>tervalli</span> <span class='ocrx_word' id='word_1_221' title='bbox 298 1526 515 1571; x_wconf 89' lang='lat' dir='ltr'>itinerarii</span> <span class='ocrx_word' id='word_1_222' title='bbox 546 1527 604 1570; x_wconf 90' lang='lat' dir='ltr'>sit</span> <span class='ocrx_word' id='word_1_223' title='bbox 634 1539 758 1570; x_wconf 91' lang='lat' dir='ltr'>usus.</span> <span class='ocrx_word' id='word_1_224' title='bbox 818 1527 1127 1570; x_wconf 87' lang='lat' dir='ltr'>Veruntamen</span> <span class='ocrx_word' id='word_1_225' title='bbox 1169 1527 1282 1571; x_wconf 88' lang='lat' dir='ltr'>alias</span> <span class='ocrx_word' id='word_1_226' title='bbox 1325 1532 1428 1572; x_wconf 88' lang='lat' dir='ltr'>octo</span> <span class='ocrx_word' id='word_1_227' title='bbox 1469 1528 1616 1572; x_wconf 83' lang='lat' dir='ltr'>stadia</span> <span class='ocrx_word' id='word_1_228' title='bbox 1655 1526 1828 1570; x_wconf 87' lang='lat' dir='ltr'>faciunt</span> <span class='ocrx_word' id='word_1_229' title='bbox 1867 1526 2073 1572; x_wconf 86' lang='lat' dir='ltr'>milliare.</span> <span class='ocrx_word' id='word_1_230' title='bbox 2134 1529 2206 1573; x_wconf 85' lang='lat' dir='ltr'>Ita</span> <span class='ocrx_word' id='word_1_231' title='bbox 2238 1529 2360 1573; x_wconf 88' lang='lat' dir='ltr'>colli·</span> <span class='ocrx_word' id='word_1_232' title='bbox 2401 1541 2418 1553; x_wconf 63' lang='lat'>²</span> 
     </span>
    </p>
   </div>
   <div class='ocr_carea' id='block_1_9' title="bbox 56 1592 2360 1650">
    <p class='ocr_par' dir='ltr' id='par_1_10' title="bbox 56 1592 2360 1650">
     <span class='ocr_line' id='line_1_22' title="bbox 56 1592 2360 1650; baseline 0.002 -13"><span class='ocrx_word' id='word_1_233' title='bbox 56 1620 62 1627; x_wconf 85' lang='lat'><strong>·</strong></span> <span class='ocrx_word' id='word_1_234' title='bbox 94 1599 275 1650; x_wconf 83' lang='lat' dir='ltr'>geretur</span> <span class='ocrx_word' id='word_1_235' title='bbox 306 1592 561 1637; x_wconf 88' lang='lat' dir='ltr'>differentia</span> <span class='ocrx_word' id='word_1_236' title='bbox 591 1592 939 1636; x_wconf 89' lang='lat' dir='ltr'>meridianorum</span> <span class='ocrx_word' id='word_1_237' title='bbox 973 1592 1258 1648; x_wconf 84' lang='lat' dir='ltr'>Carthaginis</span> <span class='ocrx_word' id='word_1_238' title='bbox 1288 1603 1334 1637; x_wconf 80' lang='lat' dir='ltr'>et</span> <span class='ocrx_word' id='word_1_239' title='bbox 1362 1593 1658 1638; x_wconf 87' lang='lat' dir='ltr'>Alexandrini</span> <span class='ocrx_word' id='word_1_240' title='bbox 1704 1597 1868 1649; x_wconf 86' lang='lat' dir='ltr'>quarta</span> <span class='ocrx_word' id='word_1_241' title='bbox 1899 1592 2078 1637; x_wconf 85' lang='lat' dir='ltr'>circiter</span> <span class='ocrx_word' id='word_1_242' title='bbox 2108 1601 2237 1650; x_wconf 81' lang='lat' dir='ltr'>parte</span> <span class='ocrx_word' id='word_1_243' title='bbox 2267 1610 2360 1640; x_wconf 90' lang='lat' dir='ltr'>ma-</span> 
     </span>
    </p>
   </div>
   <div class='ocr_carea' id='block_1_10' title="bbox 90 1656 2368 2045">
    <p class='ocr_par' dir='ltr' id='par_1_11' title="bbox 90 1656 2368 2045">
     <span class='ocr_line' id='line_1_23' title="bbox 90 1656 2363 1716; baseline 0.002 -14"><span class='ocrx_word' id='word_1_244' title='bbox 90 1659 176 1716; x_wconf 84' lang='lat' dir='ltr'>jor,</span> <span class='ocrx_word' id='word_1_245' title='bbox 206 1658 379 1703; x_wconf 88' lang='lat' dir='ltr'>scilicet</span> <span class='ocrx_word' id='word_1_246' title='bbox 407 1658 501 1704; x_wconf 87' lang='grc'><strong>320.</strong></span> <span class='ocrx_word' id='word_1_247' title='bbox 562 1658 763 1714; x_wconf 82' lang='lat' dir='ltr'>Expedit</span> <span class='ocrx_word' id='word_1_248' title='bbox 794 1658 932 1714; x_wconf 85' lang='lat' dir='ltr'>igitur</span> <span class='ocrx_word' id='word_1_249' title='bbox 972 1658 1106 1702; x_wconf 91' lang='lat' dir='ltr'>etiam</span> <span class='ocrx_word' id='word_1_250' title='bbox 1147 1658 1261 1702; x_wconf 89' lang='lat' dir='ltr'>alios</span> <span class='ocrx_word' id='word_1_251' title='bbox 1307 1664 1515 1703; x_wconf 87' lang='lat' dir='ltr'>auctores</span> <span class='ocrx_word' id='word_1_252' title='bbox 1548 1669 1699 1716; x_wconf 51' lang='lat' dir='ltr'>super*</span> <span class='ocrx_word' id='word_1_253' title='bbox 1723 1657 1810 1701; x_wconf 88' lang='lat' dir='ltr'>hoc</span> <span class='ocrx_word' id='word_1_254' title='bbox 1847 1656 2083 1707; x_wconf 82' lang='lat' dir='ltr'>intervallo</span> <span class='ocrx_word' id='word_1_255' title='bbox 2115 1662 2363 1711; x_wconf 88' lang='lat' dir='ltr'>consulere.</span> 
     </span>
     <span class='ocr_line' id='line_1_24' title="bbox 97 1723 2364 1781; baseline 0 -11"><span class='ocrx_word' id='word_1_256' title='bbox 97 1725 263 1770; x_wconf 86' lang='lat' dir='ltr'>Plinius</span> <span class='ocrx_word' id='word_1_257' title='bbox 294 1739 351 1769; x_wconf 87' lang='lat' dir='ltr'>ex</span> <span class='ocrx_word' id='word_1_258' title='bbox 381 1725 687 1770; x_wconf 87' lang='lat' dir='ltr'>Eratosthene</span> <span class='ocrx_word' id='word_1_259' title='bbox 720 1731 765 1769; x_wconf 87' lang='grc'>01</span> <span class='ocrx_word' id='word_1_260' title='bbox 794 1724 984 1781; x_wconf 91' lang='lat' dir='ltr'>Polybio</span> <span class='ocrx_word' id='word_1_261' title='bbox 1016 1724 1224 1768; x_wconf 89' lang='lat' dir='ltr'>milliaria</span> <span class='ocrx_word' id='word_1_262' title='bbox 1253 1730 1460 1769; x_wconf 90' lang='lat' dir='ltr'>numerat</span> <span class='ocrx_word' id='word_1_263' title='bbox 1491 1725 1620 1780; x_wconf 85' lang='grc'><strong>1629,</strong></span> <span class='ocrx_word' id='word_1_264' title='bbox 1660 1724 1759 1780; x_wconf 90' lang='lat' dir='ltr'>ipse</span> <span class='ocrx_word' id='word_1_265' title='bbox 1790 1723 2045 1768; x_wconf 88' lang='lat' dir='ltr'>accuratius</span> <span class='ocrx_word' id='word_1_266' title='bbox 2077 1738 2158 1781; x_wconf 84' lang='lat' dir='ltr'>per</span> <span class='ocrx_word' id='word_1_267' title='bbox 2199 1727 2364 1772; x_wconf 89' lang='lat' dir='ltr'>stativa</span> 
     </span>
     <span class='ocr_line' id='line_1_25' title="bbox 98 1789 2366 1848; baseline 0.001 -13"><span class='ocrx_word' id='word_1_268' title='bbox 98 1790 276 1848; x_wconf 84' lang='lat' dir='ltr'>singula</span> <span class='ocrx_word' id='word_1_269' title='bbox 307 1790 475 1846; x_wconf 87' lang='lat' dir='ltr'>colligit</span> <span class='ocrx_word' id='word_1_270' title='bbox 506 1791 633 1837; x_wconf 81' lang='lat'>1792.</span> <span class='ocrx_word' id='word_1_271' title='bbox 695 1789 838 1845; x_wconf 90' lang='lat' dir='ltr'>Atqui</span> <span class='ocrx_word' id='word_1_272' title='bbox 868 1791 925 1835; x_wconf 92' lang='lat' dir='ltr'>ob</span> <span class='ocrx_word' id='word_1_273' title='bbox 957 1803 1145 1846; x_wconf 89' lang='lat' dir='ltr'>magnos</span> <span class='ocrx_word' id='word_1_274' title='bbox 1181 1789 1373 1834; x_wconf 89' lang='lat' dir='ltr'>duarum</span> <span class='ocrx_word' id='word_1_275' title='bbox 1406 1791 1603 1848; x_wconf 85' lang='lat' dir='ltr'>Syrtium</span> <span class='ocrx_word' id='word_1_276' title='bbox 1646 1791 1814 1846; x_wconf 87' lang='lat' dir='ltr'>flexus,</span> <span class='ocrx_word' id='word_1_277' title='bbox 1854 1801 1945 1844; x_wconf 89' lang='lat' dir='ltr'>qua</span> <span class='ocrx_word' id='word_1_278' title='bbox 1975 1789 2146 1835; x_wconf 85' lang='lat' dir='ltr'>Plinius</span> <span class='ocrx_word' id='word_1_279' title='bbox 2180 1789 2366 1837; x_wconf 88' lang='lat' dir='ltr'>circum-</span> 
     </span>
     <span class='ocr_line' id='line_1_26' title="bbox 106 1845 2367 1916; baseline 0.002 -16"><span class='ocrx_word' id='word_1_280' title='bbox 106 1845 228 1900; x_wconf 70' lang='lat' dir='ltr'>ducit</span> <span class='ocrx_word' id='word_1_281' title='bbox 257 1856 616 1900; x_wconf 88' lang='lat' dir='ltr'>numerationem</span> <span class='ocrx_word' id='word_1_282' title='bbox 647 1868 796 1911; x_wconf 90' lang='lat' dir='ltr'>suam,</span> <span class='ocrx_word' id='word_1_283' title='bbox 843 1855 1113 1910; x_wconf 88' lang='lat' dir='ltr'>abjicienda.</span> <span class='ocrx_word' id='word_1_284' title='bbox 1131 1854 1215 1900; x_wconf 90' lang='lat' dir='ltr'>erit</span> <span class='ocrx_word' id='word_1_285' title='bbox 1253 1868 1360 1912; x_wconf 88' lang='lat' dir='ltr'>pars</span> <span class='ocrx_word' id='word_1_286' title='bbox 1393 1855 1572 1900; x_wconf 87' lang='lat' dir='ltr'>circiter</span> <span class='ocrx_word' id='word_1_287' title='bbox 1603 1859 1750 1900; x_wconf 87' lang='lat' dir='ltr'>sexta:</span> <span class='ocrx_word' id='word_1_288' title='bbox 1794 1855 1860 1916; x_wconf 78' lang='lat' dir='ltr'>ita</span> <span class='ocrx_word' id='word_1_289' title='bbox 1890 1857 2128 1901; x_wconf 84' lang='lat' dir='ltr'>restabunt</span> <span class='ocrx_word' id='word_1_290' title='bbox 2158 1858 2367 1904; x_wconf 85' lang='lat' dir='ltr'>milliaria</span> 
     </span>
     <span class='ocr_line' id='line_1_27' title="bbox 102 1914 2367 1974; baseline 0 -6"><span class='ocrx_word' id='word_1_291' title='bbox 102 1923 226 1974; x_wconf 76' lang='lat'>1500.</span> <span class='ocrx_word' id='word_1_292' title='bbox 287 1921 532 1966; x_wconf 85' lang='lat' dir='ltr'>Confirmat</span> <span class='ocrx_word' id='word_1_293' title='bbox 575 1921 694 1964; x_wconf 87' lang='lat' dir='ltr'>hanc</span> <span class='ocrx_word' id='word_1_294' title='bbox 741 1934 960 1965; x_wconf 87' lang='lat' dir='ltr'>summam</span> <span class='ocrx_word' id='word_1_295' title='bbox 1006 1922 1141 1967; x_wconf 89' lang='lat' dir='ltr'>etiam</span> <span class='ocrx_word' id='word_1_296' title='bbox 1187 1921 1467 1967; x_wconf 90' lang='lat' dir='ltr'>itinerarium</span> <span class='ocrx_word' id='word_1_297' title='bbox 1507 1922 1725 1967; x_wconf 90' lang='lat' dir='ltr'>Antonini</span> <span class='ocrx_word' id='word_1_298' title='bbox 1762 1914 2068 1967; x_wconf 83' lang='lat' dir='ltr'>mediocriter:</span> <span class='ocrx_word' id='word_1_299' title='bbox 2115 1924 2205 1969; x_wconf 89' lang='lat' dir='ltr'>hoc</span> <span class='ocrx_word' id='word_1_300' title='bbox 2248 1925 2367 1969; x_wconf 90' lang='lat' dir='ltr'>enim</span> 
     </span>
     <span class='ocr_line' id='line_1_28' title="bbox 103 1985 2368 2045; baseline 0.002 -14"><span class='ocrx_word' id='word_1_301' title='bbox 103 1985 371 2042; x_wconf 80' lang='lat' dir='ltr'>Carthagine</span> <span class='ocrx_word' id='word_1_302' title='bbox 401 1986 722 2031; x_wconf 85' lang='lat' dir='ltr'>Alexandriam</span> <span class='ocrx_word' id='word_1_303' title='bbox 752 1999 834 2042; x_wconf 89' lang='lat' dir='ltr'>per</span> <span class='ocrx_word' id='word_1_304' title='bbox 865 1987 1047 2031; x_wconf 88' lang='lat' dir='ltr'>Thenas</span> <span class='ocrx_word' id='word_1_305' title='bbox 1080 1992 1126 2031; x_wconf 91' lang='lat' dir='ltr'>et</span> <span class='ocrx_word' id='word_1_306' title='bbox 1155 1987 1320 2045; x_wconf 87' lang='lat' dir='ltr'>Leptin</span> <span class='ocrx_word' id='word_1_307' title='bbox 1351 2000 1559 2043; x_wconf 90' lang='lat' dir='ltr'>magnam</span> <span class='ocrx_word' id='word_1_308' title='bbox 1588 1994 1796 2032; x_wconf 87' lang='lat' dir='ltr'>numerat</span> <span class='ocrx_word' id='word_1_309' title='bbox 1831 1990 1956 2033; x_wconf 84' lang='lat'>1541.</span> <span class='ocrx_word' id='word_1_310' title='bbox 2019 1988 2067 2033; x_wconf 89' lang='lat' dir='ltr'>Si</span> <span class='ocrx_word' id='word_1_311' title='bbox 2096 1990 2257 2045; x_wconf 86' lang='lat' dir='ltr'>gradui</span> <span class='ocrx_word' id='word_1_312' title='bbox 2287 1990 2368 2036; x_wconf 88' lang='lat' dir='ltr'>des</span> 
     </span>
    </p>
   </div>
   <div class='ocr_carea' id='block_1_11' title="bbox 47 2051 2367 2111">
    <p class='ocr_par' dir='ltr' id='par_1_12' title="bbox 47 2051 2367 2111">
     <span class='ocr_line' id='line_1_29' title="bbox 47 2051 2367 2111; baseline 0.003 -15"><span class='ocrx_word' id='word_1_313' title='bbox 47 2082 49 2084; x_wconf 95' lang='lat'>-</span> <span class='ocrx_word' id='word_1_314' title='bbox 103 2051 308 2097; x_wconf 86' lang='lat' dir='ltr'>milliaria</span> <span class='ocrx_word' id='word_1_315' title='bbox 346 2052 500 2097; x_wconf 88' lang='lat' dir='ltr'>italica</span> <span class='ocrx_word' id='word_1_316' title='bbox 531 2053 600 2108; x_wconf 87' lang='grc'>60,</span> <span class='ocrx_word' id='word_1_317' title='bbox 633 2051 817 2108; x_wconf 80' lang='lat' dir='ltr'>colliges</span> <span class='ocrx_word' id='word_1_318' title='bbox 861 2055 931 2111; x_wconf 32' lang='lat'>25,</span> <span class='ocrx_word' id='word_1_319' title='bbox 950 2054 1118 2110; x_wconf 89' lang='lat' dir='ltr'>gradus</span> <span class='ocrx_word' id='word_1_320' title='bbox 1149 2054 1304 2098; x_wconf 90' lang='lat' dir='ltr'>circuli</span> <span class='ocrx_word' id='word_1_321' title='bbox 1334 2054 1498 2111; x_wconf 90' lang='lat' dir='ltr'>magni,</span> <span class='ocrx_word' id='word_1_322' title='bbox 1531 2056 1608 2111; x_wconf 91' lang='lat' dir='ltr'>qui</span> <span class='ocrx_word' id='word_1_323' title='bbox 1640 2055 1698 2099; x_wconf 89' lang='lat' dir='ltr'>ad</span> <span class='ocrx_word' id='word_1_324' title='bbox 1742 2053 1897 2110; x_wconf 87' lang='lat' dir='ltr'>polum</span> <span class='ocrx_word' id='word_1_325' title='bbox 1937 2055 2154 2110; x_wconf 87' lang='lat' dir='ltr'>angulum</span> <span class='ocrx_word' id='word_1_326' title='bbox 2184 2057 2367 2102; x_wconf 90' lang='lat' dir='ltr'>subten-</span> 
     </span>
    </p>
   </div>
   <div class='ocr_carea' id='block_1_12' title="bbox 98 2103 2366 2234">
    <p class='ocr_par' dir='ltr' id='par_1_13' title="bbox 98 2103 2366 2234">
     <span class='ocr_line' id='line_1_30' title="bbox 101 2103 2366 2178; baseline 0.003 -16"><span class='ocrx_word' id='word_1_327' title='bbox 101 2103 212 2162; x_wconf 81' lang='lat' dir='ltr'>dunt</span> <span class='ocrx_word' id='word_1_328' title='bbox 241 2119 320 2164; x_wconf 82' lang='lat'>29⁰</span> <span class='ocrx_word' id='word_1_329' title='bbox 349 2118 435 2174; x_wconf 71' lang='lat'>22⁴,</span> <span class='ocrx_word' id='word_1_330' title='bbox 483 2124 529 2163; x_wconf 92' lang='lat' dir='ltr'>et</span> <span class='ocrx_word' id='word_1_331' title='bbox 572 2118 647 2162; x_wconf 88' lang='lat' dir='ltr'>hic</span> <span class='ocrx_word' id='word_1_332' title='bbox 686 2119 806 2163; x_wconf 81' lang='lat' dir='ltr'>valet</span> <span class='ocrx_word' id='word_1_333' title='bbox 845 2119 980 2163; x_wconf 91' lang='lat' dir='ltr'>horas</span> <span class='ocrx_word' id='word_1_334' title='bbox 1027 2121 1063 2164; x_wconf 92' lang='lat'>1.</span> <span class='ocrx_word' id='word_1_335' title='bbox 1099 2120 1189 2173; x_wconf 77' lang='lat'>57‘3</span> <span class='ocrx_word' id='word_1_336' title='bbox 1238 2118 1358 2163; x_wconf 90' lang='lat' dir='ltr'>unde</span> <span class='ocrx_word' id='word_1_337' title='bbox 1390 2119 1543 2164; x_wconf 90' lang='lat' dir='ltr'>ablata</span> <span class='ocrx_word' id='word_1_338' title='bbox 1574 2120 1859 2176; x_wconf 81' lang='lat' dir='ltr'>Carthaginis</span> <span class='ocrx_word' id='word_1_339' title='bbox 1891 2121 1945 2174; x_wconf 87' lang='lat'>9‘,</span> <span class='ocrx_word' id='word_1_340' title='bbox 1978 2121 2243 2178; x_wconf 88' lang='lat' dir='ltr'>relinquunt</span> <span class='ocrx_word' id='word_1_341' title='bbox 2273 2124 2366 2168; x_wconf 88' lang='lat' dir='ltr'>Ro-</span> 
     </span>
     <span class='ocr_line' id='line_1_31' title="bbox 98 2183 2365 2234; baseline 0.003 -7"><span class='ocrx_word' id='word_1_342' title='bbox 98 2195 215 2227; x_wconf 83' lang='lat' dir='ltr'>mam</span> <span class='ocrx_word' id='word_1_343' title='bbox 242 2183 361 2228; x_wconf 92' lang='lat' dir='ltr'>inter</span> <span class='ocrx_word' id='word_1_344' title='bbox 391 2188 437 2227; x_wconf 91' lang='lat' dir='ltr'>et</span> <span class='ocrx_word' id='word_1_345' title='bbox 457 2183 779 2228; x_wconf 86' lang='lat' dir='ltr'>Alexandriam</span> <span class='ocrx_word' id='word_1_346' title='bbox 809 2184 851 2226; x_wconf 91' lang='lat' dir='ltr'>h.</span> <span class='ocrx_word' id='word_1_347' title='bbox 873 2185 908 2227; x_wconf 87' lang='lat'>1.</span> <span class='ocrx_word' id='word_1_348' title='bbox 928 2184 1017 2228; x_wconf 81' lang='lat'>48¹.</span> <span class='ocrx_word' id='word_1_349' title='bbox 1078 2185 1132 2229; x_wconf 92' lang='lat' dir='ltr'>In</span> <span class='ocrx_word' id='word_1_350' title='bbox 1165 2185 1506 2230; x_wconf 86' lang='lat' dir='ltr'>Commentariis</span> <span class='ocrx_word' id='word_1_351' title='bbox 1539 2185 1594 2229; x_wconf 90' lang='lat' dir='ltr'>de</span> <span class='ocrx_word' id='word_1_352' title='bbox 1625 2192 1752 2229; x_wconf 91' lang='lat' dir='ltr'>motu</span> <span class='ocrx_word' id='word_1_353' title='bbox 1770 2186 1931 2230; x_wconf 87' lang='lat' dir='ltr'>Martis</span> <span class='ocrx_word' id='word_1_354' title='bbox 1962 2200 2075 2231; x_wconf 90' lang='lat' dir='ltr'>usus</span> <span class='ocrx_word' id='word_1_355' title='bbox 2109 2201 2209 2232; x_wconf 89' lang='lat' dir='ltr'>sum</span> <span class='ocrx_word' id='word_1_356' title='bbox 2239 2189 2365 2234; x_wconf 89' lang='lat' dir='ltr'>horis</span> 
     </span>
    </p>
   </div>
   <div class='ocr_carea' id='block_1_13' title="bbox 53 2238 2363 2313">
    <p class='ocr_par' dir='ltr' id='par_1_14' title="bbox 53 2238 2363 2313">
     <span class='ocr_line' id='line_1_32' title="bbox 53 2238 2363 2313; baseline 0.003 -20"><span class='ocrx_word' id='word_1_357' title='bbox 53 2247 58 2251; x_wconf 83' lang='grc'><strong>’</strong></span> <span class='ocrx_word' id='word_1_358' title='bbox 99 2238 128 2310; x_wconf 94' lang='grc'><strong>2</strong></span> <span class='ocrx_word' id='word_1_359' title='bbox 156 2249 391 2294; x_wconf 82' lang='grc' dir='ltr'><strong>Ηο011110111</strong></span> <span class='ocrx_word' id='word_1_360' title='bbox 425 2250 543 2294; x_wconf 89' lang='lat' dir='ltr'>inter</span> <span class='ocrx_word' id='word_1_361' title='bbox 574 2256 619 2295; x_wconf 92' lang='lat' dir='ltr'>et</span> <span class='ocrx_word' id='word_1_362' title='bbox 649 2251 986 2306; x_wconf 74' lang='lat' dir='ltr'>Alexandriam,</span> <span class='ocrx_word' id='word_1_363' title='bbox 1020 2263 1077 2294; x_wconf 89' lang='lat' dir='ltr'>ex</span> <span class='ocrx_word' id='word_1_364' title='bbox 1108 2250 1198 2299; x_wconf 87' lang='lat' dir='ltr'>fide</span> <span class='ocrx_word' id='word_1_365' title='bbox 1226 2250 1534 2296; x_wconf 86' lang='lat' dir='ltr'>Jansonianae</span> <span class='ocrx_word' id='word_1_366' title='bbox 1571 2251 1766 2298; x_wconf 89' lang='lat' dir='ltr'>tabulae.</span> <span class='ocrx_word' id='word_1_367' title='bbox 1828 2253 1920 2302; x_wconf 60' lang='lat' dir='ltr'>Hic,</span> <span class='ocrx_word' id='word_1_368' title='bbox 1943 2253 2231 2300; x_wconf 89' lang='lat' dir='ltr'>Ptolemaeus</span> <span class='ocrx_word' id='word_1_369' title='bbox 2263 2256 2363 2313; x_wconf 91' lang='lat' dir='ltr'>ipse</span> 
     </span>
    </p>
   </div>
   <div class='ocr_carea' id='block_1_14' title="bbox 97 2312 2367 2376">
    <p class='ocr_par' dir='ltr' id='par_1_15' title="bbox 97 2312 2367 2376">
     <span class='ocr_line' id='line_1_33' title="bbox 97 2312 2367 2376; baseline 0.003 -15"><span class='ocrx_word' id='word_1_370' title='bbox 97 2312 146 2361; x_wconf 83' lang='lat' dir='ltr'>in</span> <span class='ocrx_word' id='word_1_371' title='bbox 173 2315 472 2372; x_wconf 84' lang='lat' dir='ltr'>applicatione</span> <span class='ocrx_word' id='word_1_372' title='bbox 506 2315 834 2361; x_wconf 86' lang='lat' dir='ltr'>observationis</span> <span class='ocrx_word' id='word_1_373' title='bbox 867 2315 1103 2372; x_wconf 89' lang='lat' dir='ltr'>cujusdam</span> <span class='ocrx_word' id='word_1_374' title='bbox 1135 2329 1162 2360; x_wconf 91' lang='lat' dir='ltr'>a</span> <span class='ocrx_word' id='word_1_375' title='bbox 1182 2316 1396 2362; x_wconf 89' lang='lat' dir='ltr'>Menelao</span> <span class='ocrx_word' id='word_1_376' title='bbox 1429 2317 1613 2362; x_wconf 91' lang='lat' dir='ltr'>habitae</span> <span class='ocrx_word' id='word_1_377' title='bbox 1644 2319 1828 2376; x_wconf 88' lang='lat' dir='ltr'>Romae,</span> <span class='ocrx_word' id='word_1_378' title='bbox 1861 2326 2052 2376; x_wconf 86' lang='lat' dir='ltr'>usurpat</span> <span class='ocrx_word' id='word_1_379' title='bbox 2069 2320 2115 2365; x_wconf 91' lang='grc'>11.</span> <span class='ocrx_word' id='word_1_380' title='bbox 2135 2322 2266 2369; x_wconf 84' lang='lat'>1.20¹</span> <span class='ocrx_word' id='word_1_381' title='bbox 2297 2336 2367 2368; x_wconf 87' lang='lat' dir='ltr'>so-</span> 
     </span>
    </p>
   </div>
   <div class='ocr_carea' id='block_1_15' title="bbox 4 2377 2366 2442">
    <p class='ocr_par' dir='ltr' id='par_1_16' title="bbox 4 2377 2366 2442">
     <span class='ocr_line' id='line_1_34' title="bbox 4 2377 2366 2442; baseline 0.004 -17"><span class='ocrx_word' id='word_1_382' title='bbox 4 2386 5 2402; x_wconf 63' lang='lat'><em>*</em></span> <span class='ocrx_word' id='word_1_383' title='bbox 56 2412 59 2414; x_wconf 94' lang='lat'>-</span> <span class='ocrx_word' id='word_1_384' title='bbox 102 2377 208 2426; x_wconf 77' lang='lat' dir='ltr'>lum.</span> <span class='ocrx_word' id='word_1_385' title='bbox 232 2417 243 2430; x_wconf 75' lang='lat'>,</span> <span class='ocrx_word' id='word_1_386' title='bbox 265 2381 367 2426; x_wconf 86' lang='lat' dir='ltr'>Non</span> <span class='ocrx_word' id='word_1_387' title='bbox 397 2380 533 2437; x_wconf 89' lang='lat' dir='ltr'>igitur</span> <span class='ocrx_word' id='word_1_388' title='bbox 562 2382 784 2426; x_wconf 90' lang='lat' dir='ltr'>immerito</span> <span class='ocrx_word' id='word_1_389' title='bbox 816 2383 1096 2428; x_wconf 89' lang='lat' dir='ltr'>Wernherus</span> <span class='ocrx_word' id='word_1_390' title='bbox 1138 2381 1386 2442; x_wconf 89' lang='lat' dir='ltr'>existimat,</span> <span class='ocrx_word' id='word_1_391' title='bbox 1430 2384 1733 2441; x_wconf 86' lang='lat' dir='ltr'>geographiae</span> <span class='ocrx_word' id='word_1_392' title='bbox 1776 2392 2007 2432; x_wconf 87' lang='lat' dir='ltr'>auctorem</span> <span class='ocrx_word' id='word_1_393' title='bbox 2038 2387 2189 2441; x_wconf 75' lang='lat' dir='ltr'>fuisse,</span> <span class='ocrx_word' id='word_1_394' title='bbox 2212 2388 2366 2434; x_wconf 83' lang='lat' dir='ltr'>alium.</span> 
     </span>
    </p>
   </div>
   <div class='ocr_carea' id='block_1_16' title="bbox 0 2514 22 3216">
    <p class='ocr_par' dir='ltr' id='par_1_17' title="bbox 0 2514 22 3216">
     <span class='ocr_line' id='line_1_35' title="bbox 0 2514 22 3216; baseline 0 924"><span class='ocrx_word' id='word_1_395' title='bbox 0 2514 22 3216; x_wconf 95' lang='lat' dir='ltr'> </span> 
     </span>
    </p>
   </div>
   <div class='ocr_carea' id='block_1_17' title="bbox 96 2446 2367 2841">
    <p class='ocr_par' dir='ltr' id='par_1_18' title="bbox 96 2446 2367 2841">
     <span class='ocr_line' id='line_1_36' title="bbox 272 2446 2367 2512; baseline 0.004 -21"><span class='ocrx_word' id='word_1_396' title='bbox 272 2447 416 2503; x_wconf 87' lang='lat' dir='ltr'>Pergo</span> <span class='ocrx_word' id='word_1_397' title='bbox 457 2446 663 2493; x_wconf 87' lang='lat' dir='ltr'>ulterius.</span> <span class='ocrx_word' id='word_1_398' title='bbox 740 2449 865 2493; x_wconf 87' lang='lat' dir='ltr'>Inter</span> <span class='ocrx_word' id='word_1_399' title='bbox 905 2448 1230 2494; x_wconf 87' lang='lat' dir='ltr'>Alexandriam</span> <span class='ocrx_word' id='word_1_400' title='bbox 1279 2455 1324 2495; x_wconf 89' lang='lat' dir='ltr'>et</span> <span class='ocrx_word' id='word_1_401' title='bbox 1361 2450 1932 2510; x_wconf 25' lang='lat' dir='ltr'>Babylonem-Ptolemaei</span> <span class='ocrx_word' id='word_1_402' title='bbox 1969 2459 2132 2512; x_wconf 83' lang='grc' dir='ltr'><em>μεγαλη</em></span> <span class='ocrx_word' id='word_1_403' title='bbox 2176 2457 2367 2505; x_wconf 79' lang='grc' dir='ltr'><strong><em>συνταξις</em></strong></span> 
     </span>
     <span class='ocr_line' id='line_1_37' title="bbox 106 2511 2367 2570; baseline 0.004 -13"><span class='ocrx_word' id='word_1_404' title='bbox 106 2517 293 2568; x_wconf 74' lang='lat' dir='ltr'>usurpat</span> <span class='ocrx_word' id='word_1_405' title='bbox 328 2514 412 2567; x_wconf 79' lang='lat'>50¹,</span> <span class='ocrx_word' id='word_1_406' title='bbox 443 2514 719 2570; x_wconf 83' lang='lat' dir='ltr'>geographia</span> <span class='ocrx_word' id='word_1_407' title='bbox 765 2528 871 2559; x_wconf 90' lang='lat' dir='ltr'>vero</span> <span class='ocrx_word' id='word_1_408' title='bbox 904 2515 948 2558; x_wconf 89' lang='lat' dir='ltr'>h.</span> <span class='ocrx_word' id='word_1_409' title='bbox 984 2517 1025 2562; x_wconf 84' lang='lat'>1.</span> <span class='ocrx_word' id='word_1_410' title='bbox 1058 2515 1142 2560; x_wconf 82' lang='lat'>24¹.</span> <span class='ocrx_word' id='word_1_411' title='bbox 1205 2516 1278 2560; x_wconf 88' lang='lat' dir='ltr'>En</span> <span class='ocrx_word' id='word_1_412' title='bbox 1308 2516 1628 2562; x_wconf 91' lang='lat' dir='ltr'>documentum</span> <span class='ocrx_word' id='word_1_413' title='bbox 1663 2511 1784 2562; x_wconf 89' lang='lat' dir='ltr'>aliud</span> <span class='ocrx_word' id='word_1_414' title='bbox 1826 2517 2100 2565; x_wconf 88' lang='lat' dir='ltr'>diversitatis</span> <span class='ocrx_word' id='word_1_415' title='bbox 2132 2525 2367 2565; x_wconf 90' lang='lat' dir='ltr'>auctorum</span> 
     </span>
     <span class='ocr_line' id='line_1_38' title="bbox 96 2577 2366 2641; baseline 0.005 -20"><span class='ocrx_word' id='word_1_416' title='bbox 96 2577 347 2641; x_wconf 70' lang='lat' dir='ltr'>&#39;nn-iusque.</span> <span class='ocrx_word' id='word_1_417' title='bbox 410 2579 549 2636; x_wconf 89' lang='lat' dir='ltr'>Mihi,</span> <span class='ocrx_word' id='word_1_418' title='bbox 592 2579 891 2636; x_wconf 89' lang='lat' dir='ltr'>Babylonicas</span> <span class='ocrx_word' id='word_1_419' title='bbox 935 2581 1273 2626; x_wconf 90' lang='lat' dir='ltr'>observationes</span> <span class='ocrx_word' id='word_1_420' title='bbox 1315 2583 1611 2640; x_wconf 87' lang='lat' dir='ltr'>computanti,</span> <span class='ocrx_word' id='word_1_421' title='bbox 1659 2582 1912 2627; x_wconf 89' lang='lat' dir='ltr'>differentia</span> <span class='ocrx_word' id='word_1_422' title='bbox 1956 2585 2100 2641; x_wconf 90' lang='lat' dir='ltr'>major</span> <span class='ocrx_word' id='word_1_423' title='bbox 2142 2588 2232 2632; x_wconf 90' lang='lat' dir='ltr'>ista</span> <span class='ocrx_word' id='word_1_424' title='bbox 2275 2601 2366 2633; x_wconf 90' lang='lat' dir='ltr'>non</span> 
     </span>
     <span class='ocr_line' id='line_1_39' title="bbox 101 2641 2367 2710; baseline 0.005 -23"><span class='ocrx_word' id='word_1_425' title='bbox 101 2641 215 2701; x_wconf 66' lang='lat' dir='ltr'>male</span> <span class='ocrx_word' id='word_1_426' title='bbox 242 2643 440 2688; x_wconf 83' lang='lat' dir='ltr'>reddidit</span> <span class='ocrx_word' id='word_1_427' title='bbox 471 2644 723 2689; x_wconf 89' lang='lat' dir='ltr'>observata.</span> <span class='ocrx_word' id='word_1_428' title='bbox 788 2646 952 2690; x_wconf 90' lang='lat' dir='ltr'>Censui</span> <span class='ocrx_word' id='word_1_429' title='bbox 982 2651 1147 2702; x_wconf 89' lang='lat' dir='ltr'>tamen,</span> <span class='ocrx_word' id='word_1_430' title='bbox 1181 2647 1453 2705; x_wconf 88' lang='lat' dir='ltr'>Albategnio</span> <span class='ocrx_word' id='word_1_431' title='bbox 1475 2649 1627 2706; x_wconf 90' lang='lat' dir='ltr'>potius</span> <span class='ocrx_word' id='word_1_432' title='bbox 1658 2648 1794 2694; x_wconf 91' lang='lat' dir='ltr'>fidem</span> <span class='ocrx_word' id='word_1_433' title='bbox 1825 2649 2139 2709; x_wconf 89' lang='lat' dir='ltr'>adhibendam,</span> <span class='ocrx_word' id='word_1_434' title='bbox 2173 2653 2249 2710; x_wconf 88' lang='lat' dir='ltr'>qui</span> <span class='ocrx_word' id='word_1_435' title='bbox 2279 2654 2367 2700; x_wconf 89' lang='lat' dir='ltr'>hoc</span> 
     </span>
     <span class='ocr_line' id='line_1_40' title="bbox 103 2703 2365 2774; baseline 0.004 -19"><span class='ocrx_word' id='word_1_436' title='bbox 103 2703 388 2755; x_wconf 76' lang='lat' dir='ltr'>intervallum</span> <span class='ocrx_word' id='word_1_437' title='bbox 418 2726 599 2756; x_wconf 90' lang='lat' dir='ltr'>rursum</span> <span class='ocrx_word' id='word_1_438' title='bbox 630 2710 811 2765; x_wconf 89' lang='lat' dir='ltr'>minuit,</span> <span class='ocrx_word' id='word_1_439' title='bbox 853 2712 975 2768; x_wconf 88' lang='lat' dir='ltr'>quod</span> <span class='ocrx_word' id='word_1_440' title='bbox 1005 2713 1125 2769; x_wconf 87' lang='lat' dir='ltr'>ipse,</span> <span class='ocrx_word' id='word_1_441' title='bbox 1157 2713 1358 2758; x_wconf 88' lang='lat' dir='ltr'>locorum</span> <span class='ocrx_word' id='word_1_442' title='bbox 1401 2714 1581 2758; x_wconf 91' lang='lat' dir='ltr'>illorum</span> <span class='ocrx_word' id='word_1_443' title='bbox 1610 2714 1782 2772; x_wconf 79' lang='lat' dir='ltr'>incola,</span> <span class='ocrx_word' id='word_1_444' title='bbox 1828 2714 1943 2759; x_wconf 89' lang='lat' dir='ltr'>scire</span> <span class='ocrx_word' id='word_1_445' title='bbox 1980 2717 2140 2762; x_wconf 88' lang='lat' dir='ltr'>melius</span> <span class='ocrx_word' id='word_1_446' title='bbox 2171 2725 2365 2774; x_wconf 82' lang='lat' dir='ltr'>poterat,</span> 
     </span>
     <span class='ocr_line' id='line_1_41' title="bbox 103 2771 2367 2841; baseline 0.005 -21"><span class='ocrx_word' id='word_1_447' title='bbox 103 2771 174 2830; x_wconf 66' lang='lat' dir='ltr'>Ita</span> <span class='ocrx_word' id='word_1_448' title='bbox 215 2775 385 2821; x_wconf 82' lang='lat' dir='ltr'>factum</span> <span class='ocrx_word' id='word_1_449' title='bbox 431 2784 525 2833; x_wconf 88' lang='lat' dir='ltr'>est,</span> <span class='ocrx_word' id='word_1_450' title='bbox 573 2784 623 2822; x_wconf 87' lang='lat' dir='ltr'>ut</span> <span class='ocrx_word' id='word_1_451' title='bbox 667 2791 749 2834; x_wconf 90' lang='lat' dir='ltr'>pro</span> <span class='ocrx_word' id='word_1_452' title='bbox 781 2778 827 2821; x_wconf 89' lang='lat' dir='ltr'>h.</span> <span class='ocrx_word' id='word_1_453' title='bbox 859 2779 900 2820; x_wconf 20' lang='lat'>1..</span> <span class='ocrx_word' id='word_1_454' title='bbox 934 2778 1008 2823; x_wconf 76' lang='lat'>14⁴</span> <span class='ocrx_word' id='word_1_455' title='bbox 1040 2779 1303 2824; x_wconf 88' lang='lat' dir='ltr'>retinuerim</span> <span class='ocrx_word' id='word_1_456' title='bbox 1341 2782 1379 2824; x_wconf 87' lang='lat'>1.</span> <span class='ocrx_word' id='word_1_457' title='bbox 1414 2780 1471 2835; x_wconf 69' lang='lat'>3‘,</span> <span class='ocrx_word' id='word_1_458' title='bbox 1549 2781 1612 2824; x_wconf 87' lang='lat' dir='ltr'>Et</span> <span class='ocrx_word' id='word_1_459' title='bbox 1657 2777 1892 2825; x_wconf 56' lang='lat' dir='ltr'>con&#39;flatur*</span> <span class='ocrx_word' id='word_1_460' title='bbox 1924 2779 2030 2826; x_wconf 90' lang='lat' dir='ltr'>hinc</span> <span class='ocrx_word' id='word_1_461' title='bbox 2059 2783 2307 2841; x_wconf 90' lang='lat' dir='ltr'>Babylonis</span> <span class='ocrx_word' id='word_1_462' title='bbox 2339 2799 2367 2830; x_wconf 86' lang='lat' dir='ltr'>a</span> 
     </span>
    </p>
   </div>
   <div class='ocr_carea' id='block_1_18' title="bbox 14 2837 2367 3034">
    <p class='ocr_par' dir='ltr' id='par_1_19' title="bbox 14 2837 2367 3034">
     <span class='ocr_line' id='line_1_42' title="bbox 14 2837 2367 2908; baseline 0.005 -23"><span class='ocrx_word' id='word_1_463' title='bbox 14 2847 15 2850; x_wconf 78' lang='grc'>’</span> <span class='ocrx_word' id='word_1_464' title='bbox 102 2837 244 2887; x_wconf 83' lang='lat' dir='ltr'>Roma</span> <span class='ocrx_word' id='word_1_465' title='bbox 274 2848 319 2906; x_wconf 82' lang='lat' dir='ltr'>et</span> <span class='ocrx_word' id='word_1_466' title='bbox 348 2843 632 2899; x_wconf 88' lang='lat' dir='ltr'>Uraniburgo</span> <span class='ocrx_word' id='word_1_467' title='bbox 665 2842 920 2888; x_wconf 82' lang='lat' dir='ltr'>differentia</span> <span class='ocrx_word' id='word_1_468' title='bbox 950 2844 994 2887; x_wconf 89' lang='lat' dir='ltr'>h.</span> <span class='ocrx_word' id='word_1_469' title='bbox 1027 2844 1068 2888; x_wconf 85' lang='lat'>2.</span> <span class='ocrx_word' id='word_1_470' title='bbox 1099 2847 1186 2898; x_wconf 82' lang='lat'>51¹,</span> <span class='ocrx_word' id='word_1_471' title='bbox 1218 2846 1339 2902; x_wconf 81' lang='lat' dir='ltr'>quod</span> <span class='ocrx_word' id='word_1_472' title='bbox 1369 2847 1536 2904; x_wconf 85' lang='lat' dir='ltr'>volupe</span> <span class='ocrx_word' id='word_1_473' title='bbox 1567 2853 1688 2901; x_wconf 91' lang='lat' dir='ltr'>erat,</span> <span class='ocrx_word' id='word_1_474' title='bbox 1721 2860 1969 2893; x_wconf 91' lang='lat' dir='ltr'>consonum</span> <span class='ocrx_word' id='word_1_475' title='bbox 2000 2848 2066 2892; x_wconf 90' lang='lat' dir='ltr'>sic</span> <span class='ocrx_word' id='word_1_476' title='bbox 2097 2850 2207 2894; x_wconf 87' lang='lat' dir='ltr'>satis</span> <span class='ocrx_word' id='word_1_477' title='bbox 2237 2864 2367 2908; x_wconf 91' lang='lat' dir='ltr'>repe-</span> 
     </span>
     <span class='ocr_line' id='line_1_43' title="bbox 15 2904 2366 2970; baseline 0.005 -19"><span class='ocrx_word' id='word_1_478' title='bbox 15 2932 25 2945; x_wconf 49' lang='lat'>·2</span> <span class='ocrx_word' id='word_1_479' title='bbox 106 2904 193 2952; x_wconf 66' lang='lat' dir='ltr'>fite</span> <span class='ocrx_word' id='word_1_480' title='bbox 222 2906 364 2952; x_wconf 89' lang='lat' dir='ltr'>codici</span> <span class='ocrx_word' id='word_1_481' title='bbox 395 2909 581 2964; x_wconf 88' lang='lat' dir='ltr'>antiquo</span> <span class='ocrx_word' id='word_1_482' title='bbox 611 2908 867 2952; x_wconf 90' lang='lat' dir='ltr'>tabularum</span> <span class='ocrx_word' id='word_1_483' title='bbox 897 2909 1185 2966; x_wconf 89' lang='lat' dir='ltr'>Arzachelis,</span> <span class='ocrx_word' id='word_1_484' title='bbox 1239 2925 1295 2955; x_wconf 91' lang='lat' dir='ltr'>ex</span> <span class='ocrx_word' id='word_1_485' title='bbox 1328 2912 1508 2956; x_wconf 86' lang='lat' dir='ltr'>arabico</span> <span class='ocrx_word' id='word_1_486' title='bbox 1539 2912 1586 2956; x_wconf 89' lang='lat' dir='ltr'>in</span> <span class='ocrx_word' id='word_1_487' title='bbox 1618 2912 1810 2958; x_wconf 88' lang='lat' dir='ltr'>latinum</span> <span class='ocrx_word' id='word_1_488' title='bbox 1840 2926 1970 2958; x_wconf 86' lang='lat' dir='ltr'>verso</span> <span class='ocrx_word' id='word_1_489' title='bbox 2002 2926 2083 2970; x_wconf 89' lang='lat' dir='ltr'>per</span> <span class='ocrx_word' id='word_1_490' title='bbox 2115 2915 2366 2963; x_wconf 85' lang='lat' dir='ltr'>Gerardum</span> 
     </span>
     <span class='ocr_line' id='line_1_44' title="bbox 19 2970 2366 3034; baseline 0.004 -16"><span class='ocrx_word' id='word_1_491' title='bbox 19 2995 21 2998; x_wconf 88' lang='grc'><em>·</em></span> <span class='ocrx_word' id='word_1_492' title='bbox 104 2970 456 3030; x_wconf 77' lang='lat' dir='ltr'>Cremonensem,</span> <span class='ocrx_word' id='word_1_493' title='bbox 489 2979 539 3018; x_wconf 93' lang='lat' dir='ltr'>ut</span> <span class='ocrx_word' id='word_1_494' title='bbox 570 2978 701 3034; x_wconf 86' lang='lat' dir='ltr'>puto:</span> <span class='ocrx_word' id='word_1_495' title='bbox 747 2974 811 3018; x_wconf 92' lang='lat' dir='ltr'>sic</span> <span class='ocrx_word' id='word_1_496' title='bbox 858 2974 977 3018; x_wconf 90' lang='lat' dir='ltr'>enim</span> <span class='ocrx_word' id='word_1_497' title='bbox 1006 2973 1084 3019; x_wconf 93' lang='lat' dir='ltr'>ille</span> <span class='ocrx_word' id='word_1_498' title='bbox 1116 2975 1254 3021; x_wconf 89' lang='lat' dir='ltr'>habet</span> <span class='ocrx_word' id='word_1_499' title='bbox 1286 2976 1551 3022; x_wconf 89' lang='lat' dir='ltr'>distributas</span> <span class='ocrx_word' id='word_1_500' title='bbox 1582 2977 1912 3034; x_wconf 78' lang='lat' dir='ltr'>longitudines,</span> <span class='ocrx_word' id='word_1_501' title='bbox 1947 2985 1997 3023; x_wconf 95' lang='lat' dir='ltr'>ut</span> <span class='ocrx_word' id='word_1_502' title='bbox 2026 2979 2145 3024; x_wconf 91' lang='lat' dir='ltr'>inter</span> <span class='ocrx_word' id='word_1_503' title='bbox 2175 2981 2366 3027; x_wconf 88' lang='lat' dir='ltr'>Romam</span> 
     </span>
    </p>
   </div>
   <div class='ocr_carea' id='block_1_19' title="bbox 106 3035 2365 3100">
    <p class='ocr_par' dir='ltr' id='par_1_20' title="bbox 106 3035 2365 3100">
     <span class='ocr_line' id='line_1_45' title="bbox 106 3035 2365 3100; baseline 0.004 -17"><span class='ocrx_word' id='word_1_504' title='bbox 106 3041 153 3083; x_wconf 78' lang='lat' dir='ltr'>et</span> <span class='ocrx_word' id='word_1_505' title='bbox 177 3037 494 3083; x_wconf 84' lang='lat' dir='ltr'>Alexandriam</span> <span class='ocrx_word' id='word_1_506' title='bbox 532 3035 627 3083; x_wconf 84' lang='lat' dir='ltr'>sint&#39;</span> <span class='ocrx_word' id='word_1_507' title='bbox 651 3038 696 3083; x_wconf 88' lang='lat' dir='ltr'>h.</span> <span class='ocrx_word' id='word_1_508' title='bbox 732 3040 769 3083; x_wconf 89' lang='lat'>1.</span> <span class='ocrx_word' id='word_1_509' title='bbox 800 3041 885 3092; x_wconf 85' lang='lat'>40‘,</span> <span class='ocrx_word' id='word_1_510' title='bbox 915 3040 1034 3085; x_wconf 89' lang='lat' dir='ltr'>inter</span> <span class='ocrx_word' id='word_1_511' title='bbox 1070 3041 1192 3086; x_wconf 90' lang='lat' dir='ltr'>illam</span> <span class='ocrx_word' id='word_1_512' title='bbox 1224 3048 1270 3087; x_wconf 91' lang='lat' dir='ltr'>et</span> <span class='ocrx_word' id='word_1_513' title='bbox 1301 3043 1503 3088; x_wconf 87' lang='lat' dir='ltr'>Baldach</span> <span class='ocrx_word' id='word_1_514' title='bbox 1535 3044 1577 3087; x_wconf 88' lang='lat' dir='ltr'>h.</span> <span class='ocrx_word' id='word_1_515' title='bbox 1610 3045 1650 3088; x_wconf 87' lang='lat'>2.</span> <span class='ocrx_word' id='word_1_516' title='bbox 1685 3043 1780 3100; x_wconf 80' lang='lat'>18‘,</span> <span class='ocrx_word' id='word_1_517' title='bbox 1821 3043 2100 3100; x_wconf 88' lang='lat' dir='ltr'>Babylonem</span> <span class='ocrx_word' id='word_1_518' title='bbox 2130 3059 2291 3092; x_wconf 90' lang='lat' dir='ltr'>novam</span> <span class='ocrx_word' id='word_1_519' title='bbox 2321 3047 2365 3092; x_wconf 90' lang='lat' dir='ltr'>h.</span> 
     </span>
    </p>
   </div>
   <div class='ocr_carea' id='block_1_20' title="bbox 89 3093 2368 3171">
    <p class='ocr_par' dir='ltr' id='par_1_21' title="bbox 89 3093 2368 3171">
     <span class='ocr_line' id='line_1_46' title="bbox 89 3093 2368 3171; baseline 0.007 -27"><span class='ocrx_word' id='word_1_520' title='bbox 89 3100 147 3153; x_wconf 48' lang='lat'>22.</span> <span class='ocrx_word' id='word_1_521' title='bbox 176 3103 259 3159; x_wconf 81' lang='lat'>36¹,</span> <span class='ocrx_word' id='word_1_522' title='bbox 287 3093 567 3162; x_wconf 87' lang='lat' dir='ltr'>Babylonem</span> <span class='ocrx_word' id='word_1_523' title='bbox 598 3110 795 3149; x_wconf 85' lang='lat' dir='ltr'>veterem</span> <span class='ocrx_word' id='word_1_524' title='bbox 825 3106 869 3152; x_wconf 87' lang='lat' dir='ltr'>h.</span> <span class='ocrx_word' id='word_1_525' title='bbox 902 3106 943 3150; x_wconf 87' lang='lat'>2.</span> <span class='ocrx_word' id='word_1_526' title='bbox 980 3108 1064 3153; x_wconf 77' lang='lat'>50¹.</span> <span class='ocrx_word' id='word_1_527' title='bbox 1125 3108 1189 3152; x_wconf 88' lang='lat' dir='ltr'>Et</span> <span class='ocrx_word' id='word_1_528' title='bbox 1227 3108 1333 3165; x_wconf 90' lang='lat' dir='ltr'>quia</span> <span class='ocrx_word' id='word_1_529' title='bbox 1364 3109 1647 3154; x_wconf 89' lang='lat' dir='ltr'>altitudinem</span> <span class='ocrx_word' id='word_1_530' title='bbox 1688 3110 1781 3166; x_wconf 87' lang='lat' dir='ltr'>poli</span> <span class='ocrx_word' id='word_1_531' title='bbox 1823 3109 1964 3155; x_wconf 88' lang='lat' dir='ltr'>veteri</span> <span class='ocrx_word' id='word_1_532' title='bbox 2008 3111 2119 3157; x_wconf 89' lang='lat' dir='ltr'>Bab.</span> <span class='ocrx_word' id='word_1_533' title='bbox 2166 3113 2368 3171; x_wconf 89' lang='lat' dir='ltr'>assignat</span> 
     </span>
    </p>
   </div>
   <div class='ocr_carea' id='block_1_21' title="bbox 107 3159 2367 3894">
    <p class='ocr_par' dir='ltr' id='par_1_22' title="bbox 108 3159 2367 3293">
     <span class='ocr_line' id='line_1_47' title="bbox 108 3159 2367 3237; baseline 0.004 -22"><span class='ocrx_word' id='word_1_534' title='bbox 108 3165 185 3215; x_wconf 80' lang='lat'>35⁰</span> <span class='ocrx_word' id='word_1_535' title='bbox 212 3171 266 3219; x_wconf 87' lang='lat'>0¹,</span> <span class='ocrx_word' id='word_1_536' title='bbox 295 3184 439 3215; x_wconf 90' lang='lat' dir='ltr'>novae</span> <span class='ocrx_word' id='word_1_537' title='bbox 472 3172 549 3216; x_wconf 77' lang='lat'>30⁰</span> <span class='ocrx_word' id='word_1_538' title='bbox 580 3172 672 3215; x_wconf 76' lang='lat'>30‘:</span> <span class='ocrx_word' id='word_1_539' title='bbox 706 3184 762 3214; x_wconf 88' lang='lat' dir='ltr'>an</span> <span class='ocrx_word' id='word_1_540' title='bbox 792 3171 928 3226; x_wconf 85' lang='lat' dir='ltr'>igitur</span> <span class='ocrx_word' id='word_1_541' title='bbox 957 3171 1035 3216; x_wconf 89' lang='lat' dir='ltr'>illa</span> <span class='ocrx_word' id='word_1_542' title='bbox 1055 3172 1259 3230; x_wconf 90' lang='lat' dir='ltr'>Babylon</span> <span class='ocrx_word' id='word_1_543' title='bbox 1291 3187 1419 3231; x_wconf 84' lang='lat' dir='ltr'>nova,</span> <span class='ocrx_word' id='word_1_544' title='bbox 1452 3188 1567 3231; x_wconf 89' lang='lat' dir='ltr'>quae</span> <span class='ocrx_word' id='word_1_545' title='bbox 1596 3159 1731 3220; x_wconf 66' lang='lat' dir='ltr'>hodie</span> <span class='ocrx_word' id='word_1_546' title='bbox 1749 3174 1971 3235; x_wconf 79' lang='lat' dir='ltr'>Balsora?</span> <span class='ocrx_word' id='word_1_547' title='bbox 2003 3176 2170 3234; x_wconf 86' lang='lat' dir='ltr'>quippe</span> <span class='ocrx_word' id='word_1_548' title='bbox 2190 3178 2280 3237; x_wconf 74' lang='lat' dir='ltr'>4¹s2</span> <span class='ocrx_word' id='word_1_549' title='bbox 2302 3194 2367 3237; x_wconf 87' lang='lat' dir='ltr'>gr.</span> 
     </span>
     <span class='ocr_line' id='line_1_48' title="bbox 108 3233 1802 3293; baseline -0.002 -13"><span class='ocrx_word' id='word_1_550' title='bbox 108 3233 437 3280; x_wconf 82' lang='lat' dir='ltr'>meridionalior</span> <span class='ocrx_word' id='word_1_551' title='bbox 466 3236 694 3293; x_wconf 88' lang='lat' dir='ltr'>Babylone</span> <span class='ocrx_word' id='word_1_552' title='bbox 727 3235 902 3280; x_wconf 80' lang='lat' dir='ltr'>veteri?</span> <span class='ocrx_word' id='word_1_553' title='bbox 1795 3237 1802 3243; x_wconf 86' lang='lat'>&#39;</span> 
     </span>
    </p>

    <p class='ocr_par' dir='ltr' id='par_1_23' title="bbox 107 3301 2366 3894">
     <span class='ocr_line' id='line_1_49' title="bbox 277 3301 2366 3366; baseline 0.006 -21"><span class='ocrx_word' id='word_1_554' title='bbox 277 3301 406 3346; x_wconf 89' lang='lat' dir='ltr'>Circa</span> <span class='ocrx_word' id='word_1_555' title='bbox 436 3301 722 3346; x_wconf 82' lang='lat' dir='ltr'>Antiochiam</span> <span class='ocrx_word' id='word_1_556' title='bbox 755 3306 800 3344; x_wconf 90' lang='lat' dir='ltr'>et</span> <span class='ocrx_word' id='word_1_557' title='bbox 832 3302 1043 3346; x_wconf 89' lang='lat' dir='ltr'>Aractam</span> <span class='ocrx_word' id='word_1_558' title='bbox 1074 3302 1330 3360; x_wconf 87' lang='lat' dir='ltr'>Albategnii</span> <span class='ocrx_word' id='word_1_559' title='bbox 1363 3305 1501 3351; x_wconf 87' lang='lat' dir='ltr'>dubia</span> <span class='ocrx_word' id='word_1_560' title='bbox 1531 3305 1724 3351; x_wconf 88' lang='lat' dir='ltr'>reddunt</span> <span class='ocrx_word' id='word_1_561' title='bbox 1745 3306 1906 3364; x_wconf 86' lang='lat' dir='ltr'>omnia,</span> <span class='ocrx_word' id='word_1_562' title='bbox 1937 3307 2224 3366; x_wconf 91' lang='lat' dir='ltr'>homonymia</span> <span class='ocrx_word' id='word_1_563' title='bbox 2253 3312 2366 3357; x_wconf 92' lang='lat' dir='ltr'>mul-</span> 
     </span>
     <span class='ocr_line' id='line_1_50' title="bbox 107 3361 2366 3435; baseline 0.007 -28"><span class='ocrx_word' id='word_1_564' title='bbox 107 3361 247 3420; x_wconf 74' lang='lat' dir='ltr'>tiplex</span> <span class='ocrx_word' id='word_1_565' title='bbox 277 3378 334 3409; x_wconf 85' lang='lat' dir='ltr'>ex</span> <span class='ocrx_word' id='word_1_566' title='bbox 365 3366 576 3421; x_wconf 86' lang='lat' dir='ltr'>antiquo,</span> <span class='ocrx_word' id='word_1_567' title='bbox 619 3366 875 3410; x_wconf 87' lang='lat' dir='ltr'>intermissa</span> <span class='ocrx_word' id='word_1_568' title='bbox 908 3366 1001 3421; x_wconf 83' lang='lat' dir='ltr'>jam</span> <span class='ocrx_word' id='word_1_569' title='bbox 1047 3367 1122 3411; x_wconf 89' lang='lat' dir='ltr'>diu</span> <span class='ocrx_word' id='word_1_570' title='bbox 1155 3371 1421 3415; x_wconf 87' lang='lat' dir='ltr'>commercia</span> <span class='ocrx_word' id='word_1_571' title='bbox 1473 3378 1518 3416; x_wconf 92' lang='lat' dir='ltr'>et</span> <span class='ocrx_word' id='word_1_572' title='bbox 1556 3386 1842 3417; x_wconf 88' lang='lat' dir='ltr'>numerorum</span> <span class='ocrx_word' id='word_1_573' title='bbox 1874 3387 1901 3419; x_wconf 90' lang='lat' dir='ltr'>a</span> <span class='ocrx_word' id='word_1_574' title='bbox 1930 3374 2192 3435; x_wconf 84' lang='lat' dir='ltr'>Ptolemaeo</span> <span class='ocrx_word' id='word_1_575' title='bbox 2223 3378 2366 3423; x_wconf 88' lang='lat' dir='ltr'>disso-</span> 
     </span>
     <span class='ocr_line' id='line_1_51' title="bbox 110 3430 2365 3501; baseline 0.007 -28"><span class='ocrx_word' id='word_1_576' title='bbox 110 3430 273 3476; x_wconf 71' lang='lat' dir='ltr'>nantia.</span> <span class='ocrx_word' id='word_1_577' title='bbox 334 3431 619 3488; x_wconf 85' lang='lat' dir='ltr'>Geographia</span> <span class='ocrx_word' id='word_1_578' title='bbox 657 3432 904 3476; x_wconf 86' lang='lat' dir='ltr'>Ptolemaei</span> <span class='ocrx_word' id='word_1_579' title='bbox 944 3438 1118 3488; x_wconf 84' lang='lat' dir='ltr'>septem</span> <span class='ocrx_word' id='word_1_580' title='bbox 1166 3436 1349 3480; x_wconf 87' lang='lat' dir='ltr'>exhibet</span> <span class='ocrx_word' id='word_1_581' title='bbox 1392 3437 1653 3483; x_wconf 74' lang='lat' dir='ltr'>Antiochiae</span> <span class='ocrx_word' id='word_1_582' title='bbox 1699 3439 1745 3484; x_wconf 89' lang='lat' dir='ltr'>in</span> <span class='ocrx_word' id='word_1_583' title='bbox 1786 3439 1975 3485; x_wconf 87' lang='lat' dir='ltr'>totidem</span> <span class='ocrx_word' id='word_1_584' title='bbox 2018 3443 2278 3501; x_wconf 89' lang='lat' dir='ltr'>provinciis,</span> <span class='ocrx_word' id='word_1_585' title='bbox 2318 3445 2365 3489; x_wconf 90' lang='lat' dir='ltr'>in</span> 
     </span>
     <span class='ocr_line' id='line_1_52' title="bbox 113 3491 2364 3564; baseline 0.007 -26"><span class='ocrx_word' id='word_1_586' title='bbox 113 3491 253 3551; x_wconf 82' lang='lat' dir='ltr'>Caria,</span> <span class='ocrx_word' id='word_1_587' title='bbox 284 3496 468 3553; x_wconf 87' lang='lat' dir='ltr'>Pisidia,</span> <span class='ocrx_word' id='word_1_588' title='bbox 504 3497 791 3555; x_wconf 82' lang='lat' dir='ltr'>Pamphylia,</span> <span class='ocrx_word' id='word_1_589' title='bbox 825 3496 996 3551; x_wconf 84' lang='lat' dir='ltr'>Cilicia,</span> <span class='ocrx_word' id='word_1_590' title='bbox 1032 3499 1302 3556; x_wconf 83' lang='lat' dir='ltr'>Comagene,</span> <span class='ocrx_word' id='word_1_591' title='bbox 1338 3502 1589 3548; x_wconf 82' lang='lat' dir='ltr'>Cassiotide</span> <span class='ocrx_word' id='word_1_592' title='bbox 1621 3504 1774 3561; x_wconf 87' lang='lat' dir='ltr'>Syriae</span> <span class='ocrx_word' id='word_1_593' title='bbox 1821 3507 2049 3561; x_wconf 90' lang='lat' dir='ltr'>provincia</span> <span class='ocrx_word' id='word_1_594' title='bbox 2081 3514 2126 3553; x_wconf 94' lang='lat' dir='ltr'>et</span> <span class='ocrx_word' id='word_1_595' title='bbox 2154 3510 2364 3564; x_wconf 87' lang='lat' dir='ltr'>Mesopo-</span> 
     </span>
     <span class='ocr_line' id='line_1_53' title="bbox 109 3559 2366 3631; baseline 0.007 -28"><span class='ocrx_word' id='word_1_596' title='bbox 109 3559 255 3604; x_wconf 69' lang='lat' dir='ltr'>tamia.</span> <span class='ocrx_word' id='word_1_597' title='bbox 314 3562 413 3606; x_wconf 83' lang='lat' dir='ltr'>Etsi</span> <span class='ocrx_word' id='word_1_598' title='bbox 446 3576 549 3607; x_wconf 84' lang='lat' dir='ltr'>vero</span> <span class='ocrx_word' id='word_1_599' title='bbox 580 3565 725 3607; x_wconf 83' lang='lat' dir='ltr'>Araea</span> <span class='ocrx_word' id='word_1_600' title='bbox 758 3563 978 3618; x_wconf 81' lang='lat' dir='ltr'>quaedam</span> <span class='ocrx_word' id='word_1_601' title='bbox 1003 3562 1209 3619; x_wconf 64' lang='lat' dir='ltr'>,iungitur</span> <span class='ocrx_word' id='word_1_602' title='bbox 1247 3566 1514 3612; x_wconf 88' lang='lat' dir='ltr'>Antiochiae</span> <span class='ocrx_word' id='word_1_603' title='bbox 1538 3567 1813 3627; x_wconf 89' lang='lat' dir='ltr'>Comagenes</span> <span class='ocrx_word' id='word_1_604' title='bbox 1845 3572 1902 3617; x_wconf 86' lang='lat' dir='ltr'>ad</span> <span class='ocrx_word' id='word_1_605' title='bbox 1943 3573 2156 3631; x_wconf 82' lang='lat' dir='ltr'>Taurum,</span> <span class='ocrx_word' id='word_1_606' title='bbox 2190 3575 2366 3623; x_wconf 89' lang='lat' dir='ltr'>numeri</span> 
     </span>
     <span class='ocr_line' id='line_1_54' title="bbox 113 3627 2365 3696; baseline 0.006 -26"><span class='ocrx_word' id='word_1_607' title='bbox 113 3627 261 3671; x_wconf 75' lang='lat' dir='ltr'>tamen</span> <span class='ocrx_word' id='word_1_608' title='bbox 292 3640 447 3673; x_wconf 86' lang='lat' dir='ltr'>cavere</span> <span class='ocrx_word' id='word_1_609' title='bbox 478 3643 561 3673; x_wconf 87' lang='lat' dir='ltr'>nos</span> <span class='ocrx_word' id='word_1_610' title='bbox 602 3629 765 3683; x_wconf 87' lang='lat' dir='ltr'>jubent</span> <span class='ocrx_word' id='word_1_611' title='bbox 796 3642 821 3672; x_wconf 87' lang='lat' dir='ltr'>a</span> <span class='ocrx_word' id='word_1_612' title='bbox 853 3628 1160 3674; x_wconf 82' lang='lat' dir='ltr'>ludificatione</span> <span class='ocrx_word' id='word_1_613' title='bbox 1191 3632 1523 3678; x_wconf 86' lang='lat' dir='ltr'>vocabulorum.</span> <span class='ocrx_word' id='word_1_614' title='bbox 1599 3637 1893 3688; x_wconf 83' lang='lat' dir='ltr'>Verisimilior</span> <span class='ocrx_word' id='word_1_615' title='bbox 1930 3639 2068 3696; x_wconf 90' lang='lat' dir='ltr'>igitur</span> <span class='ocrx_word' id='word_1_616' title='bbox 2107 3646 2178 3686; x_wconf 89' lang='lat' dir='ltr'>est</span> <span class='ocrx_word' id='word_1_617' title='bbox 2207 3641 2365 3684; x_wconf 89' lang='lat' dir='ltr'>Antio-</span> 
     </span>
     <span class='ocr_line' id='line_1_55' title="bbox 114 3686 2364 3757; baseline 0.009 -25"><span class='ocrx_word' id='word_1_618' title='bbox 114 3686 214 3734; x_wconf 81' lang='lat' dir='ltr'>chia</span> <span class='ocrx_word' id='word_1_619' title='bbox 253 3690 331 3735; x_wconf 80' lang='lat' dir='ltr'>illa</span> <span class='ocrx_word' id='word_1_620' title='bbox 370 3706 536 3750; x_wconf 85' lang='lat' dir='ltr'>magna</span> <span class='ocrx_word' id='word_1_621' title='bbox 566 3693 623 3738; x_wconf 87' lang='lat' dir='ltr'>ad</span> <span class='ocrx_word' id='word_1_622' title='bbox 656 3695 892 3750; x_wconf 85' lang='lat' dir='ltr'>Orontem,</span> <span class='ocrx_word' id='word_1_623' title='bbox 944 3707 1059 3749; x_wconf 82' lang='lat' dir='ltr'>quae</span> <span class='ocrx_word' id='word_1_624' title='bbox 1091 3695 1173 3738; x_wconf 87' lang='lat' dir='ltr'>etsi</span> <span class='ocrx_word' id='word_1_625' title='bbox 1206 3708 1233 3738; x_wconf 89' lang='lat' dir='ltr'>a</span> <span class='ocrx_word' id='word_1_626' title='bbox 1264 3695 1552 3754; x_wconf 87' lang='lat' dir='ltr'>Geographia</span> <span class='ocrx_word' id='word_1_627' title='bbox 1588 3701 1771 3757; x_wconf 84' lang='lat' dir='ltr'>ponitur</span> <span class='ocrx_word' id='word_1_628' title='bbox 1802 3705 1858 3749; x_wconf 79' lang='lat'>34</span> <span class='ocrx_word' id='word_1_629' title='bbox 1887 3706 2068 3751; x_wconf 90' lang='lat' dir='ltr'>minutis</span> <span class='ocrx_word' id='word_1_630' title='bbox 2114 3708 2231 3751; x_wconf 86' lang='lat' dir='ltr'>ultra</span> <span class='ocrx_word' id='word_1_631' title='bbox 2261 3706 2364 3752; x_wconf 87' lang='lat' dir='ltr'>Ale-</span> 
     </span>
     <span class='ocr_line' id='line_1_56' title="bbox 114 3754 2363 3828; baseline 0.009 -30"><span class='ocrx_word' id='word_1_632' title='bbox 114 3754 354 3813; x_wconf 75' lang='lat' dir='ltr'>xandriam,</span> <span class='ocrx_word' id='word_1_633' title='bbox 386 3758 426 3803; x_wconf 73' lang='lat'>7⁴</span> <span class='ocrx_word' id='word_1_634' title='bbox 461 3766 563 3804; x_wconf 87' lang='lat' dir='ltr'>ante</span> <span class='ocrx_word' id='word_1_635' title='bbox 585 3762 812 3815; x_wconf 83' lang='lat' dir='ltr'>Aractam,</span> <span class='ocrx_word' id='word_1_636' title='bbox 846 3774 1010 3816; x_wconf 84' lang='lat' dir='ltr'>sequor</span> <span class='ocrx_word' id='word_1_637' title='bbox 1039 3767 1188 3805; x_wconf 86' lang='lat' dir='ltr'>tamen</span> <span class='ocrx_word' id='word_1_638' title='bbox 1210 3761 1539 3820; x_wconf 89' lang='lat' dir='ltr'>Albategnium,</span> <span class='ocrx_word' id='word_1_639' title='bbox 1571 3767 1645 3822; x_wconf 84' lang='lat' dir='ltr'>qui</span> <span class='ocrx_word' id='word_1_640' title='bbox 1667 3782 1883 3815; x_wconf 88' lang='lat' dir='ltr'>summam</span> <span class='ocrx_word' id='word_1_641' title='bbox 1907 3772 2144 3828; x_wconf 90' lang='lat' dir='ltr'>utriusque</span> <span class='ocrx_word' id='word_1_642' title='bbox 2175 3772 2363 3819; x_wconf 86' lang='lat' dir='ltr'>eandem</span> 
     </span>
     <span class='ocr_line' id='line_1_57' title="bbox 113 3816 2362 3894; baseline 0.009 -31"><span class='ocrx_word' id='word_1_643' title='bbox 113 3816 208 3864; x_wconf 73' lang='lat' dir='ltr'>fere</span> <span class='ocrx_word' id='word_1_644' title='bbox 235 3821 583 3878; x_wconf 85' lang='lat' dir='ltr'>habens,·aliter</span> <span class='ocrx_word' id='word_1_645' title='bbox 613 3831 760 3872; x_wconf 84' lang='lat' dir='ltr'>tamen</span> <span class='ocrx_word' id='word_1_646' title='bbox 794 3825 1032 3880; x_wconf 85' lang='lat' dir='ltr'>distribuit,</span> <span class='ocrx_word' id='word_1_647' title='bbox 1065 3832 1268 3872; x_wconf 86' lang='lat' dir='ltr'>statuens</span> <span class='ocrx_word' id='word_1_648' title='bbox 1299 3828 1390 3874; x_wconf 92' lang='lat' dir='ltr'>illic</span> <span class='ocrx_word' id='word_1_649' title='bbox 1421 3830 1491 3875; x_wconf 83' lang='lat'>25‘</span> <span class='ocrx_word' id='word_1_650' title='bbox 1522 3831 1595 3878; x_wconf 90' lang='lat' dir='ltr'>hic</span> <span class='ocrx_word' id='word_1_651' title='bbox 1630 3834 1713 3881; x_wconf 81' lang='lat'>15¹.</span> <span class='ocrx_word' id='word_1_652' title='bbox 1774 3837 2008 3894; x_wconf 79' lang='lat' dir='ltr'>Quodnam</span> <span class='ocrx_word' id='word_1_653' title='bbox 2048 3851 2152 3883; x_wconf 90' lang='lat' dir='ltr'>vero</span> <span class='ocrx_word' id='word_1_654' title='bbox 2197 3853 2362 3885; x_wconf 89' lang='lat' dir='ltr'>nomen</span> 
     </span>
    </p>
   </div>
   <div class='ocr_carea' id='block_1_22' title="bbox 114 3885 2379 3953">
    <p class='ocr_par' dir='ltr' id='par_1_24' title="bbox 114 3885 2379 3953">
     <span class='ocr_line' id='line_1_58' title="bbox 114 3885 2379 3953; baseline 0.011 -24"><span class='ocrx_word' id='word_1_655' title='bbox 114 3894 172 3929; x_wconf 81' lang='lat' dir='ltr'>ex</span> <span class='ocrx_word' id='word_1_656' title='bbox 201 3885 484 3945; x_wconf 81' lang='lat' dir='ltr'>Geograpbia</span> <span class='ocrx_word' id='word_1_657' title='bbox 514 3892 749 3937; x_wconf 85' lang='lat' dir='ltr'>conveniat</span> <span class='ocrx_word' id='word_1_658' title='bbox 777 3893 970 3936; x_wconf 83' lang='lat' dir='ltr'>Aractac</span> <span class='ocrx_word' id='word_1_659' title='bbox 992 3889 1258 3951; x_wconf 88' lang='lat' dir='ltr'>Albatcgnii‚</span> <span class='ocrx_word' id='word_1_660' title='bbox 1291 3893 1337 3938; x_wconf 91' lang='lat' dir='ltr'>id</span> <span class='ocrx_word' id='word_1_661' title='bbox 1367 3908 1526 3942; x_wconf 87' lang='lat' dir='ltr'>novam</span> <span class='ocrx_word' id='word_1_662' title='bbox 1557 3899 1881 3950; x_wconf 89' lang='lat' dir='ltr'>dubitationem</span> <span class='ocrx_word' id='word_1_663' title='bbox 1911 3905 2062 3951; x_wconf 87' lang='lat' dir='ltr'>habet.</span> <span class='ocrx_word' id='word_1_664' title='bbox 2126 3905 2194 3950; x_wconf 91' lang='lat' dir='ltr'>De</span> <span class='ocrx_word' id='word_1_665' title='bbox 2215 3906 2379 3953; x_wconf 76' lang='lat' dir='ltr'>Araca-</span> 
     </span>
    </p>
   </div>
  </div>
 </body>
</html>
