2554 4140
219 165 323 215 412
1035 164 1273 222 Epitomes
1303 165 1620 212 Astronomiae

215 315 328 358 sunt
377 313 498 360 inter
547 324 600 360 se
649 324 699 359 re
752 326 867 360 vera
906 313 1214 377 inaequales,
1270 314 1602 379 aequipollent
1641 321 1802 366 tamen
1841 315 2130 379 aequalibus
2170 317 2217 364 in
2258 317 2460 380 partici-

217 382 379 445 pando
417 390 632 448 tempore
670 385 933 446 periodic0.

358 474 557 523 Dictum
596 472 792 535 quidem
831 480 905 524 est
941 476 991 522 in
1028 475 1370 537 superioribus,
1411 474 1571 523 divisa
1608 475 1766 525 orbita
1802 478 1851 524 in
1889 476 2155 539 particulas
2192 478 2461 525 minutissi-

216 560 320 598 mas
358 547 606 610 aequales,
646 561 921 597 accrescere
958 549 1018 596 iis
1054 561 1216 595 moras
1254 547 1481 610 planetae
1519 562 1606 610 per
1643 563 1728 598 eas
1765 551 1815 597 in
1839 550 2151 612 proportione
2178 548 2464 598 intervallo-

216 632 321 671 rum
362 623 487 671 inter
525 635 609 669 eas
656 626 705 669 et
742 618 921 670 Solem.
996 619 1055 668 Id
1099 634 1215 668 vero
1267 619 1638 683 intelligendum
1685 627 1760 671 est
1795 636 1893 670 non
1933 620 1994 670 de
2033 621 2313 672 omnimoda
2347 636 2463 685 por-

216 697 401 745 tionum
438 693 762 757 aequalitate,
801 692 888 742 sed
928 693 987 743 de
1025 693 1086 740 iis
1122 694 1456 755 potissimum,
1497 708 1625 756 quae
1661 699 1796 744 recta
1834 694 2130 756 objiciuntur
2153 694 2273 753 Soli,
2311 702 2367 743 ut
2404 693 2465 744 de

216 769 326 828 PC,
374 765 490 824 RG,
539 767 626 816 ubi
662 767 782 816 recti
819 772 934 814 sunt
969 764 1138 828 anguli
1174 765 1320 826 APC,
1360 764 1528 828 ARG3
1568 769 1619 814 in
1656 769 1829 816 ceteris
1867 780 1984 815 vero
2023 767 2222 830 oblique
2259 767 2464 830 objectis

215 840 586 903 intelligendum
625 845 699 888 est
734 839 828 888 hoc
867 838 926 888 de
965 853 1022 887 eo
1060 837 1237 901 solum,
1277 837 1410 901 quod
1447 838 1507 888 de
1546 839 1766 902 qualibet
1803 831 1997 888 illarum
2027 842 2305 904 portionum
2329 853 2465 889 com-

216 917 338 977 petit
373 915 528 963 motui
567 915 693 962 circa
731 911 912 961 Solem.
987 911 1113 960 Nam
1152 913 1270 973 quia
1307 911 1465 961 orbita
1503 912 1731 976 planetae
1771 918 1846 961 est
1882 914 2165 974 eccentrica‚
2205 914 2468 963 miscentur

216 989 364 1051 igitur
400 986 464 1036 ad
502 1001 607 1036 eam
649 983 996 1035 efformandam
1034 983 1132 1032 duo
1170 990 1330 1032 motus
1370 983 1626 1044 elementa,
1666 991 1720 1033 ut
1756 985 1992 1034 hactenus
2031 985 2122 1034 suit
2160 985 2465 1036 demonstra·-

217 1068 343 1122 tum,
399 1060 605 1109 alterum
662 1064 735 1107 est
789 1056 1166 1106 circumlationis
1217 1058 1344 1106 circa
1388 1056 1554 1107 Solem
1616 1059 1794 1107 virtute
1847 1057 1978 1107 Solis
2029 1074 2155 1119 una,
2225 1057 2467 1122 reliquum

218 1134 491 1184 librationis
531 1146 698 1181 versus
737 1129 901 1179 Solem
940 1132 1120 1179 virtute
1159 1129 1287 1179 Solis
1325 1129 1449 1191 alia,
1496 1130 1727 1180 distincta
1764 1147 1794 1180 a
1831 1131 1994 1194 priori.
2070 1129 2137 1181 Ut
2174 1133 2224 1178 in
2265 1131 2330 1181 IL
2368 1139 2469 1182 ter-

217 1208 334 1256 mini
370 1207 396 1255 I
435 1212 483 1255 et
518 1205 560 1253 L
597 1202 881 1266 inaequales
919 1203 1104 1252 babent
1141 1203 1398 1252 distantias
1435 1203 1499 1252 ab
1534 1204 1576 1252 A
1616 1204 1749 1254 fonte
1786 1209 1964 1263 motus,
2002 1205 2286 1254 continuata
2321 1206 2469 1268 igitur

220 1278 307 1329 AL
344 1281 394 1328 in
435 1278 501 1339 Q,
551 1284 606 1327 ut
648 1275 735 1338 ΑΩ
776 1277 839 1324 εἰι
876 1278 1149 1338 quantitate
1188 1275 1350 1326 media
1387 1278 1510 1325 inter
1548 1276 1637 1324 AL
1675 1283 1724 1326 et
1762 1277 1863 1338 AI,
1913 1283 1962 1325 et
1999 1283 2162 1327 centro
2200 1277 2271 1338 A,
2316 1278 2470 1327 inter-

218 1352 354 1402 vallo
394 1350 485 1413 ΑΩ
522 1352 702 1414 scripto
741 1363 858 1398 arcu
897 1347 1001 1411 QS,
1050 1355 1245 1399 secante
1282 1349 1554 1411 longiorem
1595 1349 1664 1398 AI
1702 1351 1752 1397 in
1784 1350 1834 1410 S,
1873 1363 2014 1398 arcus
2052 1349 2249 1414 quidem
2276 1349 2356 1412 QS
2396 1357 2471 1401 est

219 1426 278 1475 de
315 1427 474 1488 priore
512 1429 675 1473 motus
713 1423 969 1485 compositi
1009 1422 1264 1479 elemento,
1304 1421 1575 1471 differentia
1611 1437 1730 1472 vero
1768 1425 1893 1472 inter
1930 1422 2032 1481 AL,
2077 1423 2147 1472 AI
2186 1438 2272 1473 seu
2297 1422 2384 1486 LQ
2423 1431 2472 1474 et

218 1499 278 1547 Sl
310 1499 513 1561 junctae
549 1497 799 1560 portiones
835 1500 950 1544 sunt
987 1494 1047 1544 de
1084 1495 1350 1557 posteriore
1388 1501 1550 1544 motus
1588 1494 1845 1555 elemento,
1886 1495 2019 1559 quod
2050 1496 2156 1559 ,iam
2188 1502 2350 1546 mente
2387 1512 2470 1547 se-

217 1571 486 1634 parandum
525 1576 619 1619 est:
661 1568 782 1617 nihil
822 1569 950 1617 enim
989 1569 1033 1617 ei
1071 1567 1276 1617 debetur
1314 1567 1374 1617 de
1412 1574 1630 1632 tempore
1667 1569 1931 1632 periodico‚
1972 1583 2082 1618 cum
2113 1570 2217 1630 Jam
2244 1571 2292 1617 iu
2319 1584 2466 1632 supe·

217 1645 424 1694 rioribus
472 1658 612 1692 suam
649 1643 921 1706 portionem
961 1642 1231 1704 acceperit,
1282 1642 1367 1690 ubi
1406 1640 1467 1691 de
1503 1641 1762 1691 libratione
1801 1643 2064 1705 agebatur,
2115 1641 2309 1706 legibus
2347 1643 2470 1691 aliis.

221 1718 372 1781 Atqui
408 1731 504 1766 non
543 1716 643 1764 alia
679 1716 762 1763 via
799 1715 1017 1778 separari
1054 1719 1217 1777 potest
1254 1712 1348 1764 hoc
1384 1713 1592 1764 alterum
1629 1721 1792 1764 motus
1830 1714 2138 1776 elementum,
2179 1730 2325 1778 quam
2363 1730 2473 1766 sec-

218 1792 350 1841 tione
387 1789 698 1840 illa'orbitae
735 1790 783 1835 in
822 1793 985 1850 partes
1023 1785 1324 1850 inaequales,
1366 1802 1514 1850 quam
1537 1802 1686 1851 supra
1710 1787 2015 1837 tradidimus.
2073 1787 2320 1850 Quantum
2347 1789 2474 1838 enim

219 1863 461 1914 excedunt
492 1863 695 1926 junctae
732 1861 839 1919 ΚΕ,
880 1860 947 1909 LI
980 1859 1179 1923 junctas
1218 1859 1318 1919 PC,
1356 1859 1473 1920 RG,
1521 1866 1678 1910 totum
1717 1860 1767 1910 id
1805 1867 1882 1912 est
1918 1860 1979 1911 de
2015 1862 2271 1924 posteriori
2308 1868 2470 1911 motus

219 1936 476 2000 elemento,
515 1941 565 1985 et
601 1934 686 1983 illo
724 1948 926 1983 excessu
949 1939 1194 1996 separato,
1233 1933 1522 1996 relinquitur
1559 1933 1619 1982 de
1656 1935 1802 1998 priori
1841 1934 2080 1984 elemento
2105 1933 2305 1998 aliquid,
2345 1934 2477 1998 quod

218 2016 293 2060 est
329 2008 536 2074 aequale
569 2008 752 2072 junctis
789 2006 887 2066 PC,
927 2005 1035 2067 RG,
1077 2005 1208 2069 quod
1247 2007 1318 2056 sic
1355 2006 1650 2056 demonstro.

393 2107 510 2165 Quia
541 2106 660 2151 enim
683 2105 779 2158 AE,
811 2105 873 2149 AI
903 2116 986 2160 per
1015 2104 1224 2161 superius
1257 2104 1567 2149 demonstrata
1595 2107 1702 2148 sunt
1717 2102 1930 2160 aequales
1960 2103 2071 2160 ipsis
2091 2103 2182 2160 BP,
2213 2103 2307 2160 BR,
2338 2117 2478 2160 quare

218 2172 396 2230 scriptis
426 2171 623 2217 arcubus
653 2182 736 2227 per
765 2170 820 2225 E,
851 2170 874 2212 I
905 2170 1059 2227 signa,
1105 2183 1295 2226 quorum
1326 2169 1406 2214 ille
1436 2169 1492 2214 de
1523 2181 1630 2215 area
1659 2169 1786 2213 ΑΕΚ
1818 2168 2081 2215 tantundem
2111 2169 2295 2215 absecat
2324 2176 2371 2214 et
2402 2182 2476 2214 ex-

217 2239 360 2285 cludit
403 2249 560 2283 versus
591 2236 656 2290 Κ,
701 2239 920 2291 quantum
957 2235 1046 2281 iste
1086 2236 1144 2281 ad
1174 2236 1278 2280 ΛΠ,
1310 2234 1523 2280 adsciscit
1553 2247 1691 2292 supra
1718 2235 1780 2286 L,
1825 2239 1877 2279 ut
1903 2235 1970 2279 ita
1998 2234 2224 2292 triangula
2254 2235 2478 2293 (sectores

217 2305 387 2351 verius)
418 2315 560 2348 novas
590 2303 674 2346 has
704 2302 839 2346 bases
869 2306 1018 2347 rectas
1047 2301 1368 2346 nanciscantur
1395 2299 1499 2346 loco
1529 2299 1705 2344 basium
1735 2299 2023 2355 obliquarum
2054 2300 2160 2354 ΚΕ,
2199 2300 2284 2353 LI,
2321 2300 2402 2345 fiet
2431 2307 2483 2346 ut

220 2383 337 2426 area,
363 2370 535 2426 junctis
558 2369 686 2420 PCB,
715 2367 838 2412 RGB
870 2366 1062 2424 aequali,
1095 2365 1153 2410 ad
1170 2366 1267 2421 ΑΕ,
1298 2366 1360 2410 ΑΙ
1391 2364 1633 2423 applicata,
1664 2365 1798 2410 bases
1832 2365 1969 2410 etiam
1999 2377 2080 2411 seu
2112 2378 2246 2411 arcus
2276 2378 2359 2423 per
2378 2365 2433 2422 Ε,
2463 2366 2485 2411 1

218 2436 375 2493 scripti
403 2437 516 2481 fiant
545 2434 758 2492 aequales
779 2433 966 2478 basibus
997 2446 1080 2488 per
1098 2433 1150 2489 P,
1182 2432 1222 2476 R.
1245 2431 1439 2488 scriptis.
1482 2431 1624 2487 Atqui
1653 2430 1780 2487 prius
1810 2436 1882 2477 est
1901 2430 2271 2480 demonstratum.
2299 2431 2488 2487 junctas

221 2514 348 2546 areas
379 2502 527 2553 KEA,
570 2501 673 2546 LIA
702 2512 803 2544 esse
835 2497 1047 2552 aequales
1073 2498 1246 2554 junctis
1275 2497 1413 2553 PCB,
1455 2496 1591 2542 RGB.
1653 2497 1785 2553 Quod
1816 2495 1956 2554 igitur
1987 2495 2043 2540 de
2074 2495 2269 2553 obliquis
2299 2495 2486 2541 basibus

220 2567 320 2625 ΚΕ,
351 2568 414 2612 LI
444 2566 642 2625 pertinet
664 2566 721 2611 ad
738 2563 1125 2610 circumlationem
1156 2563 1277 2609 circa
1293 2563 1457 2615 Solem,
1487 2562 1533 2607 id
1555 2561 1745 2618 aequale
1765 2568 1836 2607 est
1865 2560 2061 2607 arcubus
2077 2561 2161 2614 ΡΟ,
2191 2560 2274 2606 RG
2298 2559 2497 2617 junctis„

221 2631 298 2678 ubi
327 2633 454 2679 nulla
484 2633 580 2678 fere
608 2631 826 2677 miscetur
857 2631 898 2675 ei
927 2630 1108 2676 libratio
1138 2642 1297 2675 versus
1328 2629 1500 2684 Solem,
1546 2627 1654 2685 quia
1683 2628 1775 2686 ΑΡ,
1807 2626 1884 2674 ΑΟ
1915 2633 2023 2673 sunt
2059 2626 2104 2671 in
2137 2625 2392 2672 differentia
2418 2625 2483 2672 in·
2541 2675 2550 2686 ‚

222 2697 435 2754 sensibili,
467 2698 532 2743 sic
562 2703 608 2742 et
636 2696 733 2752 AR,
765 2695 861 2741 AG.

392 2771 566 2818 Eadem
598 2767 1026 2816 demonstrabuntur
1056 2769 1190 2814 etiam
1232 2767 1288 2813 de
1319 2766 1420 2812 aliis
1449 2766 1682 2824 particulis
1715 2765 1908 2811 orbitae:
1952 2768 2003 2810 ut
2033 2765 2072 2810 si
2102 2768 2308 2810 sumatur
2338 2764 2486 2814 CFet

222 2836 494 2884 continuatis
521 2835 608 2892 ΟΒ,
639 2835 718 2880 FB
740 2833 787 2879 in
810 2833 849 2878 G
871 2838 918 2878 et
936 2834 995 2887 H,
1027 2833 1301 2891 adjungatur
1329 2831 1611 2890 respondens
1642 2832 1683 2877 ei
1707 2831 1791 2877 GH
1810 2829 2071 2888 punctaque
2101 2835 2297 2887 quatuor
2326 2843 2427 2876 cum
2445 2830 2484 2875 A

222 2902 348 2946 fonte
377 2907 528 2947 motus
567 2904 912 2946 connectantur.
971 2900 1089 2946 Nam
1120 2899 1478 2944 demonstratum
1509 2905 1580 2944 est
1610 2898 1657 2943 in
1688 2895 2018 2954 superioribus,
2054 2896 2239 2955 junctas
2270 2895 2359 2948 CA,
2388 2893 2484 2950 AG.

224 2980 306 3013 nec
334 2981 425 3013 non
456 2972 502 3011 et
525 2967 711 3023 junctas
740 2965 834 3020 FA,
865 2965 952 3009 ΑΗ
983 2964 1199 3021 aequales
1231 2977 1332 3009 esse
1358 2964 1531 3020 junctis
1562 2965 1654 3020 PA,
1685 2964 1770 3010 AR
1800 2976 1880 3009 seu
1909 2962 1990 3008 PR
2019 2961 2240 3007 diametro
2270 2959 2485 3020 longior-13

225 3045 364 3089 quare
395 3033 532 3078 etiam
562 3037 613 3077 ut
643 3031 782 3089 prius,
815 3043 948 3076 areae
977 3030 1109 3087 ACF,
1140 3028 1270 3075 AGH
1295 3029 1483 3086 ,iunctae
1515 3036 1647 3075 erunt
1676 3028 1890 3086 aequales
1916 3026 2088 3084 junctis
2117 3027 2255 3083 BCF,
2285 3026 2411 3072 BGH
2440 3031 2486 3072 et

224 3110 306 3152 per
326 3098 411 3142 has
438 3095 608 3152 junctis
632 3096 760 3151 APC,
791 3096 930 3150 ARG,
952 3094 1156 3152 quamvis
1179 3094 1253 3140 CF
1273 3107 1356 3151 per
1378 3094 1630 3140 institutam
1652 3094 1864 3140 sectionis
1887 3093 2107 3138 rationem
2136 3091 2330 3138 evaserit
2349 3089 2484 3149 paulo

223 3160 400 3216 longior
439 3175 571 3218 quam
600 3161 675 3206 PC
714 3165 759 3206 et
792 3161 873 3205 GH
904 3161 1082 3218 longior
1122 3173 1256 3218 quam
1286 3160 1382 3204 RG.
1442 3161 1590 3206 Arcus
1628 3161 1747 3206 enim
1777 3158 1904 3215 novi,
1948 3163 2102 3203 centro
2132 3157 2197 3215 A,
2239 3152 2484 3203 intervallis

226 3226 316 3282 ΑΟ,
346 3227 427 3271 AG
448 3228 605 3285 scripti
636 3233 681 3272 et
698 3234 906 3274 secantes
938 3227 1061 3283 ipsas
1077 3225 1172 3282 AF,
1203 3225 1299 3280 ΑΗ,
1326 3223 1473 3282 juncti
1502 3227 1764 3282 aequabunt
1794 3237 1928 3270 arcus
1942 3223 2030 3275 PC,
2059 3222 2156 3278 RG,
2189 3221 2297 3286 quia
2316 3226 2483 3279 quanto

226 3289 302 3335 ille
341 3292 524 3347 majoris
566 3293 722 3338 circuli
761 3305 894 3337 arcus
933 3299 1004 3338 est
1040 3304 1175 3349 quam
1209 3291 1319 3343 iste,
1361 3296 1488 3336 tanto
1530 3292 1746 3336 minorem
1787 3290 1864 3334 ille
1895 3287 2107 3344 angulum
2139 3288 2253 3334 CAF
2287 3287 2482 3342 metitur,

227 3361 357 3401 tanto
387 3357 461 3402 hic
491 3360 709 3415 majorem
741 3359 892 3412 GAH,
937 3364 990 3403 ut
1019 3358 1084 3403 sic
1115 3369 1295 3414 semper
1318 3355 1467 3412 juncti
1507 3356 1661 3413 anguli
1692 3356 1826 3408 CAF,
1866 3353 1991 3398 GAH
2021 3358 2234 3398 maneant
2272 3351 2486 3412 aequales

223 3421 395 3477 junctis
425 3423 554 3478 ΡΑΟ,
586 3424 724 3468 RAG.

374 3510 496 3560 Cum
534 3513 681 3574 igitur
718 3515 993 3578 aequalitas
1031 3515 1230 3565 alterius
1269 3514 1495 3564 elementi
1534 3514 1584 3560 in
1622 3518 1759 3562 motu
1794 3511 2038 3575 planetae,
2077 3509 2263 3561 scilicet
2285 3521 2489 3574 promo--¹

231 3586 380 3634 tionis
420 3585 549 3633 circa
587 3583 774 3646 Solem,
826 3590 1060 3637 consistat
1097 3589 1146 3635 in
1185 3587 1483 3650 aequalitate
1521 3586 1809 3648 angulorum
1847 3585 1974 3632 circa
2015 3584 2056 3631 A
2097 3583 2290 3643 Solem,
2339 3582 2481 3630 bino·
2552 3597 2554 3607 ·

229 3672 336 3707 rum
376 3662 497 3720 puta
528 3653 807 3720 junctorum
845 3661 1081 3721 invicem,
1131 3661 1194 3709 sit
1231 3674 1348 3710 vero
1386 3661 1509 3708 inter
1547 3672 1702 3718 arcus,
1741 3657 1828 3719 qui
1862 3655 2162 3705 subtenduut
2196 3656 2287 3704 bos
2323 3667 2479 3715 angu-
2550 3653 2554 3719 t]

230 3730 322 3788 Ιοε,
361 3729 621 3779 distributa
657 3728 886 3791 ellipseos
925 3747 1040 3780 area
1077 3733 1362 3795 aequaliter,
1400 3733 1546 3781 binae
1583 3730 1768 3780 scilicet
1805 3743 1948 3778 areae
1988 3729 2114 3778 binis
2149 3727 2258 3776 aliis
2294 3732 2483 3788 semper·
2550 3727 2554 3773 ,’

233 3804 331 3851 sint
385 3801 644 3866 aequales:
695 3807 825 3851 recte
865 3803 1011 3864 igitur
1048 3802 1303 3868 (hactenus
1342 3804 1538 3868 quidem
1577 3810 1625 3853 et
1662 3805 1710 3850 in
1749 3807 1983 3864 quantum
2022 3800 2082 3850 de
2119 3801 2246 3863 bigis
2283 3811 2479 3848 arcuum

233 3872 444 3943 agimus)
481 3889 596 3926 area
616 3887 718 3939 ‚pro
755 3888 984 3941 mensura
1016 3878 1246 3938 temporis
1283 3877 1619 3938 constituitur;
1657 3877 1840 3939 quippe
1877 3875 2024 3924 etiam
2062 3887 2225 3924 morae
2250 3870 2480 3935 temporis
