2554 4140
929 119 1279 178 Regiomontani
1311 124 1358 166 et
1385 119 1627 167 waltheri.
2310 125 2336 171 7
2347 124 2411 172 61

145 269 326 327 lariter,
366 270 459 318 iste
497 274 741 319 accurate.
818 270 944 319 Nam
983 277 1032 320 et
1071 273 1403 320 instrumentis
1450 284 1566 319 usus
1605 275 1679 318 est
1729 273 1776 318 et
1829 267 2135 332 diligentiam
2171 266 2411 326 adhibuit,

149 357 259 391 cum
298 342 379 391 ille
418 342 525 391 rudi
566 342 789 391 Minerva
828 345 945 406 quid
984 345 1076 392 sibi
1119 344 1365 393 videretur
1412 343 1746 406 consignavit:
1800 339 1975 402 ἐδηκει,
2025 342 2210 404 inquit,
2264 358 2414 404 προς-

145 419 430 465 τεθεικεναι.
506 415 671 475 Adde,
719 417 852 478 quod
891 420 1019 466 eirca
1056 432 1223 466 veram
1262 416 1390 466 diem
1442 416 1800 465 observationis
1842 415 2174 478 Dionysianae
2215 412 2414 461 dubita-

146 489 330 548 vimus,
370 489 497 536 circa
536 495 756 550 tempora
794 489 1097 539 Ptolemaica
1136 490 1357 539 dubitare
1394 503 1492 538 non
1530 502 1792 553 possumus
1803 524 1819 553 ‚
1867 489 2062 551 quoties
2107 486 2219 548 ille,
2273 490 2328 534 ut
2363 486 2412 533 in

146 558 328 619 Marte,
368 559 561 608 Lunam
599 561 837 609 adhibuit.

290 632 347 680 In
386 635 607 696 proximo
646 634 850 682 consilio
890 634 1067 686 abhinc
1103 640 1231 691 retro
1270 640 1513 683 retentum
1550 633 1941 697 fuitaphelium,
1984 633 2069 681 ubi
2109 633 2158 681 id
2186 638 2290 682 erat
2325 645 2413 697 per

146 704 485 754 antecedentia
523 708 855 756 constitutum.
926 706 1156 769 Sequitur
1194 708 1341 768 igitur
1378 706 1512 755 aliud
1548 705 1820 767 consilium,
1861 711 2142 768 susceptum
2179 708 2230 754 in
2267 705 2414 754 favo·-

145 790 247 826 rem
287 778 533 842 Dionysii,
574 780 622 826 in
662 779 998 828 Ptolemaeum
1038 779 1186 843 paulo
1226 781 1469 841 iniquius,v
1531 779 1693 828 Subiit
1720 781 1847 828 enim
1886 780 2104 827 animum
2144 778 2413 842 explorare,

146 864 264 897 num
303 858 536 915 usurpata
574 852 799 901 libertate
837 851 1031 901 locandi
1073 852 1254 915 aphelii
1293 867 1377 916 per
1416 851 1538 900 duas
1568 852 1955 912 observationeS,
1997 866 2144 900 unam
2170 851 2414 915 Dionysii,

147 937 267 971 suae
308 923 404 972 diei
442 924 680 989 relictam,
720 925 923 974 alteram
962 925 1259 982 Ptolemaei,
1301 939 1387 988 per
1427 924 1598 973 Lunae
1637 925 2019 988 applicationem
2059 923 2410 983 confirmatam,

146 997 306 1059 possit
354 1011 452 1045 una
498 997 696 1046 confieri
745 997 1056 1062 hypothesiS,
1112 1004 1359 1059 utcunque
1388 999 1392 1002 ’
1419 996 1506 1045 illa
1554 997 1832 1047 dissentiret
1888 1013 1919 1046 a
1967 996 2158 1045 duabus
2213 997 2415 1059 reliquis

144 1068 451 1133 acronychiis
489 1070 778 1120 Ptolemaei.
853 1071 1037 1119 Verum
1085 1072 1338 1134 apparuit,
1391 1072 1483 1118 nisi
1536 1071 1651 1118 totis
1692 1075 1759 1120 30
1800 1069 2033 1133 gradibus
2085 1069 2315 1118 detractis
2356 1067 2414 1117 de

143 1140 255 1189 loeo
308 1142 514 1205 aphelii,
566 1143 802 1192 hactenus
856 1144 1135 1202 constituti,
1191 1144 1398 1191 obtineri
1445 1145 1748 1206 propositum
1796 1157 1894 1191 non
1943 1156 2104 1208 posse.
2181 1141 2249 1189 At
2299 1143 2416 1205 quia

144 1219 284 1261 tanta
321 1218 528 1263 mutatio
569 1230 678 1264 cum
717 1218 845 1279 triga
883 1216 1284 1280 acronyehiarum
1313 1215 1580 1264 Ptolemaei
1621 1222 1809 1279 pugnat
1843 1215 2175 1276 hostilissime,
2216 1229 2415 1263 manum

146 1285 205 1335 de
253 1286 424 1335 tabula
470 1288 707 1349 subduxi,
772 1289 932 1338 dimisi
979 1288 1176 1339 tandem
1225 1289 1319 1338 hoc
1372 1288 1550 1336 vulnus
1602 1289 1849 1337 dissensus
1909 1303 1937 1338 a
1982 1288 2224 1353 Dionysio
2274 1287 2410 1336 velut

142 1359 428 1408 incurabile.

290 1432 467 1481 Restat
507 1439 562 1482 ut
600 1435 821 1483 effectum
862 1433 1038 1483 calculi
1076 1436 1147 1483 sic
1187 1434 1471 1494 confirmati,
1515 1440 1567 1483 ut
1605 1439 1680 1484 est
1717 1436 1854 1483 initio
1894 1434 2092 1495 dictum,
2131 1446 2311 1497 ponam
2352 1432 2415 1481 ob

148 1504 318 1554 oculos
356 1520 565 1570 cumque
604 1507 725 1555 locis
765 1524 795 1556 a
820 1507 1106 1556 Ptolemaeo
1147 1507 1353 1571 proditis
1394 1508 1652 1567 conferam,
1695 1514 1750 1556 ut
1778 1513 2028 1572 appareat,
2070 1520 2300 1556 verumne
2338 1507 2416 1566 sit,

147 1577 279 1642 quod
316 1579 364 1624 in
404 1579 551 1642 hujus
591 1579 767 1628 calculi
807 1580 1231 1629 fundamentorum
1275 1580 1599 1643 descriptione
1641 1581 1767 1642 dixi,
1822 1595 1908 1645 per
1947 1594 2057 1629 eum
2107 1585 2203 1628 tres
2243 1578 2413 1627 Ptole-

145 1653 330 1700 maicas
369 1655 728 1716 repraesentari
767 1656 887 1702 satis
928 1659 1118 1703 exacte.
1194 1653 1367 1702 Martis
1407 1657 1516 1702 visa
1553 1654 1664 1702 loca
1700 1653 2014 1702 Ptolemaeus
2052 1651 2227 1701 habet:

1186 1731 1267 1775 210
1326 1733 1479 1789 0‘1]‚
1511 1732 1591 1778 28⁰
1623 1733 1693 1778 50‘
1738 1733 1801 1790 gg,
1843 1729 1894 1773 2⁰
1925 1729 1995 1773 34.
2039 1724 2120 1785 f,
2157 1728 2204 1773 1⁰
2230 1727 2300 1771 36¹
2343 1723 2417 1786 s,

143 1800 191 1845 id
211 1806 282 1847 est
304 1801 556 1847 secundum
592 1815 737 1846 meam
763 1804 1151 1860 praecessionem:
1184 1803 1258 1849 22.
1324 1804 1351 1850 3
1397 1810 1477 1861 Π,
1513 1805 1583 1850 29.
1625 1803 1681 1850 53
1743 1805 1806 1863 82,
1852 1801 1892 1846 3.
1925 1799 1994 1846 37.
2038 1796 2111 1858 l,
2149 1802 2194 1847 2.
2235 1799 2289 1846 39
2343 1795 2417 1857 l.

626 1875 953 1932 Computabam
984 1875 1136 1932 prius:
1173 1875 1246 1920 21.
1289 1875 1350 1922 46
1394 1881 1473 1932 Π,
1534 1877 1575 1922 Ο.
1624 1878 1678 1923 10
1722 1879 1808 1933 11]),
1851 1875 1892 1920 3.
1924 1873 1977 1919 41
2040 1870 2116 1930 72¹,
2157 1875 2203 1920 2.
2241 1872 2298 1920 39
2343 1867 2417 1930 l,

142 1941 364 1985 existente
378 1940 552 1997 epocha
570 1940 736 1996 aphelii
770 1942 841 1988 12.
853 1943 910 1988 48
928 1945 995 1992 8.
2299 1944 2301 1946 ’

145 2008 237 2054 Sed
254 2006 613 2065 epochaaphelii
628 2007 1016 2064 in150b‘locata,
1049 2007 1139 2053 sic:
1173 2006 1244 2051 22.
1294 2007 1340 2050 11
1389 2013 1468 2064 Π,
1531 2009 1574 2054 Ο.
1614 2007 1671 2052 46
1715 2011 1792 2065 11]),
1838 2007 1880 2053 3.
1911 2006 1967 2050 24
2026 2002 2073 2063 ,ἶ
2092 2037 2105 2060 ,
2149 2005 2192 2050 2.
2234 2003 2288 2048 41
2344 1998 2418 2061 72¹,

944 2094 1046 2125 cum
1075 2079 1238 2124 Lunae
1270 2085 1474 2126 centrum
1494 2080 1731 2126 visibiliter
1750 2080 2004 2137 reperiatur
2033 2079 2080 2124 in
2145 2080 2188 2124 O.
2241 2079 2293 2123 10
2343 2071 2392 2133 ‚2¹

1219 2164 1302 2208 pro
1335 2166 1412 2209 eo,
1444 2156 1566 2211 quod
1587 2154 1877 2200 Ptolemaeus
1905 2152 2013 2198 dicit
2042 2153 2089 2197 in
2141 2157 2185 2197 Ο.
2260 2152 2290 2197 O
2343 2145 2392 2206 ,Ἀ

144 2238 202 2270 ex
223 2238 307 2271 sua
326 2226 660 2282 praecessione.
692 2226 1002 2283 (Ptolemaeus
1033 2225 1143 2270 dicit
1190 2229 1227 2279 ό
1263 2239 1348 2283 per
1382 2227 1429 2270 1⁰
1451 2227 1523 2272 :36⁴
1553 2226 1697 2272 fuisse
1719 2226 1841 2271 ultra
1859 2226 2068 2282 Lunam.)
2119 2225 2219 2281 Ego
2240 2222 2419 2268 invenio

142 2293 336 2338 Martem
367 2292 489 2337 ultra
518 2294 694 2338 Lunam
726 2293 778 2337 2⁰
808 2294 899 2348 31¹,
933 2291 1046 2336 satis
1080 2299 1307 2339 accurate.

292 2357 435 2430 Quod
474 2369 657 2417 nodum
693 2371 884 2429 attinet,
926 2372 1137 2431 primum
1178 2373 1227 2417 in
1269 2371 1456 2420 Comm.
1497 2370 1672 2419 Martis
1711 2369 1774 2420 ad
1813 2369 1922 2419 sola
1958 2369 2232 2419 Ptolemaei
2270 2367 2422 2416 verba

146 2441 361 2501 attendi,
399 2441 715 2500 affirmantis,
771 2443 975 2491 limitem
1017 2450 1054 2499 A
1101 2444 1303 2492 boreum
1360 2458 1466 2493 esse
1507 2463 1617 2509 περι
1652 2463 1715 2493 τα
1753 2446 2015 2494 τελευταια
2053 2462 2141 2493 του
2179 2459 2419 2506 καρκινου.

147 2515 251 2563 Etsi
289 2517 436 2578 igitur
475 2517 581 2577 ipse
619 2517 669 2562 in
710 2515 898 2563 calculo
938 2514 1142 2564 limitem
1181 2517 1365 2565 confert
1393 2523 1560 2566 exacte
1601 2518 1650 2564 in
1689 2531 1983 2581 apogaeum,
2023 2530 2091 2565 sc.
2132 2517 2182 2563 in
2210 2511 2305 2565 250
2332 2511 2417 2581 ὓ,

143 2589 302 2651 magis
341 2595 502 2636 tamen
554 2602 645 2649 ego
684 2587 869 2636 attendi
922 2588 986 2637 ad
1025 2589 1176 2638 verba
1225 2590 1330 2652 jam
1369 2592 1571 2653 scripta,
1620 2592 1864 2653 posuique
1912 2592 1961 2637 in
2001 2586 2097 2639 29⁰
2137 2585 2222 2655 Θ.
2298 2585 2416 2635 Jam

143 2675 276 2720 vem,
315 2668 579 2724 postquam
621 2660 942 2710 differentiam
981 2665 1336 2723 praecessionis
1387 2664 1809 2725 aequinoctiorum
1847 2676 1985 2712 meae
2039 2678 2070 2710 a
2108 2661 2415 2709 Ptolemaica

145 2734 497 2782 stabilivissem
541 2733 596 2781 10
636 2733 711 2794 3‘,
762 2736 909 2783 etiam
959 2734 1082 2783 haec
1136 2736 1326 2799 epocha
1379 2738 1426 2783 in
1477 2737 1768 2800 principium
1810 2738 1849 2795 εὶ
1896 2736 2175 2798 promoveri
2228 2733 2411 2782 debuit.

146 2806 269 2855 Cum
318 2814 483 2856 autem
508 2806 838 2855 Ptolemaeus
907 2808 1301 2857 observationem
1353 2808 1534 2870 alleget
1592 2823 1819 2872 expresse
1868 2808 2078 2868 nullam,
2143 2808 2419 2871 suspicatus

145 2879 449 2942 aliquamdiu
488 2895 609 2939 sum,
650 2882 825 2942 ipsum,
867 2880 1102 2929 confisum
1131 2882 1462 2930 observationi
1493 2881 1845 2945 Dionysianae,
1885 2881 2084 2943 perinde
2124 2894 2182 2928 ac
2218 2881 2258 2927 si
2285 2878 2421 2926 Mars

145 2955 196 2999 in
233 2951 320 3000 illa
360 2953 598 3002 diceretur
636 2955 816 3002 texisse
855 2953 1022 3012 fixam,
1062 2955 1174 3002 inde
1213 2954 1327 3003 nodi
1366 2954 1527 3003 locum
1564 2954 1829 3003 derivasse.
1909 2953 1975 3002 At
1999 2959 2175 3018 postea
2210 2966 2292 3000 me>
2315 2951 2421 3000 col-

144 3025 305 3087 ligens
344 3025 463 3082 vidi,
505 3027 545 3073 si
585 3026 866 3075 adhiberem
908 3019 1311 3086 inclinationem,
1346 3034 1579 3090 quantam
1619 3028 1786 3075 inveni
1826 3025 1970 3075 hodie
2010 3041 2069 3075 ex
2109 3026 2420 3075 observatio-

146 3099 292 3146 nibus
332 3097 605 3161 Tychonis,
648 3105 696 3147 et
733 3100 774 3146 si
813 3099 1122 3148 latitudinem
1162 3100 1331 3148 frontis
1371 3100 1582 3163 Scorpii‚
1638 3106 1872 3163 quantam
1913 3098 2227 3148 Ptolemaeus
2264 3099 2418 3163 ponit,

146 3185 214 3220 sc.
248 3170 301 3219 10
330 3174 432 3230 2Ο’,
473 3170 618 3219 Marti
660 3172 1070 3233 transscriberem,
1112 3173 1293 3221 nodum
1333 3179 1550 3237 tempore
1581 3173 1806 3236 Dionysii
1847 3173 2112 3221 recisurum
2151 3173 2201 3220 in
2242 3169 2301 3221 5⁰
2329 3173 2413 3237 Τη,

146 3243 348 3292 limitem
387 3246 434 3290 in
478 3239 535 3292 5⁰
578 3250 648 3307 52,
699 3244 984 3320 Ptolemaeo
1025 3247 1174 3308 igitur
1215 3246 1431 3294 ulterius.
1506 3245 1752 3294 Reversus
1791 3246 1939 3308 igitur
1992 3244 2056 3293 ad
2091 3244 2420 3295 Ptolemaieas

148 3317 518 3365 observationes
570 3324 618 3366 et
665 3316 871 3378 placita,
934 3319 1015 3379 qui
1064 3319 1372 3366 latitudinem
1425 3319 1689 3366 maximam
1745 3319 1943 3367 boream
2002 3317 2170 3367 definit
2219 3312 2277 3366 4⁰
2317 3319 2419 3376 20‘,

147 3389 411 3438 australem
452 3389 507 3437 7⁰
549 3390 620 3450 θ’,
674 3391 743 3437 sic
780 3404 888 3436 sum
926 3391 1270 3439 ratiocinatus.
1313 3397 1534 3455 oportere
1574 3397 1628 3438 ut
1663 3390 1975 3440 Ptolemaeus
2009 3405 2092 3440 eas
2131 3389 2417 3439 latitudines

149 3462 491 3511 observaverit
540 3466 586 3509 in
640 3462 816 3509 sitibus
865 3463 1190 3525 acronychiis.
1267 3463 1509 3511 Lustratis
1563 3464 1711 3525 igitur
1758 3465 1984 3512 omnibus
2024 3463 2418 3528 oppositionibus

165 3540 200 3589 ό
246 3540 295 3582 et
338 3535 432 3599 Θ,
471 3550 599 3598 quae
638 3540 863 3598 poterant
903 3534 1113 3584 incidere
1152 3538 1199 3582 in
1239 3550 1394 3584 annos
1435 3535 1562 3595 illos,
1611 3536 1789 3597 quibus
1828 3535 2044 3599 reliquae
2084 3536 2418 3585 Ptolemaicae

148 3607 522 3656 observationes
561 3606 1050 3670 comprehenduntur,
1090 3601 1331 3672 apparuit,
1374 3608 1432 3657 de
1462 3608 1646 3656 boreali
1686 3608 1882 3671 quidem
1916 3609 2175 3658 latitudine
2205 3608 2419 3655 maxima

147 3678 460 3727 statuendum
499 3679 567 3727 illi
608 3682 757 3728 fuisse
798 3695 855 3728 ex
895 3682 1034 3727 annis
1066 3686 1183 3740 130,
1229 3686 1346 3738 133,
1396 3685 1508 3741 135,
1551 3682 1730 3744 quibus
1764 3681 2043 3731 incidebant
2082 3680 2418 3745 oppositiones

49 3749 63 3757 '
148 3753 195 3798 in
238 3747 333 3799 21⁰
375 3753 467 3812 Π,
513 3749 607 3802 250
646 3751 737 3820 ὓ,
793 3747 888 3801 290
930 3763 1003 3813 52,
1053 3753 1111 3802 dc
1151 3753 1354 3802 australi
1397 3767 1510 3801 vero
1564 3768 1622 3803 ex
1663 3768 1791 3803 anno
1836 3761 1969 3819 141,
2019 3767 2115 3816 quo
2155 3766 2282 3803 anno
2323 3751 2416 3799 fuit

151 3825 395 3889 oppositio
448 3826 496 3872 in
549 3821 640 3881 150
676 3835 789 3880 2:555:-
865 3825 991 3873 Nam
1045 3832 1235 3876 ceterae
1292 3828 1625 3891 oppositiones
1673 3828 1998 3892 acronychiae
2049 3828 2417 3876 circumstantes
