2554 4140
544 147 781 204 Epitomes
811 147 1127 194 Astronomiae
1163 147 1300 195 Liber
1330 151 1519 197 Sextus.
1582 150 1694 197 Pars
1723 149 1888 196 Prima.
2243 154 2347 205 429

96 296 362 352 solitariae,
411 300 466 344 ut
502 294 627 345 libro
665 296 731 345 H.
774 296 857 346 fol.
903 298 1018 348 193.
1060 297 1266 361 dictum,
1305 305 1354 349 et
1389 305 1552 348 motus
1591 299 1910 363 longitudinis
1951 313 2048 348 una
2086 297 2194 349 sola
2231 312 2350 347 con-

94 375 192 417 stat
229 367 601 431 inaequalitate,
656 383 766 417 cum
802 367 853 419 in
892 372 1063 419 ceteris
1103 371 1257 434 duae,
1307 375 1356 420 in
1397 372 1539 421 Luna
1582 365 2082 437 plures‘apparentes
2128 372 2346 421 inter·se

92 444 488 504 permisceantur,
542 441 708 504 itaque
758 442 821 491 ad
871 442 1001 492 Solis
1050 453 1211 493 motus
1259 444 1662 495 demonstrandos
1715 446 1857 494 unico
1908 445 2087 494 circulo
2137 445 2350 494 contenti

92 528 274 562 sumus.
349 513 528 574 Terti0,
570 519 838 563 ceterorum
874 514 1180 578 planetarum
1217 523 1378 566 motus
1417 524 1664 580 nequeunt
1690 517 1919 580 explicari
1958 520 2061 567 sine
2087 522 2349 582 apparente

94 593 230 636 motu
267 585 397 635 Solis
436 587 744 637 exactissime
783 590 992 652 cognito.
1066 589 1190 639 Nam
1230 589 1445 640 secunda
1482 589 1568 639 illa
1604 590 1956 653 inaequalitaS,
1997 605 2122 654 qnae
2164 605 2216 640 se
2255 591 2350 639 im-

90 662 259 708 miscet
294 660 480 723 primae
525 660 575 708 in
612 659 822 723 planetis
862 663 1061 728 ceteris,
1110 677 1207 711 non
1246 670 1436 712 tantum
1474 663 1666 711 initium
1704 662 1854 712 habet
1893 664 1954 712 ab
1993 663 2079 712 illo
2118 664 2348 727 temporis

89 739 286 795 puncto,
327 745 435 780 cum
475 731 643 781 Tellus
683 741 731 783 et
767 734 966 797 planeta
1004 736 1133 784 veris
1170 737 1272 785 suis
1309 737 1527 785 motibus
1559 735 1720 798 juncti
1758 741 2022 799 apparent,
2074 736 2160 786 sed
2202 738 2348 786 etiam

90 808 139 851 in
179 807 393 868 quinque
432 807 672 868 primariis
710 812 815 856 tota
854 808 1092 870 originem
1146 814 1194 858 et
1242 823 1415 858 causas
1456 823 1570 858 suas
1619 808 1770 857 habet
1810 823 1869 857 ex
1908 822 1966 856 eo
2005 807 2216 868 Telluris
2255 811 2350 858 cir—

89 877 224 938 culo,
282 891 378 940 quo
416 876 546 926 Solis
586 885 747 929 motus
786 880 1190 930 demonstrantur.
1268 880 1397 943 Quin
1438 884 1583 931 etiam
1621 883 1760 945 ipsae
1810 881 2136 944 digressiones
2173 882 2349 945 plane—

62 955 245 998 *tarum
283 951 333 997 in
368 950 551 1012 latum,
609 967 737 1014 quae
775 953 899 1001 fiunt
935 955 1123 1003 ratione
1160 956 1375 1018 ipsorum
1414 956 1600 1018 primae
1638 954 2028 1017 inaequalitatis,
2079 953 2142 1004 ad
2190 956 2348 1004 circu-

89 1022 190 1071 lum
227 1022 366 1071 illum
400 1023 685 1086 referuntur,
727 1040 873 1088 quem
912 1025 997 1075 Sol
1038 1026 1273 1078 conficere
1312 1026 1507 1076 videtur
1546 1027 1637 1076 sub
1677 1027 1802 1075 fixis.

235 1092 535 1156 eujusmodi
572 1101 901 1162 apparentias
937 1105 1103 1148 motu-s
1153 1099 1283 1149 Solis
1335 1100 1714 1162 deprehendunt
1765 1100 2023 1162 diliyentes
2068 1102 2349 1149 astronomi

82 1175 130 1217 et
165 1169 448 1232 quomodo?
526 1172 569 1219 1.
624 1170 833 1233 Quando
873 1171 1447 1234 explorantaltitudines
1487 1173 1616 1223 Solis
1665 1172 1957 1223 meridianas
1997 1171 2347 1235 quadrantibus

82 1256 168 1306 per
215 1255 382 1292 omnes
419 1243 532 1291 anni
572 1242 676 1292 dies
715 1242 797 1307 (de
837 1244 1013 1306 quibus
1052 1247 1197 1294 etiam
1243 1245 1327 1295 lib.
1368 1246 1408 1294 Ι.
1449 1246 1532 1295 fol.
1577 1247 1676 1295 125
1728 1251 1775 1295 et
1823 1246 1907 1295 lib.
1947 1245 2039 1294 111.
2078 1245 2160 1296 fol.
2205 1245 2346 1309 262),

8 1377 9 1380 Ἴ
82 1314 474 1378 deprehendunt,
523 1315 690 1366 Solem
728 1333 759 1365 a
796 1316 874 1366 die
919 1317 1120 1368 brumae
1156 1318 1394 1381 paulatim
1431 1318 1535 1368 fieri
1568 1320 1792 1369 altiorem
1841 1320 1891 1366 in
1927 1318 2222 1369 meridiebus
2262 1333 2344 1369 se-

6 1400 8 1402 ·
82 1387 344 1451 quentibus
396 1402 553 1451 usque
591 1388 654 1438 ad
694 1387 823 1439 diem
877 1390 1093 1453 solstitii;
1147 1390 1295 1455 idque
1346 1393 1484 1440 initio
1533 1394 1659 1442 circa
1715 1391 2049 1454 brumalem„
2071 1397 2119 1441 et
2164 1393 2213 1439 in
2253 1391 2346 1441 fine

82 1462 209 1511 circa
247 1459 556 1510 solstitialem
596 1462 722 1511 diem
759 1462 904 1527 plane
940 1463 1312 1526 insensibiliter,
1351 1466 1402 1514 in
1440 1465 1626 1527 medio,
1680 1467 1966 1530 praesertim
2006 1467 2133 1515 circa
2171 1467 2348 1528 aequi-

78 1535 256 1595 noctia,
296 1535 416 1584 satis
456 1534 723 1585 evidenter.
796 1535 982 1585 Eadem
1018 1537 1206 1587 ratione
1244 1539 1390 1587 etiam
1429 1553 1460 1588 a
1498 1538 1575 1588 die
1614 1539 1812 1590 solstitii
1859 1539 1920 1588 ad
1968 1537 2095 1588 diem
2147 1538 2346 1588 brumae

80 1605 134 1656 fit
168 1606 397 1656 humilior
432 1609 481 1655 in
520 1607 831 1658 meridiebus,

225 1683 273 1728 2.
312 1681 512 1730 Interim
551 1697 668 1732 vero
717 1681 830 1730 dum
869 1680 956 1731 Sol
1007 1683 1069 1731 ab
1107 1684 1205 1732 imo
1255 1682 1318 1732 ad
1356 1698 1596 1733 summum
1635 1685 1898 1734 solstitium
1937 1684 2096 1746 venit,
2146 1682 2350 1745 dimidia·

81 1753 230 1803 etiam
265 1769 378 1817 pars
418 1761 655 1804 astrorum
696 1769 755 1803 ex
792 1754 923 1804 Solis
959 1755 1108 1804 radiis
1147 1758 1362 1820 emergit,
1404 1764 1453 1806 et
1489 1759 1721 1820 vicissim,
1763 1757 1876 1806 dum
1907 1756 1994 1806 Sol
2030 1758 2079 1804 in
2118 1756 2346 1806 meridie-

78 1825 170 1876 bus
208 1841 268 1875 ex
305 1827 542 1876 altissimo
581 1843 768 1876 rursum
809 1827 861 1875 fit
899 1827 1221 1890 humillimus,
1271 1829 1487 1893 reliquus
1525 1832 1673 1880 etiam
1721 1837 1959 1880 astrorum
2007 1830 2341 1880 semicirculus

0 1913 8 1989 ι
78 1901 333 1949 enascitur.
408 1900 582 1964 Itaque
629 1901 743 1949 hinc
782 1900 1081 1964 collegerunt
1131 1906 1424 1966 astronomi,
1477 1903 1811 1953 diversitatem
1848 1903 1983 1952 illam
2030 1902 2344 1952 altitudinum

79 1970 208 2022 Solis
245 1972 622 2024 meridianarum
659 1975 825 2038 spargi
861 1989 948 2037 per
984 1980 1141 2024 totum
1178 1975 1384 2024 fixarum
1411 1977 1664 2039 ambitum,
1705 1992 1771 2026 sc.
1799 1976 2023 2027 incedere
2048 1975 2214 2026 Solem
2252 1977 2344 2026 sub

77 2043 186 2094 fixis
222 2047 271 2094 in
311 2047 489 2096 circulo
528 2047 742 2110 perfecto
781 2046 846 2096 ad
884 2054 1198 2111 aequatorem
1237 2048 1454 2113 obliquo,
1497 2052 1580 2114 qui
1619 2049 1842 2114 ecliptica
1874 2050 2070 2099 dicitur:
2109 2064 2206 2099 non
2246 2051 2344 2099 sci—

6 2142 7 2162 1
76 2116 191 2168 licet
226 2121 412 2169 moveri
450 2120 586 2170 illum
626 2120 762 2170 velut
798 2122 846 2168 in
884 2135 982 2169 uno
1022 2120 1190 2184 aliquo
1231 2121 1570 2172 declinationis
1611 2123 1805 2185 circu10,
1845 2123 1907 2173 ad
1933 2122 2192 2187 sphaeram
2216 2122 2344 2172 fixa-

75 2205 179 2241 rum
216 2193 527 2243 immobiliter
564 2194 739 2255 affixo,
793 2200 926 2243 recta
962 2209 1153 2243 sursum
1192 2194 1417 2246 deorsum
1463 2201 1600 2246 motu
1637 2198 1857 2261 propri0,
1908 2196 2043 2246 velut
2098 2197 2147 2244 in
2196 2195 2337 2258 libra,

0 2264 2 2302 ³
78 2263 164 2315 sed
211 2266 357 2315 simul
411 2273 460 2317 et
507 2272 697 2317 sursum
749 2273 798 2317 et
848 2266 911 2316 ad
961 2268 1229 2331 sinistram,
1286 2269 1429 2319 nobis
1475 2271 1525 2318 in
1570 2269 1937 2334 septentrionali
1986 2269 2343 2334 hemisphaerio

78 2339 400 2388 versantibus.
1495 2333 1498 2339 ”

0 2458 2 2467 ,
219 2413 378 2476 Atqui
420 2414 669 2476 putabam
720 2429 833 2477 eqo,
880 2414 1010 2477 fioeas
1061 2429 1121 2463 ex
1161 2413 1292 2463 Solis
1327 2414 1489 2464 radiis
1545 2431 1794 2480 emeryere
1843 2423 1889 2465 et
1937 2417 2029 2466 sub
2068 2431 2147 2466 eos
2194 2406 2360 2466 οοηάἱΧ

0 2515 2 2529 ,
78 2491 219 2534 motu
252 2500 358 2548 suc,
398 2501 504 2536 non
539 2494 683 2537 motu
720 2488 888 2537 alieno
917 2486 1046 2536 Solis
1083 2487 1163 2537 vel
1200 2487 1408 2536 Terrae.
1484 2489 1573 2537 Est
1611 2496 1659 2538 et
1696 2489 1819 2540 haec
1859 2504 1958 2539 una
1997 2504 2057 2539 ex
2095 2504 2342 2554 apparen-

0 2551 2 2628 ξ
78 2558 159 2606 tiis
191 2557 465 2621 fallacibuS,
506 2559 565 2609 de
605 2561 782 2624 quibus
820 2561 1086 2609 astronomi
1125 2574 1236 2609 cum
1273 2557 1423 2623 vulgo
1463 2561 1660 2625 quidem
1697 2562 1977 2627 loquuntur,
2026 2564 2184 2611 visum
2225 2576 2341 2612 vero

0 2658 1 2661 =
81 2627 378 2696 deceptionis
417 2640 648 2696 arguunt,
703 2633 906 2683 detectis
945 2634 1119 2682 causis.
1197 2633 1308 2683 Non
1354 2635 1480 2682 enim
1527 2640 1659 2685 astra
1709 2651 1768 2685 ex
1807 2635 1938 2685 Solis
1973 2634 2123 2684 radiis
2163 2635 2274 2700 (seu
2315 2649 2340 2684 e

77 2702 201 2767 loco,
241 2720 386 2768 quem
424 2705 618 2756 claritas
657 2708 784 2757 circa
821 2705 987 2756 Solem
1026 2705 1201 2756 diffusa
1239 2707 1468 2771 occupat)
1506 2713 1643 2757 motu
1683 2714 1948 2772 emergunt,
1986 2708 2072 2757 sed
2111 2707 2198 2757 Sol
2237 2707 2337 2756 dis-

0 2793 3 2820 ι
80 2775 276 2840 cedens,
326 2786 381 2828 ut
417 2778 731 2829 Ptolemaeus
769 2780 899 2841 vult,
940 2779 1021 2829 vel
1058 2777 1303 2829 discedere
1344 2781 1479 2829 visus
1492 2817 1504 2843 ‚
1546 2786 1600 2830 ut
1639 2781 1963 2845 Copernicus,
2019 2780 2104 2830 illa
2140 2782 2342 2830 immota

79 2848 283 2915 detegit:
339 2866 429 2901 nec
474 2867 526 2902 se
564 2855 673 2916 ipsa
713 2853 927 2902 condunt
975 2858 1106 2901 astra
1141 2853 1233 2902 sub
1273 2852 1401 2902 Solis
1439 2853 1627 2912 radim,
1681 2853 1768 2903 sed
1806 2853 1891 2905 Sol
1945 2853 2216 2904 adventans
2253 2869 2341 2903 seu

0 2936 3 2959 ν
80 2922 343 2974 adventare
395 2927 528 2974 visus
582 2925 669 2974 illa
716 2928 884 2989 operit.
978 2924 1123 2988 Quod
1175 2940 1284 2976 cum
1335 2926 1404 2975 ita
1450 2925 1632 2977 habeat
1679 2928 1806 2978 circa
1856 2932 1988 2976 ortus
2040 2933 2091 2977 et
2137 2941 2341 2977 occasus

80 2994 288 3046 siderum
326 2997 556 3059 heliacos,
597 2999 820 3047 omnibus
858 2999 1149 3047 astronomis
1187 2998 1468 3060 fatentibus,
1507 3001 1695 3060 mirum,
1735 3012 1819 3050 cur
1844 3000 2039 3050 turbent
2071 2999 2156 3062 illi,
2196 3001 2238 3049 si
2278 3000 2340 3049 ad

80 3068 284 3120 eundem
331 3070 529 3119 modum
572 3073 719 3120 etiam
758 3069 817 3120 de
861 3073 1016 3135 primo
1055 3077 1189 3120 motu
1242 3071 1349 3139 (qui
1395 3072 1548 3122 multo
1593 3072 1794 3123 celerior
1848 3078 1920 3123 est
1965 3072 2216 3137 multoque
2261 3075 2339 3121 in-

79 3141 354 3192 credibilius
412 3146 551 3193 astris
598 3145 729 3207 ‚ipsis
776 3144 1020 3207 tribuitur)
1078 3143 1402 3207 disputemuS,
1459 3144 1592 3208 quod
1640 3160 1736 3195 non
1794 3152 2044 3209 emergant
2094 3153 2226 3197 astra
2278 3161 2337 3197 ex

80 3216 324 3265 montibus
368 3230 457 3266 seu
507 3216 780 3278 horizonte,
829 3215 915 3266 sed
963 3215 1094 3279 quod
1134 3222 1323 3267 montes
1369 3217 1638 3268 deflexione
1677 3233 1763 3269 seu
1807 3217 2025 3270 discessu
2062 3234 2152 3270 suo
2194 3218 2338 3271 dete-

84 3293 199 3350 gant
223 3295 370 3337 astra.

224 3361 400 3411 Proba
436 3376 496 3411 ex
522 3363 712 3423 opticis,
752 3367 892 3410 motu
924 3360 1108 3409 Terrae
1146 3361 1200 3409 id
1230 3364 1485 3424 praestari
1504 3377 1662 3426 posse,
1703 3370 1762 3413 ut
1784 3364 1952 3414 sidera
1975 3339 2082 3429 fixa
2119 3365 2337 3415 videan-

82 3435 169 3481 tm·
203 3449 263 3484 ex
301 3433 429 3484 Solis
464 3433 625 3483 radiis
662 3436 810 3483 exire.
867 3433 1180 3483 Demonstrat
1218 3432 1446 3485 Euclides
1486 3433 1771 3499 Opticorum
1808 3439 2141 3501 propositione
2182 3439 2247 3487 57
2289 3446 2336 3488 et

86 3503 179 3553 58.
232 3506 374 3556 oculo
427 3507 662 3556 translato
712 3508 1063 3571 quiescentium
1117 3505 1223 3566 illa,
1276 3520 1403 3568 quae
1446 3507 1640 3571 longius
1685 3517 1965 3574 spectantur
2001 3517 2332 3579 προηγεισθαι,

0 3600 1 3606 =
68 3578 368 3639 *praecedere
407 3579 584 3640 videri,
625 3594 751 3642 quae
787 3580 998 3642 propius,
1038 3574 1402 3638 ὑπολειπεσθαι,
1443 3579 1657 3641 destitui,
1699 3583 1922 3647 relinqui
1987 3583 2070 3634 Sic
2107 3586 2234 3633 enim
2262 3591 2336 3634 est

85 3649 369 3713 integranda
403 3652 526 3702 haec
561 3654 830 3716 propositio
879 3654 926 3699 in
975 3650 1186 3700 editione
1226 3651 1476 3715 Campani.
1499 3649 1570 3716 68)
1646 3653 1761 3705 Jam
1799 3672 1917 3707 vero
1957 3657 2197 3706 subsumit
2236 3655 2334 3705 Co-

0 3728 1 3734 ’
83 3724 334 3783 pernicus:
389 3727 526 3788 atqui
562 3725 756 3775 Tellure
805 3726 931 3774 circa
968 3723 1132 3773 Solem
1169 3724 1270 3773 lata
1306 3731 1441 3774 motu
1479 3741 1666 3790 annuo,
1712 3731 1996 3780 transfertur
2036 3729 2204 3779 oculus
2242 3743 2334 3777 no—

0 3806 3 3839 ι
87 3799 184 3841 ster
218 3802 354 3844 motu
390 3797 589 3861 eodem;
628 3805 677 3847 et
713 3798 854 3858 fixae,
895 3812 1020 3860 quae
1056 3802 1349 3860 spectantur,
1389 3797 1579 3863 longius
1607 3817 1637 3851 a
1662 3801 1812 3852 Terra
1852 3804 2051 3862 absunt,
2092 3801 2179 3851 Sol
2217 3816 2333 3865 pro—

0 3865 1 3874 ’
87 3865 222 3929 pius,
271 3880 472 3930 quorum
511 3876 561 3921 et
595 3869 707 3921 illas
747 3876 795 3921 et
830 3870 959 3920 hunc
1000 3870 1296 3933 Copernicus
1335 3870 1451 3922 facit
1488 3876 1753 3938 quiescere.
1831 3874 1993 3939 Quare
2030 3874 2106 3924 his
2142 3874 2331 3939 positis,
