2554 4140
241 143 339 190 122
1146 135 1379 193 Epitomes
1412 132 1730 190 Astronomiae

235 287 383 333 micas
424 285 745 347 exprimamus
799 290 848 334 et
894 285 957 334 ob
1007 284 1174 334 oculos
1211 298 1474 347 ponamuS,
1524 282 1587 331 ad
1625 282 1870 332 docendos
1909 283 2155 346 imperitos
2194 288 2242 331 et
2278 283 2472 340 tirones„

238 364 322 406 aut
360 357 422 404 ad
448 356 802 405 sublevandum
841 359 1214 420 computationis
1238 357 1470 414 laborem,
1510 369 1607 418 quo
1648 357 1695 402 in
1723 370 1869 404 censu
1908 362 2020 404 sunt
2057 355 2321 419 sphaera
2358 369 2474 402 ma-

236 428 501 478 terialis
555 436 603 478 et
650 429 964 478 theoriae:
1014 437 1098 479 aut
1149 429 1504 478 oblectamenta
1540 442 1769 490 paramus
1806 443 1893 490 pro
1931 428 2238 491 magnatibus
2277 432 2360 475 aut
2397 426 2474 473 lo·

184 561 193 565 ⁴
240 501 526 564 cupletibuS,
568 514 797 564 quorsum
835 502 1109 551 conducunt
1144 508 1394 550 automata
1431 500 1675 561 coelestia,
1717 500 1903 549 coelum
1927 502 2086 564 ipsum
2125 499 2475 563 quadamtenus

236 576 476 622 imitantia
513 582 648 622 motu
685 575 944 624 artificioso
985 577 1075 624 sibi
1114 571 1290 634 indito,
1341 574 1515 636 quibus
1554 573 1791 622 interdum
1828 580 2016 636 praeter
2053 573 2231 622 nudam
2259 571 2474 621 delecta-

235 648 415 694 tionem
451 661 542 694 sua
580 649 726 696 etiam
764 654 952 697 constat
990 649 1191 703 utilitaS,
1232 646 1368 695 coelo
1407 649 1689 709 praesertim
1727 646 1918 708 nubi103
1957 652 2043 695 aut
2079 660 2267 694 rursum
2306 645 2475 694 obser-

238 720 427 767 vatoria
479 719 728 768 condimus
766 723 1101 780 instrumenta,
1151 721 1306 782 primo
1354 718 1494 767 dictis
1546 724 1778 781 cognata,
1827 719 1911 767 sed
1960 733 2075 768 usus
2123 719 2390 767 communis
2428 722 2475 764 et

234 791 480 854 popularis
531 807 693 841 causa.
768 786 895 841 Hinc
942 792 1127 840 infinita
1177 793 1387 840 varietas
1425 794 1847 841 instrumentorum
1893 799 1966 840 est
2003 788 2129 850 crta,
2181 789 2473 839 certantibus

236 863 524 913 mechanicis
574 880 803 913 manuum
854 864 1069 913 sollertia
1119 878 1228 912 cum
1264 870 1618 926 geometrarum
1657 864 2144 913 demonstrationibus
2183 864 2472 925 ingeniosis-

235 938 384 985 simis.
461 937 731 1000 Praecipua
767 944 929 986 tamen
964 940 1023 984 -in
1063 937 1157 985 hoc
1196 939 1513 998 conveniunt,
1566 937 1696 1000 quod
1734 952 1841 986 cum
1879 942 2038 985 motus
2077 943 2125 985 et
2162 936 2472 998 apparentiae

238 1009 475 1058 coelestes
512 1011 608 1057 sint
646 1011 940 1072 sphaericae,
982 1010 1290 1066 cur‘vilineae‚
1329 1010 1471 1058 nobis
1512 1024 1624 1058 vero
1663 1016 1892 1058 terrarum
1932 1009 2100 1057 incolis
2131 1009 2377 1058 substrata
2412 1008 2476 1055 sit

235 1083 684 1131 facies-horizontis
722 1083 882 1145 plana,
920 1079 1238 1145 parietesque
1263 1084 1358 1130 sint
1395 1082 1458 1131 ad
1494 1083 1600 1145 ejus
1639 1082 2034 1146 perpendiculum
2072 1086 2231 1141 erecti,
2272 1094 2472 1143 corpora

238 1154 459 1216 denique,
501 1169 626 1217 quae
649 1156 870 1203 manibus
898 1161 1174 1214 tractamuS,
1214 1161 1299 1203 aut
1323 1155 1616 1220 planitiebus
1655 1158 1965 1204 terminentur
1990 1156 2150 1214 meris,
2190 1158 2274 1202 aut
2310 1154 2472 1200 mixtis

233 1227 407 1276 saltem
445 1242 503 1275 ex
540 1234 670 1276 recto
710 1234 757 1276 et
795 1243 965 1288 curvo,
1013 1231 1328 1276 instrumenta
1365 1229 1510 1290 igitur
1546 1229 1688 1276 nobis
1725 1227 1810 1277 illa
1847 1234 2057 1276 tractatu
2092 1225 2310 1275 faciliora
2346 1232 2474 1286 sunt,

242 1302 289 1347 in
328 1300 502 1361 quibus
529 1314 726 1348 curvum
764 1302 811 1347 in
839 1307 1021 1349 rectum
1059 1307 1131 1349 est
1156 1302 1476 1371 immutatum,
1518 1301 1785 1363 cujusmodi
1814 1307 1926 1348 suut
1964 1316 1989 1349 e
2014 1301 2253 1363 primariis
2280 1297 2475 1361 regulae

237 1372 400 1421 circuli
440 1372 759 1421 divisionibus
799 1374 1104 1436 exsculptae,
1157 1373 1468 1435 quadrata
1518 1374 1921 1435 geometrica
1966 1373 2149 1433 dictae,
2203 1370 2475 1420 astrola-

237 1446 366 1505 bia,
408 1450 456 1493 et
481 1451 675 1508 propter
698 1445 1026 1495 aedificiorum
1047 1446 1224 1509 planos
1248 1447 1472 1509 parietes,
1512 1448 1862 1495 sciaterica
1879 1484 1894 1511 ‚
1931 1447 2299 1494 instrumentum
2337 1458 2476 1493 usum

236 1518 456 1566 obtinens
502 1517 735 1566 latissime
785 1525 910 1567 terra
959 1521 1176 1581 marique
1214 1525 1488 1581 patentem,
1543 1533 1639 1581 quo
1689 1521 1770 1567 vix
1824 1532 1983 1568 carere
2021 1517 2228 1582 amplius
2267 1517 2479 1565 humana

234 1593 338 1639 vita
372 1595 547 1653 potest:
1323 1625 1329 1629 -

386 1662 524 1712 Haec
579 1662 765 1711 utilitas
827 1666 1086 1726 praecipue
1145 1663 1405 1719 famulatur
1457 1663 1786 1727 geographiae
1843 1670 1890 1712 et
1943 1667 2011 1712 rei
2064 1664 2310 1724 nauticae,
2365 1663 2480 1725 quia

238 1735 432 1784 chartae
469 1736 823 1799 geographicae
863 1737 1045 1786 habent
1083 1737 1288 1786 circulos
1326 1736 1560 1786 coelestes
1600 1739 1648 1784 in
1685 1737 1884 1800 planum
1921 1736 2179 1799 projectos.

388 1809 466 1856 Ad
515 1824 670 1870 quam
714 1816 914 1870 partem
950 1813 1262 1871 potissimum
1317 1811 1536 1874 refertur
1574 1810 1765 1858 libellus
1816 1809 1942 1857 iste?
1995 1809 2141 1857 Nulla
2190 1812 2263 1857 est
2312 1806 2479 1855 harum

241 1883 453 1944 quinque
503 1883 735 1944 partium,
790 1897 935 1944 quam
986 1896 1081 1931 non
1133 1883 1315 1932 delibet
1364 1885 1458 1931 ista
1498 1883 1736 1945 Epitome.
1811 1882 1935 1930 Nam
1983 1882 2246 1930 summaria
2294 1882 2480 1929 ratione

236 1956 467 2017 percurrit
506 1956 787 2002 varietatem
826 1957 1218 2018 apparentiarum
1258 1956 1553 2015 coelestium,
1594 1963 1642 2004 et
1678 1964 1731 2003 ut
1770 1969 1934 2004 earum
1974 1969 2150 2004 causae
2187 1952 2324 2003 reddi
2362 1967 2480 2016 pos-

237 2029 345 2084 sint,
388 2026 599 2089 explicat
637 2027 948 2091 hypotheseS,
986 2030 1291 2091 potissimum
1331 2028 1598 2091 Copernici,
1639 2027 1724 2077 sed
1763 2034 1812 2076 et
1848 2027 2095 2091 Tychonis
2133 2026 2342 2084 Brahei,
2395 2040 2483 2088 per

237 2100 416 2162 figuras
454 2106 502 2150 et
539 2101 854 2148 instrumenta
890 2100 1082 2162 idonea,
1121 2101 1376 2166 sphaeram
1416 2107 1463 2149 et
1500 2100 1740 2165 theorias3
1780 2100 2131 2164 disputationes
2168 2099 2397 2162 physicas
2436 2104 2483 2146 et

241 2171 600 2236 metaphysicas
640 2172 698 2221 de
738 2187 901 2220 earum
940 2175 1144 2223 veritate
1182 2175 1436 2234 interserit,
1476 2173 1642 2221 mundi
1667 2175 1878 2222 universi
1916 2173 2072 2222 ideam
2108 2173 2379 2220 interiorem
2420 2170 2481 2219 ob

240 2245 407 2293 oculos
446 2247 594 2308 ponit,
635 2247 863 2293 terminos
901 2249 1044 2308 artiS,
1083 2245 1309 2307 circuIOS,
1349 2261 1503 2306 arone,
1543 2245 1719 2306 lineaS,
1760 2245 1998 2311 angnloe,
2037 2246 2214 2308 quibus
2254 2242 2483 2293 utendum

240 2323 313 2366 est
349 2319 397 2364 in
436 2318 746 2377 astronomia,
787 2318 1013 2367 describit
1051 2318 1340 2382 definitque3
1381 2319 1644 2368 doctrinam
1673 2318 1731 2368 de
1769 2319 2034 2381 eclipsibus
2061 2317 2188 2368 Solis
2227 2324 2276 2366 et
2315 2316 2483 2366 Lunae

236 2389 396 2452 deque
450 2390 913 2452 configurationibus
959 2392 1263 2455 planetarum
1308 2394 1430 2441 inter
1477 2406 1528 2441 se
1568 2398 1616 2441 et
1662 2406 1770 2440 cum
1821 2390 2138 2440 luminaribus
2194 2387 2270 2457 (in
2309 2390 2484 2452 quibus

236 2463 454 2511 efficacia
494 2465 710 2512 consistit
748 2463 1049 2527 planetarum
1098 2467 1145 2512 in
1194 2466 1315 2514 haec
1352 2462 1604 2529 inferiora)
1653 2468 1901 2529 proponit3
1954 2465 2153 2512 formam
2202 2463 2344 2512 docet
2382 2460 2484 2510 cal-

237 2535 355 2596 culi,
405 2550 503 2598 quo
554 2551 662 2585 cum
711 2536 908 2585 tabulae
947 2537 1309 2602 Rudolphinae,
1364 2545 1465 2585 tum
1501 2540 1594 2602 ipsi
1632 2537 1938 2600 planetarum
1975 2538 2097 2585 situs
2135 2538 2239 2584 sine
2288 2533 2483 2595 tabuliS,

237 2608 371 2671 leges
411 2608 618 2672 denique
658 2609 1086 2658 construendorum
1123 2613 1546 2660 instrumentorum
1586 2616 1894 2678 computatae
1946 2615 2058 2658 suut
2097 2617 2183 2658 aut
2220 2608 2486 2672 computari

242 2688 459 2745 possunt.

385 2754 518 2816 Quia
542 2756 699 2816 iyitur
723 2755 929 2803 initium
964 2754 1258 2818 faciendum
1282 2762 1351 2803 est
1385 2755 1447 2803 ab
1475 2758 1803 2817 apparentiae,
1843 2756 2038 2819 explica
2063 2755 2228 2817 qualis
2252 2752 2486 2802 videatur

237 2840 331 2873 esse
368 2826 603 2875 mundus.
679 2827 943 2875 Mundus
993 2828 1142 2891 vulgo
1180 2833 1400 2891 putatur,
1454 2828 1607 2876 oculis
1644 2828 2009 2890 praeeuntibus,
2065 2841 2170 2876 esse
2216 2825 2485 2875 aedificium

238 2901 423 2960 ingenS,
465 2899 652 2947 duabus
692 2902 956 2964 potissimis
993 2907 1218 2949 constans
1259 2902 1489 2964 partibus,
1530 2900 1719 2949 Coelo
1760 2907 1808 2949 et
1845 2901 2053 2949 Terra.

380 2970 459 3018 De
483 2971 664 3020 Terrae
687 2974 854 3034 fiyura
881 2973 1006 3035 quid
1027 2973 1530 3022 sentiunthomines?
1567 2972 1769 3021 Videtur
1793 2973 1869 3022 Te
1885 2987 1982 3020 rra
2020 2971 2258 3020 latissima
2283 2969 2484 3035 planitie
2516 3007 2518 3010 >

241 3043 530 3092 circulariter
567 3059 814 3095 excurrere
853 3047 901 3092 in
941 3060 1106 3095 omnes
1142 3047 1313 3111 plagas
1353 3047 1478 3094 circa
1515 3051 1860 3108 spectatorem,
1913 3043 2041 3093 unde
2078 3044 2292 3092 Homero
2343 3040 2487 3106 εὐρυ-

241 3134 430 3177 στερνος
455 3135 561 3180 yma
601 3116 783 3168 dicitur.
860 3118 922 3166 Et
959 3121 1020 3168 ab
1045 3118 1139 3168 hac
1174 3120 1374 3183 planitie
1414 3121 1461 3165 in
1488 3117 1715 3167 circulum
1743 3118 2041 3167 laxissimum
2081 3120 2362 3180 exporrecta
2399 3114 2486 3164 de-

241 3189 377 3236 fluxit
426 3188 687 3252 appellatio
739 3189 924 3239 Orbis
978 3191 1337 3252 Terrarum,
1390 3197 1623 3254 usurpata
1674 3198 1772 3239 tam
1823 3192 1872 3238 in
1923 3189 2082 3239 Sacris
2135 3189 2286 3238 literis
2341 3202 2486 3251 quam

241 3260 371 3324 apud
409 3263 630 3309 nationes
668 3260 866 3311 ceteras

392 3333 658 3396 Quodnam
694 3341 883 3396 putant
908 3350 1003 3383 esse
1041 3337 1172 3385 orbis
1206 3336 1388 3384 sl'errae
1425 3335 1805 3385 meditullium?
1842 3334 2101 3395 Quaelibet
2125 3334 2273 3393 nati0,
2312 3335 2352 3381 si
2392 3347 2486 3380 nou

241 3406 384 3455 fuerit
435 3406 619 3454 imbuta
668 3407 797 3455 orbis
845 3409 1040 3469 notitia,
1096 3414 1298 3457 naturae
1341 3411 1572 3472 visusque
1612 3409 1839 3457 instinctu
1877 3412 2044 3470 putat,
2096 3421 2234 3454 suam
2282 3407 2486 3468 patriam

243 3493 348 3528 esse
396 3479 444 3525 in
495 3484 656 3527 centro
705 3494 790 3528 seu
839 3480 999 3528 medio
1038 3481 1183 3543 hujus
1231 3481 1364 3544 plani
1403 3481 1580 3530 circuli.
1657 3480 1869 3529 Credunt
1907 3478 1956 3526 id
1994 3477 2153 3527 adhuc
2190 3477 2334 3528 hodie
2374 3477 2485 3526 vul-

242 3565 332 3614 gus
378 3549 701 3611 Judaeorum,
755 3551 1111 3616 Jerosolymas,
1159 3556 1318 3615 gentis
1355 3568 1472 3603 suae
1511 3556 1761 3618 pristinam
1799 3553 2030 3616 patriam,
2081 3552 2222 3600 sitam
2276 3565 2382 3600 esse
2435 3552 2486 3596 in

243 3623 400 3672 medio
438 3623 620 3670 mundi.
1483 3676 1485 3678 q

389 3696 466 3743 De
504 3698 649 3758 aquis
699 3710 814 3746 vero
853 3696 976 3759 quid
1017 3698 1210 3746 videtur
1247 3699 1571 3748 hominibus?
1623 3698 1750 3760 Quia
1787 3697 2061 3746 hominibus
2099 3710 2243 3758 quam
2286 3701 2488 3761 possunt

247 3769 526 3831 longissime
565 3769 715 3818 Terra
752 3769 1170 3832 progredientibus
1198 3771 1391 3820 tandem
1430 3774 1635 3822 occurrit
1663 3785 1886 3831 oceanus,
1926 3769 2037 3819 ideo
2077 3768 2271 3832 quidam
2297 3774 2485 3834 putant,

247 3842 443 3890 Terram
480 3842 631 3891 instar
669 3840 786 3890 disci
825 3845 1041 3893 innatare
1078 3844 1244 3906 aquis,
1294 3859 1448 3908 aquas
1487 3859 1601 3894 vero
1652 3844 1883 3894 contineri
1921 3849 2058 3906 parte
2095 3842 2319 3894 inferiore
2363 3841 2487 3890 coeli
