2554 4140
839 134 975 182 Liber
1001 134 1191 182 Primus.
1251 134 1365 180 Pars
1395 132 1576 193 qma.
2236 133 2337 185 185

96 285 373 350 Scripturae
416 281 717 332 locutionum
757 281 818 333 de
862 283 1031 332 mundi
1066 288 1383 346 motuumque
1422 281 1603 345 figura,
1654 280 1713 331 de
1752 282 1929 346 quibus
1966 280 2101 331 nulla
2145 285 2342 331 contro-

94 359 255 406 versia
294 361 400 417 est3
439 369 523 404 cur
559 355 706 418 igitur
744 357 871 406 circa
909 356 1069 406 solum
1106 356 1284 406 Terrae
1320 360 1506 403 motum
1543 353 1622 402 hic
1657 353 1925 404 sudamus?

238 426 491 490 Quaedam
544 429 690 476 etiam
728 427 824 479 huc
862 429 1144 490 trahuntur,
1198 442 1260 477 ne
1298 426 1362 477 ad
1399 440 1593 476 sensum
1633 426 1828 490 quidem
1868 426 2115 476 oculorum
2155 426 2342 475 exami-

93 501 267 559 nanda,
307 499 394 549 sed
432 500 576 565 plane
614 500 775 550 aliena
812 519 842 552 a
877 516 1026 568 scopo
1063 506 1244 562 nostr0,
1284 507 1337 549 ut
1376 500 1765 549 circumstantiae
1803 506 1965 549 textus
2003 505 2236 564 arguunt3
2287 505 2343 548 ut

93 589 201 624 cum
237 586 334 622 nou
374 572 433 621 de
471 578 602 622 statu
638 574 720 624 vel
759 576 922 638 quiete
960 575 1308 634 astronomica,
1363 571 1447 621 sed
1488 571 1547 622 de
1601 570 1854 622 duratione
1891 572 2096 637 physica
2133 571 2341 621 Telluris

90 647 367 710 loquuntur,
405 647 757 696 intereuntibus
795 650 985 698 interim
1022 647 1431 709 nascentibusque
1481 644 1775 694 animalibus
1811 646 1859 692 in
1913 644 2020 707 ejus
2073 645 2340 710 superficie,

90 725 175 768 aut
213 733 322 767 cum
360 717 603 768 firmitudo
642 720 764 781 soli,
816 735 962 786 super
999 719 1129 785 quod
1167 718 1499 782 ingrediuntur
1536 717 1795 778 animalia,
1844 731 1952 766 cum
1990 719 2136 766 variis
2176 732 2342 767 eorum

89 791 300 842 motibus
352 798 685 858 comparatur,
740 799 827 842 aut
865 809 973 843 cum
1011 793 1246 856 allegoria
1282 798 1383 851 est,
1437 805 1535 854 qua
1586 805 1670 855 per
1706 789 2116 840 confirmationem
2155 790 2342 840 colum-

86 879 258 915 narum
295 864 474 914 Terrae
512 868 673 931 sopita
711 866 841 915 bella
879 872 927 916 et
963 866 1162 932 publica
1199 863 1526 927 tranquillitas
1564 864 1791 913 innuitur.

227 938 273 985 3.
314 936 561 999 Quantum
579 938 643 988 ad
663 941 1001 988 auctoritatem
1016 936 1432 1004 philosophorum,
1455 936 1667 986 ostendit
1684 936 1996 1001 Copernicus,
2018 949 2115 984 non
2132 935 2341 986 defuisse

87 1011 251 1060 statim
289 1011 413 1059 inter
449 1013 687 1076 principia
723 1018 869 1061 natae
909 1012 1250 1072 astronomiae,
1291 1010 1374 1073 qui
1397 1009 1596 1059 Terram
1632 1010 1818 1059 moveri
1858 1009 1921 1058 ab
1961 1023 2138 1058 occasu
2164 1009 2223 1065 ¹in
2262 1023 2342 1058 or-

84 1091 188 1133 tum
226 1089 511 1145 statuerent,
550 1084 770 1135 Nicetam
809 1083 941 1151 apud
979 1084 1289 1144 Ciceronem,
1330 1081 1610 1132 Philolaum
1650 1089 1698 1133 et
1737 1081 2048 1148 Ecphantum'
2078 1082 2338 1148 Pythago-

85 1170 251 1216 raeos,
292 1155 605 1207 Heraclidem
640 1157 899 1207 Ponticum
937 1156 1069 1222 apud
1106 1154 1447 1219 Plutarchum3
1487 1157 1664 1220 quibus
1702 1153 1828 1214 adde
1868 1170 1927 1205 ex
1966 1154 2257 1205 Archimede
2296 1161 2345 1205 et

84 1228 255 1280 codem
293 1228 556 1280 Plutarcho
596 1230 930 1280 Aristarchum
967 1230 1214 1292 Samium,
1270 1229 1521 1294 Cleanthis
1563 1228 1846 1293 aequalem,
1896 1244 1927 1278 a
1964 1242 2062 1292 quo
2090 1229 2343 1292 ¹sacrilegii

84 1307 339 1374 accusatus
378 1311 453 1353 est
497 1302 629 1369 apud
666 1306 1001 1369 areopagitas,
1053 1302 1183 1366 quod
1224 1302 1408 1352 Vestae
1446 1317 1587 1352 sacra
1624 1304 1880 1364 movisset,
1921 1302 2117 1352 Terram
2158 1303 2343 1352 moveri

85 1389 322 1425 asserens.

225 1446 477 1498 Hodierno
503 1450 720 1510 tempore
756 1449 1159 1513 praestantissimi
1201 1449 1384 1512 quique
1421 1447 1822 1514 philosophorum
1869 1454 1919 1498 et
1955 1453 2355 1500 astronomorum.

85 1521 352 1587 Copernico
392 1518 762 1584 adstipulantur,
799 1528 933 1571 secta
971 1530 1044 1572 est
1081 1521 1206 1572 haec
1242 1521 1442 1586 glacies,
1483 1522 1723 1571 vincimus
1762 1522 2003 1586 suffragiis
2041 1522 2340 1584 melioribus,

83 1597 256 1644 ceteris
302 1608 428 1659 pene
476 1591 584 1642 sola
631 1594 796 1643 obstat
844 1596 1123 1660 superstitio
1163 1600 1250 1644 aut
1298 1601 1456 1644 metus
1494 1609 1526 1644 a
1564 1595 1899 1647 Cleanthibus.
1975 1594 2086 1645 Hoc
2123 1609 2240 1647 vero
2280 1610 2340 1645 ex

81 1667 348 1718 abundanti
394 1670 496 1728 est;
546 1679 662 1714 nam
694 1668 803 1718 *etsi
839 1668 1003 1718 nullus
1039 1670 1253 1734 priorum
1291 1666 1408 1717 huic
1444 1669 1640 1718 veritati
1679 1670 2009 1720 testimonium
2045 1668 2337 1735 perhiberet,

83 1755 181 1790 non
233 1755 292 1790 eo
351 1741 510 1788 minus
550 1737 650 1804 ¹illa
702 1740 996 1806 philosopho
1059 1742 1202 1792 fuerit
1254 1740 1608 1806 amplectenda.
1707 1742 1834 1791 Nam
1885 1747 1941 1791 ut
1991 1743 2039 1790 in
2090 1741 2341 1806 theologia

83 1814 357 1863 Christiana
386 1810 695 1877 praepostere
733 1815 850 1877 agit,
891 1815 988 1878 qui,
1029 1829 1060 1864 a
1095 1815 1282 1864 ratione
1307 1815 1441 1880 prius
1478 1816 1630 1879 petito
1657 1816 1904 1878 suffragio,
1945 1820 2117 1880 postea
2146 1814 2340 1865 demum

83 1889 396 1936 auctoritates
433 1883 684 1950 ponderat,
725 1889 796 1936 sic
832 1901 930 1936 non
966 1888 1126 1937 minus
1163 1888 1382 1952 ineptum
1421 1892 1496 1943 est
1532 1889 1582 1936 in
1620 1887 1949 1953 philosophia,
1990 1889 2194 1953 primum
2220 1903 2343 1938 anc-

81 1959 358 2010 toritatibus
384 1958 624 2023 expensis,
664 1965 837 2024 postea
873 1959 1066 2010 demum
1092 1959 1156 2010 ad
1180 1961 1394 2010 rationes
1434 1962 1652 2011 transire.
1729 1961 2022 2026 Quanquam
2061 1961 2239 2026 vulgus
2275 1962 2341 2010 li-

82 2039 359 2094 teratorum,
397 2031 530 2081 haud
567 2031 720 2082 multo
759 2033 906 2082 altius
942 2035 1138 2099 sapiens
1164 2033 1420 2097 illiteratis,
1459 2033 1575 2084 foris
1613 2034 1809 2099 quidem
1847 2036 2161 2085 auctoritates
2199 2050 2343 2100 prae-

82 2105 313 2167 tendunt,
359 2119 524 2156 secum
573 2106 668 2170 ipsi
705 2119 820 2156 vero
870 2108 1003 2172 prius
1041 2106 1306 2157 absurdum
1345 2113 1393 2157 et
1429 2107 1675 2157 insuetum
1714 2108 1892 2172 dogma
1927 2108 2158 2158 falsitatis
2196 2108 2340 2158 dam-

82 2186 201 2230 nant
237 2179 515 2243 ignorantia
550 2180 698 2240 caeci,
737 2179 869 2243 quod
895 2186 1155 2245 postquam
1195 2180 1420 2230 omuibus
1444 2179 1602 2230 modis
1639 2181 1972 2246 repellendum
2013 2187 2061 2231 et
2087 2181 2342 2241 destruen-

86 2251 201 2302 dum
239 2267 347 2303 esse
386 2257 682 2313 statuerunt,
737 2259 839 2302 tum
891 2253 1085 2304 demum
1132 2255 1447 2304 auctoritates
1499 2256 1891 2321 circumspiciunt
1942 2256 2102 2319 iisque
2142 2270 2196 2305 se
2233 2269 2344 2305 mu-

82 2327 223 2375 niunt
273 2331 323 2375 et
367 2332 584 2386 armant,
633 2327 879 2391 excepturi
926 2332 1094 2377 contra
1145 2326 1341 2377 easdem
1385 2326 1642 2392 profanas,
1694 2342 1858 2379 sacras
1907 2330 2010 2378 sine
2052 2327 2341 2391 discrimine,

83 2398 243 2448 modis
279 2397 474 2460 iisdem,
525 2399 704 2463 quibus
743 2399 1065 2465 Copernicus,
1115 2402 1158 2449 si
1195 2415 1279 2451 eas
1317 2416 1348 2450 a
1397 2401 1617 2466 partibus
1655 2401 1889 2468 paradoxi
1930 2400 2174 2465 dogmatis
2212 2408 2341 2452 stare

84 2470 519 2537 deprehenderent:
558 2471 690 2536 quod
729 2471 1060 2523 demonstrant
1097 2475 1146 2522 in
1183 2473 1308 2524 libro
1347 2472 1493 2524 Jobis
1522 2488 1628 2539 cap.
1671 2477 1756 2539 38,
1795 2490 1905 2526 cum
1932 2477 2042 2539 quis
2080 2473 2192 2525 inde
2218 2475 2342 2524 Ter-

83 2560 187 2596 ram
223 2544 421 2612 planam
458 2552 509 2596 et
545 2544 608 2595 ad
645 2546 846 2596 funiculi
884 2548 1116 2597 amussim
1154 2552 1405 2598 extensam
1443 2549 1738 2614 insuperque
1777 2548 2015 2600 columnis
2049 2547 2342 2613 quibusdam

87 2620 443 2685 superpositam
479 2619 668 2684 probat,
707 2625 764 2669 ut
798 2619 942 2671 litera
978 2626 1136 2673 sonat.

921 2761 1076 2809 les
1104 2761 1272 2809 LIBRI
1302 2752 1489 2809 PRIMI.
