2554 4140
181 90 294 171 ⁷672
991 115 1045 158 In
1082 112 1279 158 Tabulas
1311 115 1623 174 Rudolphinas

191 279 280 329 ego
334 277 526 327 quoque
575 262 813 322 indicavi,
870 267 918 310 et
955 275 1065 309 mea
1103 260 1162 310 de
1201 261 1277 308 his
1327 267 1488 310 exstat
1526 264 1762 325 epistola,
1815 280 1942 313 anno
1987 267 2119 314 1601
2164 264 2332 314 Gratio
2371 266 2435 314 ad

189 337 304 386 Joh.
346 336 612 383 Antonium
651 334 929 397 Maginum,
981 333 1312 382 Professorem
1349 331 1624 382 matheseos
1663 338 1711 383 in
1749 340 2004 400 gymnasio
2046 338 2285 386 Patavino
2323 353 2436 401 per-

188 412 388 471 scripta,
431 422 577 470 quam
616 407 698 455 ille
739 413 851 455 ante
889 407 979 454 hos
1026 408 1086 452 12
1127 420 1294 465 annOS‚
1334 421 1410 454 me
1449 409 1626 468 inscio,
1665 411 1870 470 primum
1911 411 2060 459 edidit
2098 411 2349 459 Bononiae
2389 414 2435 458 in

187 496 274 529 suo
314 480 650 555 supplemento
690 478 1092 542 Ephemeridum,
1146 485 1317 540 estque
1354 476 1579 527 recusum
1628 479 1721 534 hoc
1758 482 1863 543 ejus
1904 498 2024 546 opus
2079 498 2187 532 cum
2228 483 2437 548 epistola

185 567 294 603 mea
331 566 457 600 anno
503 554 639 600 1614
678 552 997 600 Francofurti.
1036 557 1131 600 (cfr.
1164 559 1244 599 vol
1278 558 1523 608 111.p.37
1557 565 1626 606 ss)

335 625 456 673 Cum
495 632 659 673 autem
698 624 1054 673 Commentaria
1090 639 1199 673 mea
1243 624 1346 686 jam
1386 624 1515 672 dicta
1553 624 1612 672 de
1649 625 1860 674 motibus
1907 628 2075 677 stellae
2114 628 2286 676 Martis
2323 634 2435 676 tan-

185 713 332 761 quam
381 702 565 762 partem
615 700 772 761 operis
818 698 1091 747 tabularum
1145 712 1174 744 a
1227 696 1459 759 Tychone
1508 696 1699 745 Braheo
1750 697 1931 759 relicti,
1986 703 2191 762 primum
2241 704 2436 763 incepta

182 771 476 831 Benaticae,
530 769 762 819 ediderim
809 777 921 835 post
960 784 1112 818 annos
1157 785 1186 817 a
1223 775 1376 817 morte
1414 769 1663 832 Tychonis
1704 777 1838 831 octo,
1891 771 2144 835 Magium,
2193 788 2434 822 morarum

186 845 471 906 impatiens,
524 858 583 892 ex
622 857 679 891 eo
720 858 863 906 opere
903 843 1204 906 computavit
1241 841 1436 890 tabulas
1475 842 1976 905 prosthaphaereseon
2000 845 2185 894 'Martis
2225 862 2284 895 ex
2322 846 2435 894 sun-

185 916 428 965 damentis
468 916 662 978 quidem
701 932 730 965 a
768 931 844 964 me
883 917 1081 978 positis,
1131 921 1183 963 at
1218 914 1373 962 forma
1421 922 1580 963 tamen
1622 918 1828 977 usitata,
1882 932 2062 980 easque
2099 925 2283 980 partem
2322 919 2434 967 fecit

183 990 508 1054 supplementi
554 991 657 1050 sui;
709 991 935 1052 repetivit
983 995 1030 1036 et
1085 986 1277 1035 tabulas
1328 994 1546 1035 motuum
1597 987 1726 1036 Solis
1778 995 1846 1039 et.
1874 989 2040 1038 Lunae
2091 1005 2150 1038 ex
2198 991 2352 1040 Tomo
2392 991 2431 1040 Ι.

182 1061 687 1127 Progymnasmatum.
751 1061 1079 1109 Millenarium
1121 1075 1235 1112 vero
1274 1059 1477 1108 fixarum
1515 1060 1715 1123 plenum
1753 1068 1799 1110 et
1826 1062 2087 1125 perfecerat
2114 1062 2282 1126 Tycho
2309 1065 2434 1112 Bra-

181 1135 318 1195 heUS,
358 1141 617 1197 antequam
657 1137 842 1183 veniret
887 1136 936 1180 in
975 1133 1289 1205 Bohemiam,
1343 1140 1391 1181 et
1429 1134 1724 1196 exemplaria
1773 1137 2103 1198 manuscripta
2151 1138 2332 1200 passim
2371 1136 2433 1184 ad

188 1208 508 1257 bibliothecas
547 1207 736 1270 Regum
777 1214 824 1255 et
861 1207 1139 1269 Principum
1179 1207 1458 1254 transmisit
1538 1204 1691 1255 Unius
1719 1207 1958 1256 Viennam
1996 1210 2129 1256 missi
2168 1208 2294 1257 lator
2330 1211 2404 1271 ips
2409 1224 2434 1258 e

183 1282 276 1342 sui,
331 1295 438 1328 cum
489 1295 615 1328 anno
662 1282 813 1330 1600.
852 1281 1089 1328 Benatica
1139 1278 1404 1327 Bohemiae
1456 1278 1706 1328 discedens
1757 1283 1899 1343 inque
1949 1281 2160 1345 Styriam
2214 1296 2432 1345 pergenS,

181 1353 422 1402 Viennam
450 1356 743 1402 transissem.
807 1353 879 1401 Ex
906 1353 1077 1400 horum
1115 1353 1260 1414 igitur
1288 1351 1634 1414 exemplarium
1654 1367 1751 1400 uno
1773 1353 2055 1403 crediderim
2077 1353 2110 1402 J
2125 1369 2152 1402 o
2171 1354 2332 1402 hann
2349 1369 2434 1402 em

184 1425 730 1489 Gruenpergerum
783 1442 807 1475 e
847 1426 956 1474 Soc.
982 1425 1119 1482 ,Iesu
1170 1424 1258 1472 has
1308 1423 1440 1472 mille
1479 1425 1600 1474 fixas
1650 1427 1698 1472 in
1738 1440 1876 1474 suam
1924 1426 1982 1476 de
2022 1427 2130 1475 fixis
2169 1427 2430 1475 editionem

179 1499 450 1549 Romanam
486 1498 761 1562 derivasse3
810 1513 923 1547 nam
961 1499 1147 1569 numpri
1189 1499 1505 1546 consentiunt„
1586 1498 1793 1547 Easdem
1833 1499 1963 1548 mille
2003 1499 2122 1548 fixas
2163 1506 2211 1548 et
2247 1499 2432 1563 Longi-

179 1581 438 1621 montanus
479 1574 527 1619 in
565 1587 704 1621 suam
743 1572 1102 1620 Astronomiam
1132 1570 1371 1619 Danicam
1411 1572 1627 1629 inseruit,
1668 1574 1812 1620 unico
1851 1572 2164 1635 longitudinis
2203 1573 2430 1636 scrupulo

178 1644 466 1709 differentes.

324 1719 402 1767 Ita
434 1718 539 1781 jam
578 1717 661 1765 diu
700 1724 795 1778 est,
857 1731 965 1766 cum
1005 1731 1063 1765 ex
1100 1715 1195 1764 hoc
1244 1718 1568 1764 astronomiae
1608 1716 1894 1765 Braheanae
1939 1718 2192 1780 naufragio
2232 1718 2426 1767 tabulas

183 1799 413 1855 exceptas
454 1792 658 1855 cymbae
712 1793 918 1853 quisque
958 1804 1076 1839 suae
1115 1789 1294 1851 affigit,
1350 1795 1638 1851 constatque
1678 1790 1908 1838 studiosis
1959 1793 2283 1839 astronomiae
2322 1790 2435 1854 plu-

185 1867 308 1913 rium
348 1865 654 1924 testimoni0‚
710 1878 950 1926 quaenam
988 1863 1161 1911 harum
1198 1860 1474 1910 tabularum
1511 1868 1673 1925 partes
1712 1862 1959 1926 Tychonis
1997 1862 2173 1912 Brahei
2212 1865 2308 1912 sint
2345 1878 2434 1926 ge-

184 1940 380 1999 nuinae,
421 1951 546 2000 quae
585 1938 801 1985 vicissim
840 1951 993 1995 meae,
1034 1932 1117 1984 aut
1145 1935 1322 1997 quibus
1361 1950 1541 1983 novam
1567 1950 1656 1998 ego
1690 1937 1890 1984 sormam
1920 1936 2186 1985 indiderim.
2253 1934 2436 1985 Obser-

183 2013 408 2060 vationes
448 2016 575 2059 certe
602 2010 990 2059 fundamentales
1028 2009 1295 2073 praesentis
1323 2009 1496 2057 aetatis
1536 2009 1812 2071 ubicunque
1840 2010 1974 2073 potui
2014 2024 2073 2058 ex
2111 2009 2216 2058 solo
2241 2008 2432 2058 Braheo

182 2084 366 2146 delegi,
419 2089 685 2132 ceterorum
739 2091 786 2132 et
824 2097 957 2131 meas
997 2080 1254 2130 nonnullas
1304 2086 1490 2129 tantum
1542 2086 1628 2129 aut
1665 2096 1926 2131 consensus
1965 2096 2136 2144 causa,
2193 2089 2278 2131 aut
2315 2084 2432 2145 quia

181 2156 490 2220 Tychonicae
528 2155 591 2204 ad
630 2155 731 2205 dies
770 2156 887 2203 mihi
926 2162 1224 2217 opportunos
1263 2167 1358 2201 non
1398 2154 1747 2218 suppetebant,
1788 2154 1990 2203 adscivi.

322 2229 504 2277 Verum
543 2228 602 2276 de
641 2228 779 2277 hisce
821 2228 1026 2290 singulis
1067 2233 1130 2280 et„
1154 2225 1334 2273 dictum
1362 2233 1435 2274 est
1472 2226 1688 2274 nonnihil
1726 2228 1774 2273 in
1805 2226 2160 2276 introductione
2200 2226 2262 2276 ad
2299 2242 2432 2276 meas

179 2301 527 2365 Ephemerides
567 2306 616 2349 et
652 2302 792 2365 plura
831 2299 1023 2349 dicendi
1071 2299 1208 2346 locus
1249 2300 1338 2346 erit
1376 2298 1514 2349 alius,
1589 2299 1809 2348 Tabulae
1850 2301 1975 2348 enim
2025 2302 2306 2348 manuariae
2345 2298 2432 2348 de—

175 2374 504 2427 bent⁸vacare
541 2373 770 2436 pondere,
811 2372 941 2436 quod
980 2387 1010 2420 a
1046 2371 1247 2434 prolixis
1286 2373 1567 2419 commentis
1606 2372 1979 2421 eis‘accederet.
2049 2373 2246 2421 Interim
2285 2373 2432 2421 habet

176 2444 329 2495 lector
368 2445 550 2495 editam
587 2463 618 2495 a
654 2462 730 2495 me
770 2461 897 2495 anno
944 2447 1095 2494 1621.
1138 2444 1389 2506 Epitomes
1429 2443 1768 2493 Astronomiae
1815 2442 2004 2508 partem
2040 2429 2327 2506 theoricam,
2378 2447 2427 2492 in

83 2564 88 2565 ι
178 2533 274 2581 quo
323 2519 447 2567 libro
501 2526 547 2567 et
585 2519 764 2568 formas
800 2518 1143 2583 hypothesium
1191 2516 1554 2579 particularium
1593 2516 1852 2584 (generalis
1903 2520 2054 2579 enim,
2104 2520 2243 2566 utin
2283 2519 2431 2566 Com-

176 2594 426 2640 mentariis
465 2591 636 2640 Martis
697 2591 1051 2650 demonstravi,
1109 2591 1375 2637 communis
1424 2597 1496 2638 est
1547 2598 1594 2639 et
1645 2590 1928 2639 Ptolemaeo
1979 2597 2026 2639 et
2065 2569 2375 2654 Copcrnico
2384 2597 2432 2640 et

175 2664 418 2729 Tychoni)
457 2670 504 2713 et
540 2664 824 2714 methodum
863 2661 1176 2727 computandi
1216 2677 1275 2711 ex
1314 2664 1375 2711 iis
1415 2677 1580 2712 omnes
1619 2670 1667 2712 et
1705 2664 1921 2727 singulas
1960 2663 2131 2712 harum
2157 2663 2431 2713 tabularum

173 2744 335 2800 partes
372 2739 600 2786 inveniet.

317 2810 412 2859 Hic
459 2817 720 2873 antequam
773 2810 990 2872 desinam
1038 2808 1177 2857 locus
1217 2807 1413 2870 quidem
1462 2822 1540 2856 me
1591 2807 1848 2877 admonet,
1899 2814 1954 2856 ut
2004 2823 2230 2858 excusem
2269 2822 2429 2857 moras

176 2882 403 2932 editionis
452 2884 729 2932 tabularum
778 2884 978 2931 istarum
1024 2888 1124 2947 tam
1172 2881 1445 2941 diuturnas3
1500 2881 1679 2943 quippe
1722 2880 1800 2930 hic
1836 2882 2095 2930 vicesimus
2135 2888 2184 2930 et
2221 2887 2421 2944 quartus

177 2961 250 3004 est
305 2971 335 3005 a
391 2961 545 3005 morte
593 2956 841 3020 Tychonis
890 2953 1068 3004 Brahei
1122 2968 1299 3015 annus,
1357 2968 1453 3016 quo
1507 2967 1598 3015 ego
1649 2958 1753 3002 toto
1803 2959 2020 3016 tempore
2071 2955 2215 3002 trium
2265 2953 2421 3018 Impp.

177 3027 538 3078 Austriacorum
576 3028 820 3093 stipendia
855 3041 1016 3077 mereo
1055 3027 1230 3087 aulica,
1272 3027 1449 3088 quibus
1476 3027 1680 3074 accessit
1717 3027 2064 3089 posterioribus
2094 3029 2234 3075 annis
2276 3028 2424 3076 etiam

175 3099 436 3150 Procerum
473 3101 832 3151 Archiducatus
874 3101 1099 3149 Austriae
1127 3099 1486 3162 Supranisanae
1526 3099 1817 3162 stipendium
1858 3113 2086 3148 annuum.
2164 3100 2346 3148 Verum
2384 3101 2426 3147 si

174 3177 364 3235 tempus
404 3174 584 3222 dudum
623 3177 854 3223 amissum
893 3173 1033 3222 aliter
1068 3173 1262 3235 pensari
1299 3173 1482 3234 nequit,
1510 3173 1616 3219 ‘nisi
1654 3178 1701 3220 et
1728 3174 1957 3234 temporis
1996 3178 2044 3221 et
2077 3185 2254 3234 operae
2280 3185 2426 3235 prae-

175 3246 325 3292 sentis
376 3247 648 3309 impendio,
702 3249 864 3312 potius
908 3247 1057 3309 igitur
1107 3246 1382 3308 praesentia
1431 3245 1749 3305 retineamus,
1799 3245 1967 3308 elapsa
2009 3242 2337 3307 relinquamus
2375 3246 2424 3291 in
2507 3301 2510 3307 Δ

174 3318 427 3379 vituperio,
503 3319 606 3367 Etsi
646 3319 954 3369 difficultates
993 3318 1258 3367 aulicorum
1282 3317 1748 3380 impedimentorum,
1787 3319 2070 3380 praesertim
2097 3317 2239 3365 bellis
2271 3319 2423 3365 inter·
2486 3352 2505 3377 ,Χ

176 3390 492 3450 currentibuS,
531 3406 688 3454 neque
730 3394 938 3456 expertis
979 3404 1352 3440 commemorare
1390 3404 1589 3439 necesse
1611 3396 1697 3450 est,
1735 3405 1893 3452 neque
1929 3390 2107 3452 ignaris
2132 3389 2423 3454 persuadere

174 3462 332 3510 facile.
412 3461 539 3522 Quid
577 3479 718 3525 vero,
771 3466 1011 3528 superatis
1050 3466 1109 3512 iis
1150 3462 1542 3523 difficultatibus,
1591 3462 1905 3511 meditatione
1944 3465 2035 3511 sim
2073 3464 2263 3511 interim
2304 3476 2423 3510 con-

175 3541 370 3583 secutus
396 3533 606 3594 assidua,
648 3551 772 3598 quae
800 3536 1054 3586 commoda
1092 3551 1150 3585 ex
1188 3538 1350 3596 moris,
1391 3537 1685 3584 contentioni
1712 3534 2080 3583 meditationum
2106 3536 2417 3597 interpositiS,

175 3605 556 3656 redundaverint
607 3609 654 3653 in
700 3611 1043 3670 perfectionem
1092 3608 1432 3672 philosophiae
1479 3607 1752 3667 coelestiS„
1779 3613 1827 3655 et
1864 3607 1974 3655 libri
2011 3610 2108 3656 mei
2144 3607 2419 3669 loquentur,

177 3694 299 3742 quos
354 3681 539 3728 interea
575 3679 782 3740 publicis
819 3684 990 3731 usibus
1029 3682 1248 3742 exhibui,
1301 3687 1349 3730 et
1400 3683 1522 3730 ratio
1560 3682 1665 3744 ipsa
1702 3679 2079 3742 philosophandi
2129 3682 2418 3741 novitasque
2497 3720 2499 3723 .

121 3775 123 3777 >
175 3753 511 3802 inventionum
577 3753 822 3814 totiusque
869 3757 1194 3803 astronomiae
1243 3753 1499 3802 translatio
1550 3751 1860 3814 inopinabilis
1912 3767 1942 3799 a
1990 3752 2180 3801 circulis
2235 3751 2416 3800 fictitiis

176 3824 240 3874 ad
278 3839 451 3875 causas
487 3823 758 3886 naturales,
807 3825 1042 3888 indagatu
1087 3826 1513 3890 profundissimas,
1565 3823 1806 3886 explicatu
1856 3830 1904 3872 et
1943 3824 2211 3886 calculatu,
2261 3826 2415 3886 primo
