2554 4140
836 116 974 166 Liber
1004 115 1198 163 Tertius.
1255 117 1368 164 Pars
1399 114 1617 163 Secunda.
2239 120 2349 174 2379

102 267 256 319 partes
288 261 421 310 etiam
451 261 539 305 hae
569 260 715 307 factae
746 267 992 318 sequentur
1021 262 1360 321 proportionem
1391 259 1462 304 sui
1493 259 1720 314 quaelibet
1751 259 1905 306 lateris
1936 259 2110 322 reliqui,
2140 259 2220 307 illa
2250 259 2345 316 qui-

14 367 22 376 „
101 327 202 371 dem
230 327 311 372 ΕΤ
342 325 573 383 eclipticae
603 339 734 371 arcus
766 325 859 383 EO,
890 326 1002 372 haec
1031 340 1135 372 vero
1166 325 1245 382 TQ
1276 322 1582 382 amplitudinis
1616 323 1783 368 ortivae
1816 323 1909 380 ΩΟ.

248 410 388 473 Quae
431 411 565 458 ratio
612 416 680 457 est
724 417 862 459 ortus
911 417 956 459 et
998 424 1199 460 occasus
1246 411 1509 471 simiorum
1540 422 1637 468 per
1683 409 1792 456 illos
1837 408 2080 469 sphaerae
2114 410 2302 473 positus
2317 408 2343 455 Ρ

103 481 182 530 Ab
239 487 502 544 aequatore
559 497 712 544 usque
767 482 830 531 ad
883 484 1099 545 polarem
1146 484 1361 530 oriuntur
1411 482 1575 529 omnia
1626 482 1790 542 signa,
1848 486 1896 528 et
1941 479 2109 541 ordine
2145 480 2343 545 quidem

101 560 254 613 recto,
307 563 540 616 secatque
588 555 789 605 horizon
836 555 1108 618 eclipticam
1157 557 1283 603 intra
1320 554 1556 616 tropicum
1607 553 1803 614 quidem
1841 553 1914 601 bis
1951 553 2143 615 angulis
2182 555 2347 616 rectis,

101 628 290 688 quoties
329 641 398 675 sc.
449 627 591 690 polus
630 628 736 690 ejus
774 630 823 675 in
861 628 1161 677 horizontem
1201 629 1355 688 venit3
1416 626 1507 673 sub
1559 625 1744 687 tropico
1799 623 1847 671 id
1887 624 1940 671 fit
1977 626 2157 691 semel,
2212 634 2347 674 extra

101 699 337 761 tropicum
387 713 543 762 usque
596 700 659 749 ad
707 701 925 763 polarem
971 702 1124 750 sectio
1177 706 1249 749 est
1287 701 1439 762 magis
1477 699 1730 760 magisque
1780 696 2003 759 obliqua,
2052 699 2141 745 sub
2187 699 2344 761 polari
2409 742 2426 750 ,

98 773 280 825 arctico
315 770 542 835 ecliptica
575 773 796 836 jungitur
832 773 1070 822 horizonti
1108 772 1275 833 semel,
1315 777 1362 820 et
1398 771 1562 819 subito
1601 776 1731 818 totus
1769 769 2121 830 semicirculus„
2171 785 2343 819 ascen-

101 842 221 897 dens
259 843 431 904 dictus,
471 860 559 894 seu
596 848 645 893 in
685 846 825 908 cujus
863 846 1023 896 medio
1061 860 1266 895 vernum
1302 851 1376 894 est
1413 845 1788 906 aequinoctium,
1832 842 1975 890 simul
2014 845 2062 889 in
2100 851 2344 892 momento

101 917 274 977 oritur3
324 917 554 980 reliquus,
594 933 679 980 per
720 933 863 981 quem
902 918 988 969 Sol
1027 917 1316 967 descendere
1355 923 1600 975 censetur,
1650 931 1679 964 a
1718 915 1903 964 Cancro
1942 929 2027 978 per
2063 915 2259 963 Libram
2297 918 2347 964 in

29 1013 39 1021 ·
103 987 449 1052 Capricornum
487 990 658 1040 eodem
695 999 939 1040 momento
979 990 1252 1052 descendit3
1305 989 1544 1052 simulque
1596 991 1643 1035 in
1683 990 1789 1052 ipsa
1825 990 2039 1037 sectione
2078 987 2343 1037 horizontis

97 1067 149 1112 ct,
181 1061 433 1110 meridiani
472 1064 839 1126 septentrionali
878 1062 960 1127 (R)
999 1069 1129 1113 recto
1170 1063 1337 1112 ordine
1377 1063 1487 1110 oriri
1525 1063 1745 1147 incipiet,
1801 1060 1954 1109 donec
1993 1061 2341 1110 circumvoluto

100 1134 286 1197 integro
326 1144 590 1198 aequatore
627 1136 736 1187 finis
775 1137 934 1199 ejuS,
955 1136 1047 1186 hoc
1087 1141 1161 1184 est
1199 1133 1294 1184 30⁰
1329 1135 1502 1198 Sagitt.
1547 1137 1593 1181 in
1634 1136 1740 1197 ipso
1783 1133 2000 1183 meridiei
2038 1142 2217 1196 puncto
2256 1133 2343 1200 (H)

99 1209 239 1268 quasi
277 1222 564 1257 ascensurus
610 1211 659 1256 in
707 1210 1007 1258 horizontem
1063 1210 1243 1258 veniat.
1317 1208 1397 1257 Ita
1435 1209 1654 1256 ascensio
1694 1207 1841 1270 hujus
1879 1206 2154 1256 medietatis
2189 1207 2346 1271 eclip-

97 1281 222 1331 ticae
261 1286 417 1329 totum
454 1288 768 1343 aequatorem
806 1282 1206 1332 coascendentem
1245 1280 1407 1332 habet

237 1352 371 1402 Intra
411 1368 525 1404 vero
562 1354 809 1420 polarem‚
863 1369 971 1403 cum
1010 1357 1136 1404 circa
1173 1359 1406 1438 punctum
1444 1352 1702 1401 solstitiale
1741 1352 1939 1401 inferius
1988 1366 2127 1401 arcus
2165 1351 2344 1414 aliquis

94 1439 343 1487 nunquam
370 1430 566 1487 oriatur,
606 1427 694 1477 sed
723 1443 912 1490 semper
937 1429 1027 1477 sub
1054 1427 1211 1480 Terra,
1242 1427 1318 1488 sit,
1359 1428 1485 1475 circa
1509 1425 1764 1474 solstitiale
1790 1426 2012 1489 superius
2049 1439 2187 1473 arcus
2226 1425 2349 1473 alius

95 1511 283 1561 semper
318 1514 488 1562 supra„
518 1515 767 1563 nunquam
805 1499 1049 1561 occidenS,
1084 1514 1272 1562 semper
1310 1505 1445 1548 tanto
1483 1499 1663 1561 maj0r,
1716 1506 1898 1561 quanto
1938 1499 2143 1547 vicinior
2183 1499 2349 1547 vertici

94 1570 264 1632 polus,
319 1571 471 1622 donec
509 1573 601 1624 sub
639 1575 747 1636 ipso
785 1573 900 1636 polo
939 1588 1081 1628 arcus
1119 1580 1319 1635 uterque
1358 1572 1444 1621 fiat
1482 1572 1839 1636 semicirculus,
1892 1586 2031 1619 arcus
2079 1570 2350 1620 intermedii

96 1646 315 1696 oriuntur
351 1645 549 1707 quidem
589 1652 639 1699 et
676 1647 915 1706 occidunt,
953 1645 1041 1696 sed
1077 1645 1212 1706 alter,
1253 1647 1305 1695 in,
1327 1660 1423 1708 quo
1464 1645 1659 1694 vernale
1687 1646 2049 1707 aequinoctium
2085 1642 2154 1711 (in
2182 1650 2347 1692 nostro

95 1715 495 1783 hemisphaerio),
551 1718 715 1767 ordine
754 1726 1092 1781 praepostero,
1132 1720 1372 1781 reliquus,
1410 1721 1458 1765 in
1498 1732 1594 1780 quo
1633 1717 1939 1777 autumnale,
1985 1717 2150 1766 ordine
2187 1723 2347 1779 rect03

99 1788 377 1853 habentque
416 1797 570 1840 totum
609 1800 922 1854 aequatorem
962 1791 1376 1851 coascendentem,
1415 1791 1498 1840 ille
1537 1797 1697 1839 tamen
1737 1790 1971 1853 majorem
2012 1790 2116 1856 eius
2142 1796 2345 1855 partem,

97 1864 180 1924 qui
219 1864 411 1911 inverso
469 1863 634 1913 ordine
675 1866 839 1912 oritur.
915 1863 1144 1927 Sequitur
1183 1863 1385 1913 eandem
1425 1865 1711 1913 varietatem
1749 1865 1856 1926 ipsa
1895 1864 2044 1911 etiam
2081 1862 2349 1925 amplitudo

2 1922 3 1926 ¹
95 1937 264 1990 ortiva.
337 1935 463 1984 Nam
503 1939 626 1986 inter
663 1943 980 2000 aequatorem
1018 1945 1067 1987 et
1104 1936 1320 2001 polarem
1358 1936 1482 1988 haec
1518 1935 1789 2001 amplitudo
1829 1937 1988 1985 ortiva
2026 1935 2198 1988 dilatat
2235 1950 2342 1984 sese

93 2007 327 2071 paulatim
376 2010 440 2059 ab
480 2016 589 2058 ortu
627 2010 975 2073 aequinoctiali
1014 2009 1054 2072 Q
1096 2025 1264 2058 versus
1312 2012 1689 2072 septentrionem
1726 2008 1772 2057 R
1810 2016 1857 2058 et
1904 2008 2150 2058 meridiem
2187 2007 2267 2069 H,
2302 2015 2349 2058 et

4 2143 5 2161 ἢ
94 2086 254 2142 partes
291 2097 323 2137 a
346 2081 530 2131 Cancro
569 2098 654 2145 per
690 2083 885 2134 Libram
923 2085 973 2130 in
1013 2083 1358 2146 Capricornum
1397 2082 1643 2132 ordinatas
1674 2082 1854 2132 habent
1891 2085 2113 2144 regiones
2154 2089 2346 2133 ortuum

94 2168 125 2202 a
168 2155 630 2216 septentrionalibus
679 2156 944 2209 horizontis
982 2157 1201 2219 partibus
1238 2155 1284 2204 R
1321 2170 1491 2204 versus
1536 2155 1785 2205 meridiem
1821 2154 1894 2212 H,
1948 2154 2059 2204 inde
2108 2170 2138 2204 a
2176 2153 2349 2218 Capri-

0 2269 1 2279 ,
94 2240 238 2275 corno
289 2242 374 2290 per
410 2227 623 2278 Arietem
649 2230 709 2287 in
750 2228 988 2281 Cancrum
1026 2228 1191 2278 ordine
1229 2228 1507 2292 retrogrado
1545 2245 1577 2277 a
1616 2228 1816 2279 meridie
1855 2228 1903 2276 H
1941 2242 2111 2278 versus
2148 2233 2347 2291 septen-

0 2292 1 2305 *
93 2300 298 2348 trionem
335 2300 404 2360 R,
454 2302 591 2350 initio
639 2281 845 2350 modicis
882 2303 1078 2364 spatiis,
1129 2301 1283 2351 donec
1335 2303 1426 2350 sub
1465 2304 1572 2365 ipso
1617 2301 1775 2365 polari
1815 2307 1863 2349 et
1901 2315 2069 2351 versus
2121 2301 2348 2354 interiora

83 2371 215 2425 ³haec
240 2379 431 2420 ortuum
463 2373 731 2437 amplitudo
758 2381 915 2424 totum
951 2375 1222 2424 horizontis
1253 2375 1608 2427 semicirculum
1643 2380 1961 2438 pervagetur,
2001 2373 2073 2425 ab
2103 2375 2353 2440 ipsissimo

93 2450 274 2507 puncto
324 2445 588 2495 horizontis
633 2448 1000 2510 septentrionali
1044 2447 1088 2495 R
1135 2463 1220 2512 per
1258 2450 1466 2496 ortivum
1506 2446 1548 2510 Ω
1588 2462 1743 2512 usque
1782 2448 1831 2494 in
1868 2448 2164 2511 ipsissimum
2202 2450 2347 2496 meri·-

94 2515 289 2568 dionale
327 2517 391 2566 H.
465 2519 598 2569 Intra
624 2535 738 2569 vcro
777 2521 995 2585 polarem
1018 2520 1156 2570 nulla
1191 2519 1302 2570 talis
1340 2520 1393 2569 fit
1429 2521 1492 2569 ab
1520 2522 1757 2586 oppositis
1795 2521 2003 2569 arcubus
2034 2521 2344 2582 transpositio

91 2590 371 2652 retrograda
409 2598 598 2640 ortuum
636 2608 667 2641 a
702 2593 899 2643 meridie
936 2595 983 2641 in
1023 2595 1424 2657 septentrionem,
1466 2593 1551 2642 sed
1589 2595 1840 2656 utriusque
1878 2593 2168 2647 semicirculi
2207 2606 2345 2641 arcus

94 2664 316 2724 orientes,
357 2672 456 2712 tam
493 2666 533 2713 is
573 2667 655 2727 qui
693 2673 823 2715 recto
862 2666 1029 2716 ordine
1068 2667 1234 2727 oritur,
1288 2681 1434 2729 quam
1473 2670 1555 2729 qui
1592 2673 1932 2730 praepostero,
1988 2666 2172 2728 priores
2211 2671 2344 2713 ortus

0 2776 1 2780 ,
94 2736 149 2783 in'
194 2738 520 2799 septentrione
558 2737 628 2798 R,
680 2741 969 2802 posteriores
1018 2753 1188 2788 versus
1234 2738 1430 2803 plagam
1470 2741 1667 2788 orientis
1707 2739 1764 2801 Q,
1803 2745 2072 2801 postremos
2110 2741 2163 2786 in
2199 2739 2346 2789 meri-

6 2851 7 2854 ,
93 2806 238 2862 diano
275 2809 537 2859 horizontis
574 2818 754 2873 puncto
790 2811 841 2859 H
877 2812 1073 2861 faciunt.

235 2881 437 2947 Loquor
474 2890 637 2932 autem
676 2883 735 2932 de
773 2885 993 2948 partibus
1031 2884 1297 2949 eclipticae‚
1337 2884 1441 2934 sine
1478 2889 1700 2948 respectu
1739 2888 1900 2932 motus
1926 2881 2055 2932 Solis
2095 2897 2180 2948 per
2218 2882 2343 2935 illas.

0 3022 1 3028 1
93 2951 218 3004 Nam
254 2957 296 3018 si
333 2957 482 3004 series
522 2963 726 3018 ortuum,
766 2971 891 3020 quos
929 2957 1015 3006 Sol
1053 2958 1183 3020 facit,
1223 2957 1565 3017 consideretur,
1603 2955 1654 3004 id
1692 2955 1828 3004 aliud
1866 2957 1966 3004 erit.

244 3026 383 3076 Unde
419 3032 678 3078 innotescit
713 3044 864 3080 arcus
900 3031 1153 3092 eclipticae
1187 3036 1426 3094 perpetuo
1465 3043 1717 3093 apparens
1755 3034 1847 3078 aut
1885 3027 2084 3080 latens-2
2119 3028 2194 3077 Ex
2231 3027 2346 3080 alti-

91 3098 258 3150 tudine
297 3104 590 3164 aequatoris,
630 3117 755 3165 quae
782 3116 889 3151 cum
929 3105 992 3151 sit
1017 3105 1172 3151 minor
1211 3102 1532 3152 declinatione
1558 3103 1771 3151 maxima
1797 3100 2064 3164 eclipticae,
2106 3115 2347 3163 quaeren-

96 3171 209 3222 dum
246 3175 392 3236 igitur
431 3183 504 3225 est
540 3190 624 3238 per
664 3174 843 3224 tradita
879 3181 1152 3239 praecepta,
1193 3175 1439 3239 quodnam
1478 3173 1730 3237 eclipticas
1769 3180 2014 3238 punctum,
2057 3181 2239 3236 quanto
2279 3188 2346 3224 sc.

94 3257 210 3295 amu
243 3248 307 3296 ab
344 3248 690 3310 aequinoctiali
729 3255 907 3312 puncto
945 3254 1205 3309 remotum,
1248 3248 1427 3297 habeat
1465 3246 1840 3297 declinationem
1880 3245 2139 3309 aequalem
2175 3245 2346 3300 altitu„-

12 3318 15 3338 ¹
99 3314 197 3365 dini
235 3323 526 3382 aequatoris.
604 3321 728 3369 Nam
768 3318 1174 3384 complementum
1212 3319 1342 3368 illius
1380 3334 1520 3369 arcus
1548 3325 1622 3369 est
1659 3320 1873 3368 semissis
1900 3334 2040 3369 arcus
2077 3334 2173 3369 non
2214 3321 2346 3371 occi-

94 3386 271 3451 dentis,
311 3395 352 3440 si
390 3394 777 3458 septentrionalis
817 3393 1077 3443 declinatio
1127 3391 1295 3458 (penes
1333 3406 1422 3442 nos
1461 3393 1509 3442 in
1548 3392 1915 3457 septentrionali
1950 3392 2345 3458 hemisphaerio),

98 3468 182 3514 aut
217 3477 314 3513 non
351 3468 566 3529 orientis,
607 3469 647 3516 si
686 3466 967 3516 meridiana.

18 3599 20 3607 Ι
238 3546 306 3592 Sit
334 3547 527 3594 altitudo
556 3550 650 3606 poli
675 3550 767 3605 80⁰,
799 3548 1057 3604 aequatoris
1088 3547 1224 3603 igitur
1255 3547 1348 3594 10⁰.
1390 3546 1580 3593 Tantam
1612 3561 1716 3597 vero
1749 3547 2094 3598 declinationem
2123 3548 2347 3597 invenitur

18 3609 21 3634 s
93 3607 259 3658 habere
288 3612 368 3658 25⁰
395 3615 467 3660 47¹
501 3616 583 3661 16⁰
614 3616 695 3660 Ar.
725 3613 838 3672 Ejus
869 3614 1006 3671 igitur
1045 3611 1420 3669 complementum
1462 3611 1519 3658 ad
1557 3613 1857 3675 quadrantem
1899 3616 1966 3666 64.
2005 3614 2081 3664 12.,
2102 3614 2159 3658 44
2200 3612 2345 3670 dupli-

0 3682 21 3731 ,ῑ
94 3679 256 3734 atum,
286 3676 397 3724 facit
426 3679 524 3727 128.
556 3681 626 3727 25.
658 3680 729 3728 28.
771 3680 945 3726 Tantus
977 3690 1108 3724 arcus
1143 3691 1233 3723 non
1264 3677 1438 3725 occidit.

243 3752 495 3818 Compara
531 3759 589 3805 in
623 3758 778 3820 specie
816 3759 1037 3818 inteyras
1062 3755 1311 3817 eclipticae
1348 3755 1631 3805 medietates
1656 3756 1726 3806 ad
1758 3770 1877 3805 suas
1903 3757 2131 3823 obliquas
2171 3770 2344 3804 ascen-

0 3858 25 3874 ..
94 3826 252 3877 tiones
275 3841 364 3889 per
388 3827 473 3883 hos
496 3830 738 3891 sphaerae
772 3832 979 3892 positus.
1053 3825 1198 3878 Solae
1236 3826 1349 3880 illae
1377 3828 1679 3890 medietates,
1720 3843 1844 3893 quae
1877 3837 1990 3879 sunt
2016 3832 2140 3879 inter
2165 3833 2344 3893 puncta
