2554 4140
228 139 328 186 144
649 129 884 185 Epitomes
913 128 1230 175 Astronomiae
1257 128 1395 175 Liber
1422 129 1618 175 Primus.
1675 129 1789 175 Pars
1820 130 2043 176 Secunda.

361 282 517 342 Atqui
558 279 728 341 fiyura
763 279 884 327 coeli
918 285 1137 341 apparet
1169 280 1314 340 lonye
1349 279 1483 337 alia,
1535 279 1740 337 scilicet,
1788 284 1848 326 ut
1883 281 2034 328 initio
2073 279 2260 338 dixisti,
2309 279 2468 328 veluti

223 355 365 402 lintei
400 366 564 413 supra
598 365 690 399 nos
725 354 938 412 expansi
973 358 1019 400 et
1054 355 1111 399 in
1148 351 1525 400 medioJeniter
1559 351 1778 414 sufflati3
1825 353 2012 413 quippe
2048 352 2185 414 quod
2219 355 2276 399 in
2310 351 2474 400 medio

219 430 283 475 sit
316 426 584 487 spectatori
612 425 985 486 propinquum,
1027 427 1216 472 circum
1240 423 1383 471 distet
1418 425 1632 484 lonyius.
1696 422 1784 470 Est
1808 424 1944 471 visus
1971 423 2211 488 decepti0,
2249 426 2333 486 qui
2370 427 2474 487 pri-

223 512 353 547 mum
392 502 522 546 caret
558 494 853 544 adminiculo
907 495 1144 558 arguendi
1183 495 1438 544 distantias
1474 493 1749 548 stellarum,
1802 509 1853 543 re
1900 510 1998 545 non
2051 511 2138 559 per
2173 511 2226 545 se
2275 495 2473 555 visibili,

225 570 398 620 deinde
437 569 529 617 etsi
567 568 758 617 coelum
794 569 1007 617 nubibus
1047 567 1268 629 aequalis
1308 567 1580 616 altitudinis
1618 567 1914 616 subductum
1937 571 2014 628 sit,
2055 571 2275 631 sequitur
2311 575 2474 617 tamen

225 643 510 705 imaginatio
548 641 759 703 fornicis,
798 643 848 688 in
883 640 1045 690 medio
1085 641 1188 696 alti,
1227 655 1286 693 ex
1323 638 1497 688 iisdem
1536 641 1721 702 optices
1746 642 2023 704 principiis,
2063 641 2187 690 adeo
2225 646 2280 689 ut
2318 641 2476 691 ventis

229 714 546 779 perflantibus
583 728 750 763 omnes
787 714 942 762 nubes
979 713 1042 761 ad
1081 727 1230 761 unum
1268 712 1376 774 ejus
1412 719 1646 775 punctum
1683 712 1880 763 tendere
1918 713 2189 762 videantur.

375 787 559 836 Omnis
591 787 761 849 liyura
797 793 866 835 est
900 788 958 834 in
993 788 1236 846 materia,
1277 800 1408 848 quae
1445 791 1515 833 est
1547 787 1709 847 iyitur
1743 788 1962 835 materia
1998 787 2105 847 illa,
2143 801 2248 848 qua
2272 789 2479 834 vestitur

229 862 447 910 exterius
481 859 745 909 mundus?
815 859 888 907 Ex
924 859 1035 906 visu
1072 857 1195 906 nihil
1234 856 1451 920 depromi
1488 863 1651 920 potest
1687 858 1735 904 in
1773 857 1923 907 ullam
1959 864 2177 921 partem3
2214 865 2344 908 recte
2382 861 2476 921 igi-

232 941 310 982 tur
346 933 594 996 sequimur
631 932 996 990 auctoritatem,
1047 945 1146 993 qua
1182 929 1437 990 docemur,
1484 930 1653 979 stellas
1689 930 1887 993 quidem
1927 945 2093 979 omnes
2145 945 2253 980 esse
2303 933 2352 979 in
2389 946 2477 980 ex-

225 1020 396 1070 pense,
435 1004 567 1068 quod
602 1003 843 1052 Hebraice
881 1002 1056 1051 dieitur
1091 1004 1289 1066 raqnia,
1340 1009 1389 1052 et
1424 1008 1555 1052 tecta
1591 1018 1699 1052 esse
1737 1005 1878 1066 aquis
1918 1005 2169 1068 superiora
2206 1003 2342 1065 eJus,
2382 1004 2476 1053 hoc

225 1085 300 1128 est
343 1092 490 1141 supra
538 1092 705 1126 auram
752 1075 1027 1125 aetheream
1079 1077 1129 1124 in
1177 1082 1394 1125 extremo
1443 1075 1598 1138 gradu
1654 1081 1955 1126 attenuatam
2001 1075 2270 1138 stellasque
2319 1079 2371 1124 in
2410 1091 2473 1126 ea

227 1152 390 1201 orbem
429 1164 535 1200 esse
573 1164 633 1199 ex
669 1163 799 1211 aqua
838 1148 1048 1211 sactum,
1087 1163 1233 1212 quam
1272 1163 1452 1211 aquam
1489 1150 1532 1197 si
1570 1150 1679 1211 quis
1716 1148 1828 1210 gelu
1868 1156 2143 1197 concretam
2175 1140 2232 1197 xet
2269 1149 2479 1213 crystal-

223 1226 374 1273 linam
422 1237 528 1272 esse
575 1220 821 1270 contendit
866 1227 1062 1286 propter
1097 1221 1434 1284 longissimam
1473 1219 1603 1270 Solis
1640 1222 1939 1281 absentiam,
1990 1221 2040 1269 id
2094 1223 2140 1271 ei
2184 1235 2272 1284 per
2309 1228 2472 1271 astro-

224 1299 437 1345 nomiam
475 1295 854 1357 Copernicanam
892 1294 1022 1355 licet,
1059 1300 1115 1343 ut
1151 1309 1279 1358 quae
1315 1295 1532 1358 ipsarum
1558 1293 1807 1343 stellarum
1833 1299 2032 1357 aspectu
2071 1300 2314 1356 contenta,
2356 1295 2474 1344 orbe

228 1369 336 1431 illc,
377 1369 600 1431 quisquis
636 1373 738 1425 est,
775 1381 875 1416 non
912 1368 1078 1415 utitur.

373 1440 676 1503 Quacunque
714 1441 842 1488 enim
872 1440 1046 1488 ‚mundi
1082 1438 1241 1501 figura
1277 1439 1439 1501 posita
1477 1444 1527 1486 et
1551 1444 1800 1502 utcunque
1827 1437 2094 1501 dispositae
2120 1445 2283 1488 essent
2305 1439 2477 1490 stellae

229 1513 636 1575 inaequalissimis
673 1511 955 1573 intervallis,
995 1525 1184 1575 semper
1209 1510 1379 1560 oculus
1416 1513 1705 1574 spectatoris
1743 1513 1791 1558 in
1821 1510 1971 1560 Terra
1997 1512 2342 1575 imaginabitur
2367 1513 2477 1573 sibi,

228 1586 396 1635 stellas
435 1585 547 1634 illas
585 1599 752 1634 omnes
790 1600 897 1635 sese
936 1584 1090 1635 veluti
1129 1589 1346 1633 centrum
1394 1586 1444 1631 in
1482 1582 1680 1633 modum
1727 1583 1999 1647 superficiei
2044 1585 2328 1648 sphaericae
2365 1601 2479 1650 per-

230 1660 390 1710 fectae
429 1661 754 1708 circumstare.
