2554 4140
201 90 304 183 610
768 183 771 187 ,
979 122 1032 166 In
1062 121 1306 178 Epitomen
1335 120 1484 167 Notae
1511 109 1728 175 Editbris.

539 271 652 311 Anni
683 270 768 310 900
799 267 973 309 Arabici
1004 269 1107 308 dant
1137 269 1224 308 dies
1306 297 1613 314 .....
1633 304 1636 305 ⁷
1673 301 1685 311 .
1746 300 1758 312 .
1819 300 1832 312 .
1893 268 2067 309 318930

706 330 763 368 90
795 328 967 367 Arabici
996 326 1099 366 dant
1129 328 1217 368 dies
1305 355 1683 368 ......
1725 359 1756 378 ,.
1817 358 1829 369 .
1921 328 2065 367 31893

536 384 780 438 completus
811 384 1045 424 Dulkadati
1073 385 1149 441 dat
1179 385 1268 424 dies
1309 415 1320 426 .
1381 415 1392 425 .
1436 381 1467 425 ³.
1526 414 1538 426 .
1600 414 1633 432 .,
1673 416 1683 427 .
1744 416 1756 427 .
1815 417 1826 429 .
1981 386 2065 426 325

534 444 637 483 Dies
666 443 899 493 Dulbajadi
927 452 1095 485 currens
1157 468 1167 485 -.
1230 471 1756 486 ........
1775 443 1780 448 ’
1814 474 1826 485 .
1902 497 1906 500 .
2008 444 2064 483 27

535 501 711 542 Additio
741 505 942 553 perpetua
1017 528 1825 544 ............
1898 500 1901 502 ’
1979 501 2063 540 561

1112 613 1125 618 ᾖ
1577 572 1647 612 Fit
1677 584 1836 613 summa
1893 575 2067 616 351736

531 630 647 671 Α11111
677 632 763 673 800
793 632 957 672 Juliani
985 633 1142 671 habent
1230 660 1830 674 .........
1891 626 2065 674 292200

791 720 795 723 ’
1659 703 1835 743 Restant
1922 706 2065 756 59536

539 762 652 803 Anni
683 764 767 804 160
797 760 958 803 Juliani
986 763 1142 802 habent
1242 791 1252 803 .
1315 793 1325 804 .
1387 793 1400 803 .
1428 781 1435 785 -
1457 790 1833 805 ......
1923 754 2066 817 58440

1071 862 1076 869 ,
1662 833 1838 872 Restant
1955 838 2068 877 1096

531 896 645 935 Α11111
734 895 761 934 3
791 891 954 933 Juliani
984 892 1140 931 habent
1237 920 1832 936 .........
1952 895 2065 937 1095

387 953 497 998 ΑΜ·
529 965 644 1005 Perp—
677 954 762 993 620
1658 964 1835 1004 Restant
2030 963 2082 1013 ¹1'

333 1055 463 1097 Fiunt
490 1057 591 1096 anni
622 1057 735 1096 1583
768 1051 976 1103 completi,
1009 1052 1163 1092 mensis
1195 1050 1424 1103 completus
1459 1050 1614 1103 nullus.
1674 1051 1782 1101 Ergo
1815 1058 1904 1094 erat
1938 1055 2026 1095 dies
2060 1059 2100 1099 1.
2121 1055 2314 1099 ,Ianuarii
2345 1061 2444 1098 anni

184 1116 269 1155 Inc.
305 1115 417 1156 1584
449 1115 655 1168 ineuntis,
689 1113 802 1166 quod
834 1117 875 1150 et
904 1109 1186 1157 Leunclavius
1215 1106 1419 1162 interpres
1456 1110 1671 1150 indicavit.
1732 1111 1781 1150 Id
1818 1124 1913 1152 vero
1946 1112 2130 1165 Scaliger
2161 1113 2266 1168 (Em.
2298 1117 2442 1168 Temp.

183 1174 287 1215 Lib(
314 1172 411 1214 VII.
453 1171 527 1214 fol.
560 1173 675 1220 720.)
714 1174 837 1220 negat
875 1181 919 1208 se
950 1180 1073 1219 posse
1113 1180 1381 1219 concoquere.
1450 1168 1662 1220 Expurgat
1698 1170 1826 1219 igitur
1867 1175 1908 1211 et
1951 1174 2130 1223 corrigat
2168 1175 2442 1215 ventriculum

184 1231 319 1280 Tabb
351 1234 392 1271 et
421 1231 762 1283 praeceptionum
794 1238 981 1276 suarum,
1013 1227 1049 1265 si
1078 1227 1158 1267 hoc
1187 1228 1287 1268 illae
1318 1240 1400 1267 non
1430 1228 1664 1278 patiuntur.
2367 1255 2371 1259 -

357 1290 569 1338 Vicissim,
601 1301 709 1329 anno
739 1290 900 1327 Incarn.
935 1285 1061 1327 1576,
1095 1286 1163 1324 die
1193 1288 1261 1327 23.
1296 1287 1492 1326 Decemb.
1526 1297 1598 1326 seu
1628 1285 1683 1327 X.
1717 1284 1803 1330 Gal.
1835 1287 2069 1343 Januarias‚
2101 1290 2144 1330 in
2179 1302 2302 1342 quom
2334 1291 2441 1332 diem

182 1351 300 1399 cujus
330 1348 433 1388 anni
461 1348 631 1387 Arabici
660 1348 711 1386 ab
742 1346 895 1396 Hegira
931 1345 1159 1393 competit?

524 1420 631 1460 Sunt
660 1420 763 1459 anni
793 1416 954 1459 Juliani
986 1415 1099 1455 1575
1133 1415 1345 1470 completi,
1378 1418 1566 1456 currebat
1657 1448 1668 1457 .
1729 1448 1742 1460 .
1804 1451 1814 1462 .
1939 1420 2052 1460 1576

529 1479 660 1518 Aufer
688 1482 910 1529 perpetuos
1015 1475 1101 1514 620
1363 1475 1597 1514 bissextilis

787 1549 961 1589 Restant
1016 1548 1100 1587 955

529 1607 643 1647 Anni
673 1608 838 1647 Juliani
872 1634 882 1645 .
943 1637 955 1647 .
1017 1607 1102 1647 800
1164 1605 1267 1646 dant
1298 1607 1388 1647 dies
1449 1636 1828 1649 ......
1889 1608 2065 1660 292200

787 1681 961 1719 Restant
1018 1681 1099 1722 155
1770 1735 1777 1739 ν

529 1739 639 1778 Anni
671 1738 833 1779 Juliani
863 1768 873 1777 .
936 1771 946 1781 .
1011 1741 1096 1780 120
1158 1739 1257 1779 dant
1289 1739 1376 1780 dies
1452 1767 1463 1778 .
1511 1759 1514 1762 ·
1525 1768 1828 1781 .....
1918 1741 2064 1782 43830

784 1812 957 1852 Restant
1042 1815 1098 1854 35

524 1870 639 1909 Anni
668 1870 829 1910 Juliani
862 1902 871 1912 .
935 1903 945 1914 .
1038 1873 1093 1913 32
1156 1870 1260 1911 dant
1289 1872 1379 1912 dies
1454 1900 1827 1915 ......
1920 1871 2064 1913 11688

614 1954 617 1957 “
787 1943 965 1983 Restant
1073 1947 1099 1987 3
1132 1935 1235 1999 ‘qui
1265 1945 1365 1984 dant
1397 1945 1486 1984 dies
1951 1947 2064 1997 1095

526 2000 767 2053 Completus
797 2001 1031 2043 November
1060 2002 1292 2044 bissextilis
1325 2003 1396 2043 dat
1426 2003 1515 2042 dies
1598 2034 1610 2044 .
1669 2033 1681 2044 .
1744 2033 1755 2043 .
1818 2034 1828 2044 .
1977 2006 2061 2046 335

760 2082 766 2083 ⁷
1161 2062 1364 2102 Numerus
1397 2061 1558 2101 dierum
1588 2061 1832 2101 Decembris
2006 2064 2062 2104 23

1375 2134 1444 2174 Fit
1473 2145 1635 2175 summa
1666 2133 1824 2173 dierum
1885 2136 2056 2177 349171

524 2190 657 2230 Aufer
686 2192 909 2241 perpetuos
941 2190 1028 2232 dies
1089 2223 1465 2235 ......
1495 2236 1498 2237 ⁷
1528 2220 1826 2235 .....
1878 2212 1881 2213 ’
1975 2195 2059 2235 561

1366 2264 1539 2306 Summa
1569 2268 1753 2306 correcta
1782 2267 1829 2307 fit
1888 2268 2063 2309 348610
2147 2261 2150 2265 ’

522 2321 638 2360 Α11111
668 2321 841 2363 Arabici
875 2323 960 2364 900
991 2323 1188 2364 auferunt
1228 2353 1238 2364 .
1303 2354 1341 2365 ‚s
1377 2351 1827 2367 .......
1886 2326 2062 2368 318930

668 2448 671 2454 r
1638 2396 1639 2399 ’
1670 2399 1830 2436 restant
1917 2399 2062 2440 29680

526 2453 640 2492 Α11111
670 2454 844 2518 Arabici
905 2455 960 2494 60
993 2453 1188 2496 auferunt
1239 2483 1827 2498 .........
1918 2458 2063 2498 21262

1669 2530 1830 2568 restant
1946 2532 2062 2572 8418

521 2583 636 2623 Anni
666 2583 840 2623 Arabici
901 2586 956 2627 23
989 2585 1183 2627 auferunt
1221 2614 1827 2629 .........
1944 2590 2060 2631 8150

1666 2662 1828 2698 restant
1974 2664 2060 2704 268

522 2716 679 2757 Mensis
711 2717 969 2759 Ramadham
999 2720 1136 2758 aufert
1227 2746 1823 2761 .........
1895 2764 1897 2766 ,
1972 2723 2059 2762 266

1018 2791 1195 2831 Restant
1226 2791 1315 2830 dies
1347 2791 1500 2830 mensis
1532 2788 1708 2831 Scheval
1740 2803 1827 2845 seq.
2032 2799 2058 2837 2

520 2849 633 2888 Anni
664 2847 918 2900 colliguntur
949 2851 1033 2891 983
1066 2848 1280 2903 completi.

348 2937 455 2987 Ergo
499 2940 739 2988 propositus
781 2941 850 2980 23.
882 2934 1091 2982 Decemb.'
1123 2941 1227 2979 anni
1258 2941 1344 2979 Inc.
1379 2916 1492 2979 1576
1532 2941 1594 2977 est
1634 2937 1724 2977 dies
1756 2939 1794 2976 2.
1825 2939 1985 2979 mensis
2010 2938 2187 2978 Scheval
2225 2939 2325 2976 anni
2355 2938 2441 2978 984

179 2995 344 3035 Turcici
371 2997 614 3048 prophetae,
675 2997 791 3038 Tunc
820 2999 1013 3038 induciae
1054 3002 1151 3038 sunt
1179 3000 1312 3047 ,factae
1350 2998 1377 3038 8
1409 3008 1613 3037 annorum
1649 2997 1758 3035 inter
1789 2996 2057 3047 Rudolphum
2088 2994 2143 3036 ΙΙ.
2174 2995 2300 3051 Rom.
2330 2995 2438 3047 Imp.

180 3057 220 3091 et
258 3054 528 3093 Amurathem
565 3055 718 3104 Regem
757 3055 1000 3099 Turcorum.
1058 3056 1206 3107 Itaque
1243 3058 1288 3096 in
1325 3055 1434 3094 libro
1474 3054 1647 3094 Martini
1692 3053 1848 3105 Crusii‚
1892 3067 2016 3107 quem
2047 3053 2234 3103 Scaliger
2275 3053 2442 3106 allegat,
2521 3054 2526 3060 '

181 3115 341 3161 oportet
383 3114 579 3152 omissum
629 3123 721 3154 esse
753 3111 1032 3155 characterem
1061 3115 1119 3156 X.
1179 3115 1271 3154 Non
1311 3116 1420 3154 enim
1452 3112 1650 3152 Calendis
1692 3114 1789 3152 anni
1831 3114 2017 3153 ineuntis
2061 3114 2194 3166 1576,
2234 3113 2305 3150 vix
2344 3111 2442 3150 dum

183 3168 313 3207 010010
334 3170 569 3221 Rudolpho,
602 3176 722 3222 patre
743 3171 1035 3214 Maximiliano
1067 3173 1204 3212 adhuc
1235 3173 1470 3225 superstite,
1504 3171 1576 3210 sed
1608 3175 1783 3211 exeunte
1819 3184 1926 3210 anno
1958 3171 2045 3220 illo,
2077 3169 2164 3211 scil.
2195 3170 2253 3212 X.
2275 3168 2441 3209 Calend.

181 3225 276 3266 Jan.
308 3227 502 3266 induciae
532 3230 622 3268 fieri
653 3233 888 3279 potuerunt.
925 3232 1060 3271 *Hinc
1092 3228 1247 3281 corrige
1279 3232 1533 3279 Scaligerum
1565 3226 1679 3283 (Ε111.1
1712 3230 1761 3271 Τ.
1793 3230 1889 3271 Lib.
1927 3231 2018 3272 VII.
2047 3228 2121 3271 fol.
2153 3225 2276 3283 720.)
2420 3230 2421 3233 ’

357 3297 429 3341 1)0
458 3299 838 3356 multiplicatione
872 3301 1049 3346 dierum
1076 3301 1128 3346 in
1160 3301 1309 3357 annis,
1351 3299 1635 3359 Aeyyptiaco
1678 3305 1720 3346 et
1749 3299 2046 3356 Armeniam,
2075 3298 2206 3354 fixis,
2252 3298 2314 3343 ad
2344 3298 2441 3343 dies
2512 3326 2528 3343 .-

186 3359 418 3406 Julianos.
479 3362 585 3407 Pra
598 3376 622 3407 e
635 3371 857 3421 ceptum
890 3367 958 3412 69.
1018 3365 1137 3410 Huic
1158 3365 1224 3410 rei
1246 3365 1384 3410 servit
1404 3362 1559 3407 tabula
1579 3363 1763 3422 propria
1786 3365 1876 3420 (IV.
1899 3366 2030 3422 411),
2058 3377 2173 3420 quae
2193 3365 2294 3421 ipsa
2313 3373 2442 3418 prae-

182 3424 547 3483 ceptiloco‘est‚
580 3430 891 3474 tantummodo
923 3435 975 3474 ut
1003 3429 1274 3487 memineris,
1306 3429 1352 3472 in
1375 3426 1645 3471 Armeniaco
1678 3427 1857 3484 quidem
1889 3441 2006 3472 anno
2039 3427 2312 3472 diversitatis
2343 3437 2445 3469 esse
2516 3423 2541 3454 Ψ

181 3490 318 3549 plane
349 3492 458 3536 nihil
491 3506 517 3536 a
548 3493 732 3540 Juliano
766 3500 959 3552 (tantum
991 3498 1109 3542 enim
1142 3498 1239 3542 dies
1268 3496 1437 3540 mensis
1458 3494 1720 3539 Armeniaci-
1746 3493 1956 3549 completi
1986 3493 2216 3539 adduntur
2245 3492 2303 3536 ad
2326 3490 2442 3535 diem

183 3557 350 3601 mensis
381 3556 552 3601 Juliani
583 3560 873 3617 adscriptum,
910 3567 954 3605 et
986 3575 1013 3606 a
1044 3576 1241 3620 summa,
1275 3562 1314 3606 si
1344 3559 1615 3615 excreverit,
1650 3558 1800 3603 ablata
1828 3560 1997 3603 mensis
2027 3559 2146 3603 illius
2178 3556 2442 3612 quantitate,

183 3623 393 3668 residuus
426 3622 479 3667 fit
509 3623 604 3668 dies
637 3638 821 3669 currens
851 3627 1019 3671 mensis
1041 3626 1213 3671 ,Iuliani
1245 3625 1508 3681 sequentis),
1539 3625 1586 3667 in
1605 3594 1877 3689 ’Aethiopico
1908 3637 2014 3667 vero
2044 3636 2126 3679 per
2145 3621 2258 3666 illud
2278 3633 2443 3666 semes·

183 3696 276 3747 tre,
317 3689 439 3746 quod
481 3690 709 3733 antecedit
746 3690 1135 3739 intercalationem
1164 3693 1438 3747 Romanam,
1482 3690 1794 3763 disparitatem
1836 3699 1935 3732 esse
1976 3688 2063 3734 diei
2104 3687 2259 3742 unius,
2303 3687 2367 3730 sic
2391 3689 2443 3729 nt

183 3754 300 3800 festa
345 3753 466 3798 illius
507 3755 738 3799 semestris
770 3757 1041 3813 Aethiopica
1082 3759 1175 3803 fixa
1228 3771 1346 3803 anno
1385 3757 1501 3812 1110,
1538 3767 1627 3811 quo
1666 3752 1866 3797 imminet
1901 3751 2183 3797 intercalatio
2222 3754 2441 3826 Romana,

185 3820 350 3865 cadant
378 3819 426 3864 in
454 3817 639 3863 Juliano
672 3818 925 3865 calendario
961 3821 1032 3865 die
1063 3835 1152 3866 uno
1182 3821 1439 3878 posterius,
1472 3832 1607 3875 quam
1638 3818 1782 3863 tribus
1813 3816 2183 3862 antecedentibus
2214 3817 2355 3876 annis.
