2560 4100
915 114 988 161 De
1025 112 1237 172 Epitomc
1274 112 1604 161 Astronomiae.
1633 104 1635 107 ¹
1875 88 1879 94 ἱ
2313 122 2380 175 49

278 266 605 329 Postscripta:
662 264 907 316 Viennam
955 262 1152 313 tandem
1200 264 1315 313 veni
1352 262 1551 313 Octobri
1598 277 1790 326 mense,
1839 265 2006 316 literas
2053 266 2143 316 has
2193 282 2382 317 mecum

136 340 279 390 attuli
317 339 652 400 hactenusque
691 339 974 402 exspectavi
1010 336 1320 386 tabellarium
1357 343 1495 384 tuum
1530 342 1876 400 revertentem3
1926 354 2040 389 nam
2075 338 2383 391 Hofmannus

136 415 482 476 tergiversatur
531 412 583 459 in
631 410 726 460 hoc
779 410 939 460 officio
989 409 1309 474 praestando,
1361 409 1492 472 quod
1539 416 1588 458 te
1636 410 1758 458 scire
1811 412 1959 464 volui.
2027 412 2223 469 'Literas
2274 414 2385 464 dedi

133 484 512 534 Heneckelianis
554 486 879 544 stationariis,
935 484 1008 531 uti
1044 488 1131 532 eas
1169 481 1519 532 Vratislaviam
1558 482 1964 535 commendarent.
2040 486 2096 534 In
2133 489 2385 551 procinctu

134 573 258 619 sum,
299 564 352 606 ut
392 557 884 618 mucium-revertar,
924 555 1038 605 inde
1076 570 1367 605 ascensurus
1403 555 1724 618 Noribergam
1763 563 1811 605 et
1848 556 1911 605 ad
1949 557 2071 608 alias
2108 561 2254 610 urbes
2290 563 2384 609 im-

133 630 373 694 periale3‚
429 646 460 680 a
500 631 677 692 quibus
717 630 897 679 Caesar
932 631 1078 692 petit,
1118 636 1173 678 ut
1210 634 1399 678 sumtus
1435 629 1618 678 faciant
1654 632 1703 677 in
1741 629 1989 679 solvendis
2027 634 2149 681 meis
2185 635 2385 698 reliquis

133 703 478 768 Rudolphinis‚
524 705 702 766 quibus
740 702 966 752 suffultus
1004 702 1198 752 tabulas
1236 709 1284 752 et
1320 701 1687 752 observationes
1721 702 1970 767 Tychonis
2009 705 2164 755 edam.
2242 707 2384 758 Vale.

135 778 182 825 9.
220 777 341 826 Dec.
381 777 619 826 Viennae.

278 863 347 902 Ad
381 864 484 903 haec
523 863 787 914 respondisse
817 860 1040 911 Griigcrum
1081 873 1134 900 ex
1178 861 1244 900 his
1273 861 1443 911 Kepleri
1472 861 1626 912 literis,
1669 860 1775 901 datis
1805 861 1943 900 Lincii
1981 861 2020 902 d.
2054 866 2092 904 1.
2124 863 2228 914 Maji
2261 867 2384 916 1626,

134 933 323 981 apparet:
400 922 452 972 S.
477 922 533 970 P.
560 923 623 971 D.
699 922 975 971 Clarissime
1019 919 1123 969 Vir.
1200 919 1334 982 Quas
1385 922 1620 983 scripsisti
1670 920 1734 970 ad
1775 935 1852 970 me
1903 920 2068 972 literas
2119 925 2166 972 3.
2203 925 2384 987 Aprilis

133 998 248 1045 anni
295 997 453 1045 1625.
500 995 697 1045 domum
733 1004 959 1045 reversus
999 1007 1058 1041 ex
1096 992 1280 1043 Suevia
1317 1008 1481 1042 mense
1518 993 1742 1057 Augusto
1780 996 1963 1058 accepi,
2002 1009 2032 1044 a
2068 1010 2178 1045 mea
2201 997 2387 1047 familia

133 1076 437 1119 asservatas,
513 1069 658 1118 Eram
697 1068 941 1132 profectus
981 1064 1152 1115 eodem
1189 1080 1287 1128 quo
1327 1073 1380 1115 tu
1418 1068 1653 1130 scripsisti
1691 1082 1882 1128 mense,
1922 1074 2186 1131 postquam
2223 1073 2386 1120 uxoris

133 1148 325 1207 partum
365 1142 692 1206 periculosum
728 1139 859 1209 (cum
911 1145 959 1189 et
1008 1140 1117 1202 ipsa
1155 1139 1368 1202 quadam
1405 1154 1682 1204 gangrenae
1718 1143 1880 1203 specie
1933 1144 1983 1188 in
2020 1156 2165 1206 carpo
2215 1158 2386 1193 manus

134 1224 183 1266 et
218 1217 379 1265 foetus
419 1232 451 1264 a
486 1215 639 1264 multo
677 1222 893 1279 tempore
933 1215 1079 1261 variis
1117 1213 1450 1262 accidentibus
1488 1211 1845 1280 infestarentur)
1882 1217 2014 1263 exitu
2052 1216 2181 1265 felici
2217 1220 2386 1267 termi-

134 1295 303 1338 natum
341 1295 641 1352 spectassem
677 1288 876 1351 filioque
914 1291 1031 1337 nato
1071 1291 1120 1335 et
1155 1301 1187 1334 a
1222 1286 1583 1351 parochialibus
1628 1286 1890 1350 pontificiis
1926 1287 2174 1350 baptisato
2212 1281 2387 1356 nomen

132 1362 420 1412 Hildeberto
466 1361 733 1428 dedissem,
771 1374 919 1424 quem
956 1365 1219 1419 auctorem,
1260 1361 1453 1423 egregie
1492 1359 1551 1409 de
1584 1362 1857 1409 ceremonia
1880 1360 2217 1412 Eucharistiae
2254 1370 2388 1414 sarta

135 1442 266 1486 tecta
302 1435 636 1485 conservanda
673 1436 975 1494 scribentem,
1017 1438 1134 1481 tunc
1169 1434 1235 1479 in·
1257 1434 1490 1482 memoria
1515 1432 1772 1482 habebam.
1850 1434 2042 1483 Itineris
2069 1437 2165 1485 mei
2191 1434 2388 1494 causam

135 1516 183 1560 et
224 1523 515 1570 successum,
556 1523 665 1558 cum
705 1507 768 1557 ad
805 1515 854 1556 te
890 1506 1168 1555 matheseos
1205 1506 1527 1570 professorem
1563 1509 1802 1570 pertinere
1843 1522 2079 1570 censeam,
2121 1510 2212 1558 tibi
2251 1525 2386 1560 com-

132 1583 407 1632 municabo.
482 1582 671 1632 Literas
710 1580 775 1630 ad
811 1578 1263 1644 Campodunenses,
1318 1579 1728 1643 Memmingenses
1779 1585 1827 1629 et
1863 1581 2245 1646 Noribergenses
2291 1584 2386 1634 ha—

134 1657 326 1717 bebam,
368 1656 544 1718 quibus
583 1655 766 1704 Caesar
803 1654 923 1702 mihi
959 1653 1148 1716 reliqua
1185 1666 1295 1702 mea
1330 1652 1645 1718 Rudolphina
1687 1656 2040 1718 repraesentari
2075 1658 2290 1719 petebat,
2320 1664 2384 1707 ‘ut

135 1731 196 1778 iis
238 1730 479 1778 sumtibus
516 1729 714 1792 adjutus
752 1727 949 1776 tabulas
989 1733 1037 1776 et
1075 1727 1442 1776 observationes
1481 1726 1623 1776 edere
1660 1741 1870 1790 possem.
1945 1726 2186 1779 Suevicae
2224 1726 2383 1791 urbeS,

136 1817 261 1865 quae
315 1803 552 1867 promissa
591 1802 791 1851 Caesari
827 1799 1042 1850 nondum
1079 1799 1353 1861 solverant,
1406 1799 1655 1850 solverunt
1693 1801 1828 1850 mihi.
1902 1800 2317 1866 Noribergenses,
2357 1821 2387 1853 a

135 1876 314 1938 quibus
358 1882 582 1924 mutuum
618 1874 903 1939 petebatur,
956 1872 1086 1936 quod
1125 1873 1185 1922 de
1223 1874 1659 1923 contributionibus
1705 1874 1873 1923 circuli
1909 1875 2132 1925 Franci'ci
2168 1879 2385 1940 proxime

132 1950 305 1997 futuris
343 1948 666 2010 refunderent,
705 1953 1002 1997 recusarunt.
1079 1945 1244 1995 Variis
1270 1953 1432 1996 tamen
1472 1949 1522 1995 in
1547 1954 1753 2010 utroque
1779 1948 1959 2005 itinere,
1986 1941 2186 1999 remoris
2223 1948 2397 2000 aestas

133 2023 269 2071 abiit.
346 2020 476 2072 Usus
514 2037 624 2071 sum
662 2027 711 2071 et
748 2020 957 2071 acidulis
995 2019 1454 2083 Goeppingensibus
1507 2026 1556 2069 et
1598 2035 1815 2070 mensem
1853 2021 2109 2084 Tubingae
2156 2026 2382 2087 transegi,

133 2096 298 2144 creber
346 2109 456 2144 cum
492 2094 773 2155 Maestlino,
813 2093 1098 2144 Schickardi
1133 2094 1327 2156 hospes.
1403 2093 1586 2142 Verum
1625 2094 1706 2143 ille
1738 2087 1844 2157 jam
1873 2101 2042 2164 'aetate
2080 2097 2251 2159 sessus,
2292 2100 2384 2147 iste

133 2175 381 2232 promtus,
438 2183 571 2231 acer,
627 2168 714 2218 sed
749 2168 1138 2217 laboriosissima
1186 2167 1488 2230 professione
1541 2167 1805 2227 distentUS‚
1864 2167 1987 2216 nihil
2035 2169 2296 2219 admodum
2334 2166 2384 2218 in

132 2256 362 2305 praesens
401 2242 465 2290 ad
503 2248 655 2291 artem
693 2241 1015 2292 contulerunt,
1087 2239 1294 2289 Miratus
1333 2239 1492 2288 solum
1532 2247 1604 2290 est
1631 2241 1919 2290 Maestlinus
1958 2256 2088 2292 nova
2119 2244 2381 2308 paradoxa,

134 2321 184 2365 et
225 2329 334 2363 cum
372 2316 645 2365 observatis
683 2315 884 2379 obloqui
920 2329 1018 2363 non
1054 2320 1236 2376 posset,
1277 2313 1639 2363 concedendum
1665 2315 1926 2364 arbitratus
1963 2322 2037 2364 est
2074 2316 2383 2367 discendum-

136 2402 231 2451 que
272 2390 420 2437 etiam
466 2391 516 2436 in
548 2394 798 2453 posterum
834 2387 1023 2451 aliquid
1073 2402 1132 2437 ex
1167 2387 1253 2436 illo
1291 2401 1469 2450 magno
1520 2388 1803 2438 coelestium
1841 2396 2068 2438 cursuum
2118 2389 2398 2441 volumine.v

135 2461 285 2510 Erant
329 2462 541 2511 absurda
577 2465 693 2510 ista:
736 2458 794 2529 1)
835 2461 1176 2524 obliquitatem
1215 2460 1469 2523 eclipticae
1509 2462 1624 2510 olim
1662 2462 1911 2525 majorem,
1953 2463 2224 2512 observatis
2260 2464 2383 2513 Pto-

135 2533 353 2584 lemaicis
394 2540 443 2584 et
477 2534 779 2584 Timocharis
817 2541 908 2584 etc.
968 2533 1249 2597 copularum
1286 2533 1455 2584 Lunae
1504 2549 1613 2584 cum
1649 2536 1758 2584 fixis
1815 2542 1862 2585 et
1897 2535 2121 2599 planetis,
2154 2536 2239 2586 ad
2276 2538 2382 2587 cal-

138 2606 299 2657 culum
337 2607 585 2672 Tychonis
634 2610 937 2669 examinatis,
990 2606 1217 2658 convelli.
1295 2606 1346 2671 2)
1386 2607 1444 2656 In
1481 2608 1787 2671 planetarum
1832 2609 2040 2659 motibus
2077 2609 2248 2659 mediis
2286 2625 2382 2660 non

143 2681 469 2730 omnimodam
509 2681 855 2744 aequalitatem
891 2683 1053 2730 inesse
1090 2694 1181 2729 nec
1218 2682 1420 2744 transigi
1457 2695 1600 2744 posse
1652 2684 1771 2731 citra
1807 2684 2150 2745 aequationem
2187 2685 2381 2734 secula-

138 2768 239 2803 rem
280 2757 327 2802 in
364 2756 601 2816 motibus,
640 2756 923 2818 praesertim
962 2754 1172 2803 Saturni.
1250 2755 1305 2815 3)
1345 2754 1593 2818 Epocham
1631 2761 1892 2818 repertam,
1935 2757 1984 2802 in
2024 2770 2120 2818 qua
2157 2756 2378 2821 plerique

141 2833 302 2877 motus
340 2828 390 2875 in
417 2834 599 2891 puncta
637 2828 901 2878 cardinalia
927 2827 1146 2896 incidant
1171 2828 1491 2890 exactissime,
1534 2830 1681 2879 ceteri
1705 2843 1802 2878 non
1840 2828 2005 2878 multis
2047 2829 2278 2893 gradibus
2321 2845 2380 2880 ea

137 2907 376 2965 superent.
465 2902 539 2950 Ea
589 2907 663 2950 est
709 2917 838 2952 anno
896 2907 1008 2950 ante
1061 2905 1276 2950 nostram
1324 2915 1486 2950 aeram
1539 2903 1692 2950 3993.
1753 2903 1836 2949 24.
1885 2900 2030 2966 Julii‚
2089 2899 2380 2967 Uraniburgi

141 2971 192 3022 h.
220 2974 268 3022 Ο.
311 2975 398 3022 33’
438 2976 559 3023 26”.
599 2980 688 3032 (cfr.
720 2985 863 3023 annot.
888 2979 946 3030 1.)
1021 2971 1072 3040 4)
1110 2973 1306 3022 Nullam
1345 2973 1530 3023 dierum
1566 2976 1907 3036 aequationem
1934 2974 2196 3038 eclipsibus
2233 2977 2378 3039 hujus

141 3049 386 3109 temporis,
426 3061 633 3110 quarum
670 3049 719 3096 in
756 3048 898 3096 Luna
935 3046 1047 3096 inde
1086 3047 1148 3096 ab
1188 3061 1315 3096 anno
1358 3047 1510 3094 1572.
1550 3047 1616 3095 46
1657 3047 1942 3097 observatas
1990 3063 2020 3097 a
2058 3050 2205 3098 variis
2245 3060 2379 3099 com-

135 3121 320 3182 putavi,
361 3120 664 3182 satisfacere,
705 3122 821 3183 quin
865 3122 1028 3184 potius
1081 3118 1234 3168 videri
1273 3133 1516 3182 emergere
1566 3134 1745 3170 novam
1783 3128 2078 3171 menstruam
2114 3123 2378 3172 secundum

134 3194 364 3251 transitus
401 3207 499 3242 non
536 3193 682 3255 Solis,
721 3193 808 3243 sed
845 3194 997 3258 ipsius
1035 3192 1206 3241 Lunae
1245 3206 1329 3256 per
1366 3191 1634 3256 zodiacum,
1675 3208 1786 3243 cum
1821 3195 2085 3259 pleraeque
2125 3197 2376 3260 eclipsium

134 3270 233 3314 tam
270 3265 400 3316 Solis
437 3281 583 3329 quam
621 3267 789 3317 Lunae
827 3269 877 3315 in
925 3268 1008 3330 ᾖ,
1054 3266 1112 3325 Υ·
1158 3265 1369 3325 tardius,
1410 3267 1458 3313 in
1500 3263 1590 3335 1η),
1636 3269 1721 3325 ·-s‚—,³-⁴
1764 3270 1998 3318 maturius
2037 3268 2265 3319 incidant.

276 3339 474 3389 Interim
525 3340 690 3389 recudi
737 3340 955 3390 tabulam
1002 3339 1309 3400 aequationis
1360 3337 1555 3388 luminis
1607 3354 1666 3389 ex
1715 3340 1978 3405 hypothesi
2016 3340 2218 3406 physica
2255 3345 2375 3406 Epi-

136 3416 290 3461 tomes
327 3416 382 3472 (p.
404 3420 633 3472 817,Tab.
655 3419 761 3462 Rud.
795 3431 834 3470 p.
869 3416 965 3472 84),
1018 3411 1067 3458 in
1106 3425 1204 3473 qua
1240 3412 1495 3462 immanem
1534 3412 1751 3464 laborem
1801 3415 1945 3464 hausi
1981 3423 2177 3478 propter
2215 3419 2375 3465 varie-

135 3489 283 3534 tatem
330 3486 764 3536 insidiosissimam.
851 3486 1028 3534 Decies
1078 3482 1141 3532 ad
1189 3486 1439 3534 minimum
1495 3501 1553 3535 ea
1614 3488 1737 3536 intra
1786 3487 2071 3538 decennium
2119 3491 2376 3538 reformata

137 3570 322 3621 semper
358 3559 543 3622 aliquid
583 3559 863 3620 occultavit,
905 3558 966 3607 ob
1008 3555 1139 3620 quod
1178 3556 1472 3621 duplicanda
1508 3559 1704 3609 tandem
1729 3560 1820 3609 fuit
1857 3563 2170 3624 vicissimque
2199 3577 2374 3611 secun-

146 3628 258 3678 dum
295 3630 439 3681 aliam
478 3632 827 3682 dimensionem
867 3628 1166 3679 dimidianda
1203 3630 1307 3679 suit.
1385 3632 1506 3681 Cum
1544 3640 1707 3682 autem
1755 3635 1979 3683 omnibus
2019 3634 2176 3683 modis
2222 3635 2376 3683 forma

138 3700 463 3765 hypotheseos
500 3721 531 3754 a
569 3706 853 3770 Tychonica
890 3704 1093 3763 differat,
1133 3702 1331 3753 effectus
1370 3711 1532 3756 tamen
1571 3712 1644 3756 est
1682 3721 1828 3769 quam
1852 3710 2068 3771 proxime
2108 3707 2249 3769 idem,
2291 3707 2371 3769 qui

139 3775 186 3820 in
223 3777 547 3837 prolixissima
583 3778 671 3829 illa
706 3777 877 3828 tabula
916 3776 1101 3840 Magini
1142 3777 1191 3824 in
1229 3776 1403 3842 Suppl.
1444 3778 1833 3843 Ephemeridum.

227 3872 377 3915 Kopion-1
400 3876 523 3918 open
546 3877 610 3913 vl.
1998 3869 2031 3915 4
