2554 4140
878 132 1014 180 Liber
1043 133 1238 180 Tertius.
1298 135 1408 180 Pars
1440 132 1605 179 Tertia
2255 135 2357 185 249

213 304 219 310 ·
263 281 402 330 Num
447 297 618 331 omnes
666 283 767 332 dies
803 287 1066 335 naturales
1111 301 1203 349 per
1237 292 1399 334 totum
1439 299 1638 332 annum
1690 283 1905 330 invicem
1942 286 2061 330 sunt
2098 279 2373 344 aequalest).

125 358 166 403 1.
215 354 566 403 Revolutiones
605 356 800 419 quidem
839 360 1055 421 integrae
1095 358 1306 407 Telluris
1359 356 1420 405 ad
1467 356 1665 419 planum
1703 370 1789 418 per
1838 353 2041 403 eandem
2079 354 2224 403 fixam
2263 359 2363 401 tra-

118 428 330 487 ductum,
370 434 425 475 ut
461 429 586 479 libro
623 430 777 492 primo
819 431 1024 492 dictum,
1066 440 1178 480 sunt
1217 430 1278 480 ad
1319 444 1508 479 omnem
1549 443 1720 477 sensus
1760 427 2077 476 subtilitatem
2118 426 2368 490 aequalis-

117 504 283 559 simae,
323 515 550 548 numerus
590 509 750 550 tamen
792 503 968 566 aliquis
1006 504 1215 568 plurium
1253 503 1614 553 revolutionum
1654 501 1931 549 accumulat
1970 514 2029 548 ex
2057 499 2367 548 insensilibus

115 573 397 622 differentiis
436 573 621 636 aliquid
661 576 904 636 sensibile,
947 584 1000 625 ut
1038 580 1256 626 aest1vae
1295 575 1625 625 revolutiones
1664 573 1854 634 aliquot
1893 571 2114 621 differant
2152 579 2367 636 tempore

115 646 177 693 ab
228 645 442 694 hibernis
487 647 706 696 totidem.
785 651 829 697 2.
889 650 991 697 Etsi
1043 665 1155 698 vero
1203 650 1348 713 plane
1399 655 1561 698 essent
1609 646 1985 710 aequalissimae
2038 645 2366 693 revolutiones

114 719 266 780 ipsius
305 717 514 766 Telluris
564 719 624 767 ad
664 721 863 784 planum
896 722 986 785 per
1034 738 1173 771 axem
1221 723 1326 786 ejus
1367 728 1415 771 et
1453 721 1668 783 aliquam
1706 718 1853 771 fixam
1892 717 2197 778 traductum,
2245 733 2369 766 non-

115 791 227 838 dum
266 798 429 840 tamen
468 800 765 854 sequeretur,
805 795 907 843 dies
947 795 1192 843 naturales
1221 797 1343 844 inter
1383 809 1433 843 se
1460 793 1613 857 planeg
1644 791 1707 841 ad
1733 804 1946 853 unguem
1986 790 2217 852 aequales
2245 806 2367 839 esse.

258 866 341 911 An
379 867 536 927 ἐρίων
573 866 672 914 dies
710 870 969 915 naturalis
1005 884 1111 916 non
1152 876 1220 916 est
1258 869 1486 931 aequalis
1522 869 1747 928 inteyrae
1783 864 2092 912 revolutioni
2127 863 2373 912 Telluris?

118 937 202 985 Est
239 937 387 1001 paulo
425 937 631 1000 longior,
673 940 803 1001 quod
844 947 978 1004 patet
1016 956 1073 990 ex
1114 940 1316 990 diversis
1356 943 1609 1002 utriusque
1649 939 1806 987 metis,
1881 935 2006 984 Nam
2046 942 2203 996 meta,
2245 951 2369 999 quae

115 1009 405 1058 determinat
442 1012 797 1061 revolutionem
837 1017 1050 1078 corporis
1090 1014 1299 1063 Telluris
1339 1017 1576 1076 integram
1617 1013 1742 1063 cirea
1780 1023 1922 1058 suum
1953 1024 2108 1066 axem,
2151 1015 2223 1058 est
2258 1009 2369 1072 pla·-

113 1097 227 1131 num
266 1083 466 1145 aliquod
504 1100 590 1147 per
627 1100 767 1132 axem
807 1086 1013 1134 Telluris
1064 1085 1262 1135 ductum
1301 1085 1673 1143 invariabiliter,
1727 1098 1814 1131 seu
1853 1082 1986 1145 quod
2033 1096 2196 1130 annuo
2236 1089 2372 1131 motu

112 1155 192 1221 (de
231 1171 328 1218 quo
368 1157 491 1204 libro
534 1154 648 1224 VI.)
689 1172 795 1205 eum
836 1161 941 1222 ipso
980 1175 1070 1208 axe
1111 1160 1317 1208 Telluris
1359 1158 1693 1207 circumlatum
1731 1170 1830 1204 non
1869 1162 2028 1204 mutat
2071 1157 2216 1204 situm
2254 1171 2371 1218 par·-

27 1238 34 1249 ’
113 1230 249 1287 tium,
292 1229 378 1277 sed
414 1236 580 1278 manet
616 1231 711 1278 sibi
752 1234 843 1294 ipsi
882 1232 1185 1295 parallelum,
1226 1235 1274 1279 in
1315 1239 1551 1295 quantum
1589 1229 1774 1279 scilicet
1801 1230 1907 1277 axis
1945 1230 2050 1291 ipse
2078 1228 2172 1276 sibi
2209 1228 2374 1292 paral—-

73 3341 96 3365 ἱ

26 3469 29 3538 l

27 3550 31 3595 t

28 3596 32 3644 ε

33 3794 38 3854 l

30 3689 35 3775 '5
122 3713 126 3716 ,

113 1301 236 1349 lelus
275 1310 453 1362 manet,
492 1309 546 1350 ut
585 1303 722 1351 vides
760 1306 890 1367 apud
933 1306 1013 1353 PL
1052 1307 1099 1352 in
1141 1306 1364 1354 omnibus
1405 1311 1615 1368 quatuor
1652 1301 1842 1353 sitibus,
1921 1302 1982 1350 Et
2019 1301 2157 1350 locus
2196 1301 2374 1364 aliquis

113 1376 162 1421 in
215 1374 470 1438 superficie
527 1375 706 1424 Terrae
753 1383 867 1426 tunc
935 1386 1154 1428 censetur
1218 1381 1458 1441 integram
1525 1376 1742 1439 aliquam
1795 1373 2150 1425 revolutionem
2199 1375 2372 1423 absol-

114 1448 264 1506 visse,
320 1463 429 1496 curn
477 1450 525 1494 in
566 1448 659 1498 hoe
695 1449 895 1512 planum
934 1451 1055 1500 PSL
1096 1451 1401 1520 eandemque
1441 1451 1546 1514 ejus
1587 1456 1778 1513 partem
1816 1450 2031 1498 recurrit.
2108 1448 2174 1495 At
2228 1453 2373 1508 meta,

113 1535 240 1582 quae
287 1521 574 1570 determinat
613 1524 850 1585 integram
892 1523 1016 1573 diem
1056 1525 1355 1586 naturalem,
1415 1533 1467 1572 ut
1500 1522 1852 1586 jam·'dictum,
1905 1527 1976 1570 est
2017 1521 2216 1584 planum
2256 1521 2376 1569 PSL

112 1608 197 1655 per
254 1608 395 1642 axem
452 1595 645 1656 quidem
699 1596 907 1644 Telluris
958 1597 1041 1645 PL
1094 1598 1313 1658 ductum,
1363 1597 1449 1646 sed
1502 1595 1726 1645 variabili
1775 1597 1896 1657 situ;
1949 1597 2063 1657 quia
2112 1594 2226 1642 dum
2279 1595 2373 1642 cir-

113 1667 374 1714 cumfertur
412 1682 519 1715 curn
559 1683 649 1716 axe
689 1668 899 1717 Telluris
939 1685 1102 1719 annuo
1142 1677 1303 1731 motu,
1352 1685 1501 1718 unum
1553 1670 1657 1731 ejus
1697 1674 1926 1732 punctum
1967 1668 2165 1715 affixum
2205 1668 2372 1715 haeret

113 1746 276 1786 centro
316 1739 445 1787 Solis
485 1740 519 1788 S
572 1741 835 1803 immobili,
884 1745 1049 1805 itaque
1097 1747 1241 1792 situm
1294 1745 1502 1807 partium
1545 1745 1677 1790 varie
1716 1747 1897 1801 mutat,
1950 1740 2074 1788 adeo
2127 1746 2177 1788 ut
2215 1755 2373 1802 neque

87 1811 399 1889 'parallelum
437 1813 532 1861 sibi
572 1816 663 1877 ipsi
702 1822 913 1874 maneat,
953 1831 1112 1878 neque
1151 1832 1340 1880 semper
1379 1815 1548 1864 eodem
1589 1815 1767 1876 angulo
1803 1819 1935 1862 secet
1974 1813 2225 1876 eclipticae
2264 1813 2377 1875 pla-

115 1900 246 1952 num3
321 1885 493 1949 Itaque
533 1901 797 1948 ponamus,
843 1889 991 1937 Terra
1029 1891 1076 1936 in
1118 1890 1412 1953 Capricorno
1453 1890 1742 1947 constituta,
1795 1885 1923 1935 unde
1963 1885 2049 1934 Sol
2089 1894 2291 1951 apparet
2329 1888 2377 1933 in

115 1957 319 2019 Canem,
361 1959 632 2008 coincidere
670 1960 793 2009 haec
831 1961 948 2009 bina
987 1962 1159 2027 plana,
1210 1969 1348 2012 erunt
1386 1964 1533 2024 igitur
1571 1952 1777 2024 utraque
1817 1960 1879 2008 ad
1920 1960 2192 2023 eclipticam
2229 1966 2375 2021 recta,

115 2043 174 2079 ex
212 2044 298 2090 e0,
355 2031 506 2080 Terra
544 2047 711 2081 versus
751 2035 966 2083 Arietem
1007 2042 1262 2099 pergente,
1318 2037 1448 2099 prius
1490 2034 1685 2098 quidem
1734 2032 1934 2098 planum
1971 2032 2055 2081 PL
2094 2032 2282 2080 deseret
2322 2033 2370 2093 S,

119 2109 332 2152 centrum
371 2103 516 2164 Solis,
558 2112 606 2154 et
642 2108 861 2155 manebit
898 2115 1082 2157 rectum
1123 2108 1183 2157 ad
1223 2108 1499 2173 eclipticam
1538 2108 1730 2170 sibique
1768 2105 2083 2169 parallelum3
2136 2108 2377 2169 posterius

115 2191 231 2225 vero
267 2176 468 2239 planum
507 2178 894 2239 PLS‚·haerens
934 2188 1097 2231 centro
1137 2182 1297 2243 Solis,
1353 2182 1661 2245 separabitur
1701 2197 1729 2229 a
1769 2179 1916 2244 plano
1957 2180 2103 2243 priori
2140 2178 2286 2240 PLS‚
2330 2186 2378 2227 et

114 2255 278 2312 partes
316 2250 422 2312 ejus
464 2254 739 2313 exteriores,
779 2253 907 2302 ultra
945 2270 1086 2303 axem
1126 2255 1335 2304 Telluris
1375 2269 1545 2303 versus
1584 2254 1706 2302 fixas
1745 2259 2011 2316 porrectae,
2053 2250 2378 2317 praecurrens,

118 2329 166 2371 et
202 2323 389 2385 fugient
427 2338 458 2370 a
495 2325 826 2374 consimilibus
880 2329 1052 2391 prioris
1092 2328 1223 2392 plani
1261 2328 1506 2393 partibus,
1559 2328 1847 2389 interimque
1894 2327 2041 2374 etiam
2080 2324 2141 2374 ad
2180 2324 2378 2390 planum

118 2394 372 2459 eclipticae
411 2396 723 2446 inclinabitur
754 2399 848 2448 hoc
886 2400 1084 2464 planum
1113 2400 1248 2461 PLS‚
1289 2408 1343 2450 ut
1381 2408 1517 2466 parte
1556 2399 1773 2450 secunda
1799 2399 1994 2460 dietum,
2036 2399 2198 2461 quoad
2226 2412 2377 2461 usque

42 2518 48 2524 ,
117 2468 268 2516 Terra
306 2470 353 2515 in
394 2470 561 2519 Ariete
600 2473 879 2534 constituta,
918 2473 1034 2523 Sole
1073 2476 1119 2522 in
1148 2475 1298 2524 Libra
1334 2479 1571 2538 spectato,
1611 2476 1800 2536 integro
1841 2471 2109 2535 quadrante
2148 2486 2379 2536 praever-

116 2542 227 2589 terit
265 2547 312 2589 et
351 2556 449 2590 una
488 2557 594 2591 eum
633 2544 782 2607 plano
822 2548 980 2610 priore
1020 2547 1281 2611 parallelos
1308 2547 1518 2596 Telluris
1560 2549 1607 2594 in
1637 2550 1663 2594 4
1694 2545 1987 2609 quadrantes
2025 2547 2246 2604 secuerit,
2287 2559 2378 2592 an-

117 2613 233 2676 gulo
273 2613 394 2662 SPL
431 2622 562 2664 recto
601 2616 745 2666 sacto.
824 2619 962 2668 Tunc
1000 2622 1165 2684 itaque
1192 2621 1329 2670 locus
1370 2621 1548 2683 aliquis
1576 2621 1625 2667 in
1665 2619 1918 2683 superficie
1945 2618 2169 2678 Telluris,
2208 2632 2376 2666 rever-

118 2693 223 2735 tens
263 2686 324 2734 ad
365 2687 562 2751 planum
600 2692 871 2752 prius'PL,
911 2693 1050 2742 abest
1089 2693 1248 2742 adhue
1288 2708 1383 2742 uno
1425 2693 1695 2756 quadrante
1724 2691 2054 2740 ¹revolutionis
2094 2692 2308 2753 integrae
2349 2705 2378 2737 a

117 2759 264 2822 plano
305 2761 570 2823 posteriore
611 2762 757 2824 PLS‚
806 2763 954 2828 fitque
1006 2766 1100 2815 hoe
1139 2774 1282 2831 pacto
1331 2768 1379 2814 in
1420 2767 1646 2816 omnibus
1686 2769 1717 2813 4
1759 2767 1872 2813 anni
1924 2765 2142 2827 partibus
2177 2763 2374 2826 junctis,

116 2838 172 2881 nt
211 2832 315 2882 dies
365 2834 561 2896 quidem
617 2836 862 2886 naturales
914 2839 1205 2901 proveniant
1246 2840 1346 2888 365
1390 2853 1498 2888 cum
1537 2839 1833 2903 quadrante,
1887 2836 2219 2885 revolutiones
2259 2849 2375 2885 vero

116 2904 328 2955 Telluris
367 2921 464 2956 una
502 2908 627 2970 plus,
667 2923 733 2958 sc.
777 2910 878 2959 366
921 2926 1030 2960 curn
1070 2913 1353 2975 quadrante.

267 2979 532 3042 Quomodo
558 2982 648 3030 hoc
672 2982 742 3030 ad
762 2983 1029 3045 sphaeram
1049 2983 1477 3034 accommodabo?
1515 2981 1582 3033 Ut
1608 2985 1768 3047 prius;
1808 2981 2007 3047 planum
2029 2980 2232 3031 alterum
2258 2980 2376 3032 PLS

118 3065 204 3117 per
239 3051 402 3101 Solem
455 3059 502 3102 et
552 3069 694 3103 axem
733 3055 942 3104 Telluris
991 3063 1380 3121 repraesentatur
1432 3058 1479 3104 in
1518 3055 1726 3120 sphaera
1767 3070 1852 3119 per
1891 3054 2118 3104 circulum
2159 3053 2376 3104 declina-

118 3125 265 3173 tionis
304 3127 579 3175 traduetum
621 3142 703 3191 per
742 3135 956 3177 centrum
984 3129 1112 3179 Solis
1152 3137 1199 3179 et
1237 3130 1376 3195 polos
1410 3129 1666 3196 sphaerae,
1705 3127 1909 3176 alterum
1939 3127 2059 3176 PLS
2086 3122 2373 3190 repraesen-

120 3203 248 3247 tatur
272 3213 359 3261 per
397 3200 625 3249 circulum
656 3201 993 3250 declinationis
1031 3202 1197 3260 alium,
1240 3205 1320 3267 qui
1347 3215 1432 3265 per
1471 3201 1614 3249 fixam
1653 3207 1699 3248 et
1736 3200 1876 3265 polos
1915 3200 2150 3264 sphaerae
2189 3202 2374 3249 transit.

120 3267 262 3332 Quod
303 3273 448 3335 igitur
486 3288 583 3321 una
623 3273 725 3322 dies
765 3274 999 3323 naturalis
1039 3276 1148 3338 plus
1177 3276 1254 3333 sit,
1296 3289 1441 3337 quain
1483 3288 1580 3322 una
1617 3273 1858 3322 revolutio
1885 3273 2110 3335 Telluris,
2151 3273 2373 3336 adeoque

121 3349 169 3391 et
205 3348 486 3407 aequatoris
524 3347 782 3412 sphaerae,
826 3346 873 3394 id
913 3348 983 3395 sic
1022 3347 1377 3396 demonstratur
1416 3361 1498 3410 per
1535 3339 1806 3410 sphaeram.
1884 3346 2050 3396 Posito
2096 3348 2220 3396 enim
2261 3346 2375 3396 Sole

122 3416 170 3463 in
206 3418 444 3482 principio
487 3418 657 3469 Caneri
700 3427 748 3468 et
786 3419 1078 3480 meridiano,
1138 3421 1320 3469 interea
1371 3418 1483 3466 dum
1536 3419 1744 3483 sphaera
1794 3426 1841 3469 et
1879 3422 2163 3485 principium
2205 3419 2377 3468 Cancri

123 3489 412 3551 revolvitur,
457 3491 540 3541 Sol
575 3493 677 3556 jam
719 3508 748 3541 a
787 3493 1021 3557 principio
1062 3491 1233 3541 Caneri
1274 3492 1468 3540 discesit
1506 3492 1567 3540 ad
1607 3491 1750 3542 finem
1788 3495 1927 3558 primi
1968 3493 2145 3556 gradus
2186 3492 2374 3553 Cancri,

122 3560 286 3624 itaque
326 3571 513 3628 praeter
550 3565 902 3615 revolutionem
944 3568 1179 3628 integram
1219 3579 1341 3630 opus
1381 3570 1451 3613 est
1479 3564 1636 3615 adhuc
1673 3581 1793 3630 pene
1821 3581 1916 3615 uno
1955 3567 2108 3630 gradu
2135 3565 2374 3626 revolut0,

123 3630 278 3683 'donec
316 3636 400 3685 Sol
439 3640 487 3686 in
526 3639 845 3687 meridianum
886 3639 1065 3687 redeat.

273 3708 422 3772 Quod
456 3727 641 3761 nomen
679 3720 746 3760 (sat
786 3714 860 3760 illi
891 3711 1273 3774 portiunculae,
1316 3726 1640 3774 quae.supra
1678 3714 1865 3774 inteyri
1903 3713 2191 3775 aequatoris
2228 3724 2375 3758 reuo-

126 3778 364 3830 lutionem
418 3785 630 3844 accedit,
696 3792 740 3834 et
800 3785 1047 3850 quomodo
1100 3783 1376 3845 definitur?
1443 3784 1732 3850 Appellatur
1796 3783 2193 3836 additamentum.
2291 3781 2376 3830 Est
