2554 4140
848 146 985 194 mer
1013 147 1223 222 Quintus.
1285 148 1397 194 Pars
1427 148 1599 195 Altera.
1678 151 1689 164 ·
2044 135 2047 138 ’
2222 160 2324 209 421

229 299 343 364 Quo
377 309 526 347 sensu
561 295 747 346 dieitur
784 298 1049 347 anomalia
1085 295 1336 347 eooentri?
1371 295 1762 362 Subintelligitur
1800 303 1848 349 et
1884 299 1964 350 hic
2000 301 2182 352 vocula
2219 316 2329 353 mo-

0 421 1 425 ,
79 378 172 422 tus.
261 371 387 421 Nam
431 371 523 418 etsi
572 370 624 418 in
677 384 793 420 arcu
846 372 955 434 ipso
1003 370 1169 420 circuli
1218 369 1311 418 PK
1363 369 1630 419 secundum
1683 371 1890 435 figuram
1939 374 2076 424 nulla
2126 383 2331 440 apparet

77 444 401 509 inaequalitas
439 441 519 492 vel
555 444 829 504 anomalia,
869 448 1031 494 motus
1070 449 1232 493 tamen
1270 442 1496 506 planetae
1533 444 1583 490 in
1624 444 1782 494 orbita
1818 445 1902 494 PG
1941 461 2055 496 vere
2095 454 2168 497 est
2205 464 2330 498 ano-

77 518 248 578 malos,
287 514 574 579 inaequalis,
614 517 769 566 tribus
794 517 1099 571 nominibus:
1138 517 1294 580 primo
1319 516 1505 563 ratione
1532 529 1652 565 suae
1690 516 1874 579 figurae
1902 518 2161 583 ellipticae,
2203 537 2328 585 quae

0 589 1 605 ¹
75 590 341 642 secundum
380 588 600 638 diversas
646 591 724 638 sui
771 594 935 653 partes
985 589 1193 639 flectitur
1244 586 1493 651 inaequali
1532 589 1770 639 curvitate
1809 590 2054 654 distatque
2094 609 2124 642 a
2163 601 2328 644 centro

74 666 258 728 figurae
294 661 639 725 inaequaliter3
680 661 854 712 deinde
891 663 1082 719 ratione
1119 661 1396 721 celeritatis,
1436 674 1562 723 quae
1601 675 1698 709 non
1724 668 1798 711 est
1836 663 2007 713 eadem
2033 666 2081 712 in
2107 668 2330 717 omnibus

75 738 261 787 orbitae
297 734 573 800 particulis3
613 737 755 785 tertio
793 737 982 785 ratione
1020 735 1335 799 apparentiae
1373 738 1608 796 tanquam
1647 748 1706 782 ex
1730 733 1863 797 Sole,
1905 738 2021 799 quia
2056 744 2219 802 partes
2247 755 2329 789 or·
2372 758 2383 763 “

75 812 206 861 bitae
241 808 475 873 aequales
513 807 813 858 subtendunt
849 807 982 872 apud
1005 807 1172 858 Solem
1210 805 1418 870 angulos
1456 805 1756 869 inaequales,
1834 808 1956 857 Cum
2005 811 2152 873 igitur
2189 827 2328 863 arcus

70 883 161 933 PK
196 881 261 932 ad
306 882 470 932 omnia
508 881 605 930 ista
644 879 1013 932 determinanda
1051 885 1323 945 concurrat,
1362 884 1416 927 ut
1453 880 1587 942 prius
1629 878 1839 943 dictum,
1897 896 2046 944 quare
2085 898 2182 947 quo
2216 885 2327 948 jure

0 982 1 986 =
71 962 211 1006 vetus
248 955 549 1006 astronomia
588 954 822 1004 circulum
873 958 1168 1016 aequantem
1206 950 1474 1001 introduxit
1527 953 1675 1015 inque
1715 967 1773 1002 eo
1811 957 2086 1004 numeravit
2123 971 2330 1007 anoma-

71 1031 189 1080 liam
221 1027 450 1090 mediam,
487 1042 586 1076 non
613 1027 839 1078 deteriori
873 1027 984 1090 jure
1021 1041 1112 1075 nos
1139 1026 1326 1076 orbitae
1352 1023 1473 1073 reali
1499 1023 1582 1073 PC
1622 1026 2058 1077 circumscribimus
2097 1030 2329 1081 circulum
2383 1051 2385 1055 ’

0 1152 1 1160 ,
71 1104 389 1153 eccentricum
426 1101 518 1149 PK
555 1102 703 1164 inque
742 1114 800 1149 eo
839 1113 1148 1149 numeramus
1186 1097 1485 1148 anomaliam
1525 1101 1764 1162 eccentri‚
1813 1106 2105 1165 usurpantes
2143 1118 2331 1168 aequa·
2421 1160 2425 1170 ‚

0 1213 13 1218 „
70 1175 165 1226 bile
202 1173 391 1239 aliquid
430 1173 494 1223 ad
531 1173 907 1224 mensurandum
944 1171 1008 1231 id,
1053 1171 1186 1235 quod
1224 1177 1298 1221 est
1336 1171 1665 1234 inaequabile.

129 1292 145 1307 s
208 1249 272 1297 Et
318 1250 367 1296 in
417 1249 571 1297 veteri
620 1245 818 1310 quidem
866 1247 1165 1296 astronomia
1205 1244 1413 1294 circulus
1452 1258 1670 1307 aequans
1709 1243 1905 1294 seduxit
1959 1246 2216 1311 physicoS,
2272 1255 2327 1298 ut

0 1329 1 1335 ’
63 1321 445 1384 imaginarentur
479 1321 576 1369 sibi
611 1320 792 1369 realem
832 1319 912 1370 vel
949 1318 1182 1368 circulum
1222 1317 1301 1367 vel
1341 1321 1467 1366 certe
1508 1323 1719 1381 motum3
1759 1322 1810 1367 at
1848 1317 1928 1367 hic
1972 1320 2139 1369 seduci
2177 1335 2320 1371 nemo

0 1454 1 1465 γ
67 1399 245 1460 potest,
286 1409 393 1443 cum
441 1399 677 1458 appareat
714 1393 777 1442 ad
816 1392 1025 1454 oculum,
1065 1406 1232 1442 veram
1259 1390 1488 1454 planetae
1529 1390 1737 1440 orbitam
1763 1390 1846 1439 PC
1888 1393 1937 1439 in
1974 1392 2090 1442 solis
2131 1393 2322 1444 duobus

0 1502 1 1507 ,
66 1466 288 1533 apsidum
326 1468 519 1531 punctis
558 1467 626 1526 P,
666 1465 712 1516 R
751 1480 862 1515 cum
898 1465 993 1515 hoc
1030 1464 1254 1515 technico
1294 1463 1474 1513 circulo
1512 1463 1606 1512 PK
1644 1478 1951 1526 concurrere,
1991 1470 2096 1515 toto
2135 1466 2324 1532 reliquo

0 1544 1 1604 ζ
39 1544 223 1591 'tractu
261 1555 369 1590 sese
407 1542 534 1589 intra
573 1539 709 1588 illius
749 1538 1055 1602 complexum
1093 1552 1265 1588 versus
1304 1543 1519 1586 centrum
1557 1536 1742 1600 figurae
1780 1538 2011 1600 recipere.

0 1605 1 1622 ¹
217 1613 356 1678 Quid
399 1620 468 1662 est
515 1613 782 1663 anomalia
829 1611 1148 1675 coaequata?
1206 1610 1295 1658 Est
1340 1624 1480 1658 arcus
1533 1609 1699 1659 circuli
1751 1612 1912 1673 magni
1964 1612 2013 1657 in
2062 1610 2322 1677 latitudine

0 1677 1 1738 Ῐ
47 1686 255 1738 ‘zodiaci
292 1701 380 1750 per
406 1679 825 1736 continuationem
862 1685 997 1749 plani
1025 1685 1212 1734 orbitae
1251 1682 1553 1746 planetariae
1594 1683 1865 1746 designatis
1893 1683 1941 1729 in
1978 1688 2328 1748 consequentia

0 1743 2 1806 ἶ
64 1762 313 1825 signorum
348 1765 630 1810 numeratus
669 1774 700 1809 a
735 1759 846 1809 loco
886 1756 1070 1822 apsidis
1109 1771 1270 1821 usque
1309 1755 1372 1806 ad
1397 1755 1561 1805 locum
1599 1757 1758 1819 ipsum
1782 1753 2010 1817 planetae
2048 1757 2130 1806 vel
2157 1760 2326 1822 cujus·

0 1817 2 1867 !
66 1849 256 1897 cunque
293 1835 461 1898 puncti
499 1833 686 1882 orbitae
724 1836 1072 1896 apparentem;
1112 1830 1208 1892 vel,
1250 1828 1383 1892 quod
1423 1828 1596 1878 eodem
1633 1828 1770 1888 redit,
1811 1832 1886 1876 est
1913 1830 2137 1892 anguluS,
2180 1847 2327 1895 quem

0 1923 2 1927 ·
67 1922 209 1958 arcus
247 1906 454 1970 quilibet
490 1920 636 1955 verae
676 1906 864 1954 orbitae
913 1903 1219 1968 planetariae
1258 1901 1507 1951 subtendit
1547 1906 1633 1950 aut
1667 1899 1828 1949 dictae
1868 1899 1991 1950 duae
2029 1902 2189 1955 lineae
2227 1906 2328 1954 for-

0 2001 2 2027 ;
68 1986 202 2030 mant
238 1979 371 2044 apud
409 1985 623 2030 centrum
663 1978 807 2040 Solis,
850 1978 1020 2042 ejusve
1059 1975 1228 2039 anguli
1267 1975 1673 2037 complementum
1711 1972 1773 2021 ad
1815 1974 1847 2020 4
1885 1979 2058 2024 rectos.
2150 1972 2157 1977 ”

0 2047 1 2058 ¹
212 2064 274 2110 Ut
306 2063 345 2108 si
373 2062 561 2120 planeta
590 2062 637 2107 in
669 2062 726 2116 O,
768 2066 1020 2119 coaequata
1050 2059 1277 2104 anomalia
1316 2063 1385 2103 est
1423 2058 1615 2113 angulus
1646 2057 1786 2114 PAC3
1833 2061 1879 2102 et
1909 2057 1947 2103 si
1986 2058 2170 2117 planeta
2198 2060 2245 2106 in
2276 2063 2330 2122 Q,

69 2135 177 2178 tunc
206 2127 430 2174 anomalia
460 2131 713 2184 coaequata
744 2132 923 2172 constat
953 2125 1282 2183 his'partibus:
1315 2122 1463 2175 ΡΑΜ,
1493 2121 1630 2166 MAR
1660 2122 1837 2168 duobus
1867 2123 2028 2181 rectis,
2067 2130 2113 2170 et
2143 2127 2329 2185 insuper

0 2205 2 2211 ’
70 2195 236 2255 angulo
256 2193 396 2250 RAQ.
457 2193 629 2250 Quodsi
651 2197 805 2237 centro
828 2192 869 2237 A
899 2191 1124 2236 scribatur
1153 2188 1345 2235 circulus
1377 2190 1772 2246 quantuscunque,
1804 2193 1851 2233 et
1871 2188 1937 2235 sic
1967 2190 2102 2236 etiam
2130 2192 2327 2239 circulus

73 2261 120 2308 in
143 2260 338 2319 sphaera
357 2257 570 2311 fixarum,
604 2257 760 2304 circuli
791 2257 928 2315 huJus
960 2269 1107 2314 arcus,
1145 2257 1404 2300 numeratus
1437 2252 1495 2297 ab
1517 2251 1596 2296 ΑΡ
1626 2252 1674 2297 in
1706 2253 1936 2310 signorum
1958 2258 2327 2316 consequentiam

0 2319 2 2323 ¹
69 2339 212 2385 usque
242 2324 300 2371 ad
329 2324 407 2370 Ac
435 2322 508 2369 vel
535 2323 617 2381 AQ
649 2325 958 2379 continuatas,
990 2323 1164 2369 dicetur
1196 2322 1330 2367 etiam
1359 2319 1587 2371 anomalia
1620 2325 1884 2378 coaequata.
2222 2384 2225 2388 .

220 2402 394 2467 Quare
431 2409 714 2464 coaequata
752 2401 974 2452 dieitur?
1009 2399 1196 2449 Motum
1235 2395 1509 2446 anomaliae
1550 2402 1875 2460 coaequatum
1915 2395 2014 2465 (vel
2039 2399 2326 2464 simpliciter

72 2475 366 2527 anomaliam
404 2476 744 2541 coaequatam)
783 2475 942 2525 dicere
979 2475 1334 2522 consueverunt
1371 2475 1618 2532 auctores,
1657 2484 1757 2519 non
1796 2474 1936 2534 quasi
1976 2486 2035 2521 ex
2072 2475 2326 2538 proposito

72 2555 208 2600 motu
255 2547 503 2611 inaequali
549 2548 692 2599 fuerit
744 2547 934 2599 elicitus
980 2550 1139 2595 motus
1185 2542 1437 2608 aequalis,
1492 2541 1580 2592 sed
1628 2545 1818 2603 ratione
1869 2543 2031 2614 plane·
2068 2548 2324 2610 contraria,

74 2622 218 2688 quod,
259 2635 369 2672 cum
403 2628 705 2685 proponatur
741 2622 879 2671 initio
918 2626 1105 2682 tempus
1142 2631 1231 2667 scu
1267 2617 1427 2683 portio
1465 2618 1699 2680 temporis
1737 2617 1974 2680 periodici
2013 2622 2195 2668 etcum
2233 2620 2327 2671 hoc

0 2735 1 2738 ,
72 2702 262 2761 tempus
299 2692 570 2761 (redactum
608 2697 657 2743 in
698 2693 1137 2745 denominationem
1176 2685 1570 2756 astronomicam)
1611 2688 1817 2751 indicet,
1873 2695 2108 2754 quantum
2161 2706 2326 2742 arcum

74 2769 239 2820 circuli
274 2766 488 2831 planeta,
530 2769 572 2817 si
609 2769 889 2818 incessisset
925 2769 1056 2815 motu
1095 2763 1358 2827 aequabili,
1397 2763 1542 2813 fuerit
1568 2762 1873 2813 confecturus
1913 2764 2038 2813 intra
2068 2763 2162 2814 hoc
2199 2771 2326 2815 tem-

73 2844 204 2908 poris
240 2842 477 2905 spatium,
528 2840 635 2903 jam
670 2855 814 2904 porro
854 2842 1025 2889 munus
1064 2838 1127 2886 sit
1164 2837 1431 2885 astronomi
1468 2834 1753 2898 ostendere,
1809 2841 2043 2899 quantum
2093 2836 2151 2887 de
2189 2844 2327 2889 motu

74 2915 300 2980 planetae
326 2927 438 2963 vere
476 2913 722 2977 inaequali
746 2911 994 2979 apparenti
1020 2909 1312 2974 respondeat
1334 2909 1448 2958 huic
1473 2910 1680 2972 tempori
1706 2908 1916 2972 fictoque
1955 2911 2109 2959 motui
2135 2925 2324 2975 aequa-

75 2987 174 3038 bili.
250 2985 406 3036 Sonat
442 2986 590 3050 igitur
626 2991 786 3042 motus
822 2989 1121 3046 coaequatus
1160 2982 1303 3043 idem,
1346 2980 1478 3045 quod
1516 2987 1676 3030 motus
1716 2983 2010 3044 aequatione
2048 2983 2250 3035 affectus
2278 2991 2326 3037 et

77 3074 336 3112 conversus
363 3060 412 3107 in
451 3063 777 3123 apparentem,
817 3056 1014 3105 indutus
1040 3055 1226 3106 scilicet
1265 3055 1396 3105 illam
1424 3054 1842 3117 inaequalitatem,
1885 3070 2031 3119 quam
2072 3059 2116 3108 ei
2153 3060 2320 3110 conci-

76 3131 164 3184 liat
198 3132 499 3198 apparentia,
537 3147 566 3181 a
605 3146 702 3194 qua
738 3128 1087 3192 inaequalitate
1126 3134 1230 3178 tota
1266 3128 1495 3193 periodus
1536 3127 1780 3177 anomalia
1819 3127 2007 3179 dicitur.

225 3205 353 3256 Cum
389 3206 553 3268 iyitur.
586 3203 871 3253 anomaliae
920 3202 1063 3250 hasce
1109 3208 1206 3250 tres
1243 3208 1289 3250 et
1326 3201 1613 3250 distinxeris
1651 3196 1707 3249 et⁴
1730 3201 2035 3265 formaveris
2065 3218 2162 3265 per
2195 3204 2324 3268 ficti-

77 3281 203 3328 tium
239 3279 485 3328 circulum
524 3279 849 3326 eceentricum
886 3275 1077 3325 orbitae
1113 3277 1577 3337 circumscriptum.-
1628 3289 1839 3337 quaero,
1893 3290 1966 3324 an
2013 3290 2119 3325 non
2165 3281 2322 3340 possit

78 3351 234 3401 eidem
269 3353 389 3400 usui
423 3365 520 3399 esse
555 3365 677 3399 vera
712 3350 950 3411 planetae
987 3347 1163 3396 orbita.
1234 3348 1338 3396 Etsi
1377 3360 1475 3396 non
1515 3350 1588 3395 est
1626 3359 1774 3409 opus,
1827 3353 1990 3411 potest
2030 3353 2191 3400 tamen
2229 3366 2316 3415 per

80 3423 519 3488 aequipollentiam.
593 3422 719 3471 Nam
766 3426 819 3470 ut
863 3420 1018 3485 prima
1068 3419 1213 3483 hujus
1252 3419 1314 3468 V.
1355 3419 1465 3468 libri
1502 3423 1640 3484 parte
1680 3418 1885 3483 dictum,
1936 3424 2127 3487 tenipus
2167 3429 2216 3473 et
2253 3426 2323 3474 sic

81 3496 373 3547 anomaliam
419 3494 629 3547 mediam
674 3496 867 3544 metitur
917 3493 1063 3542 etiam
1110 3507 1225 3541 area
1263 3491 1418 3552 PCA,
1470 3498 1518 3542 et
1565 3492 1858 3543 anomaliam
1883 3498 2104 3546 'eccentri
2142 3502 2320 3560 potest,

83 3570 165 3633 qui
201 3569 322 3631 vult,
360 3568 627 3633 intelligere
667 3569 812 3618 etiam
850 3580 936 3630 per
974 3579 1137 3614 arcum
1165 3564 1260 3614 PC.
1327 3565 1549 3629 Angulus
1574 3579 1690 3616 vero
1719 3566 1848 3616 PAC
1888 3570 2034 3618 etiam
2056 3571 2191 3633 prius
2219 3570 2321 3619 dic·

84 3648 161 3691 tus
195 3641 287 3691 {uit
322 3641 566 3691 anomalia
604 3644 890 3704 coaequata.

231 3727 489 3791 Quomodo
526 3731 808 3791 quantitate
845 3727 1203 3776 discernuntur
1241 3731 1336 3774 ores
1374 3724 1467 3773 hae
1502 3728 1661 3775 sociae
1699 3728 2029 3778 anomaliae?
2079 3728 2318 3778 Numerus

0 3813 2 3844 z
86 3798 319 3861 graduum
371 3806 420 3849 et
466 3803 760 3852 minutorum
811 3798 1082 3851 anomaliae
1134 3798 1339 3847 eccentri
1392 3811 1581 3862 semper
1619 3805 1693 3849 est
1730 3800 1918 3851 medius
1957 3802 2081 3850 inter
2118 3806 2316 3851 ceteros.

0 3874 1 3878 ’
87 3869 221 3935 Quae
246 3886 360 3923 vero
379 3873 539 3925 media
565 3874 751 3938 dicitur,
792 3889 850 3924 ea
875 3878 1135 3936 antequam
1163 3869 1361 3937 impleat
1386 3871 1753 3936 semicirculum,
1794 3888 1983 3942 semper
2011 3878 2084 3924 est
2107 3875 2318 3930 maxima
