2554 4140
223 117 252 163 2
263 118 286 164 1
295 117 327 163 4
1051 107 1287 164 Epitomes
1319 104 1635 150 Astronomiae

220 261 322 323 prie
364 265 411 306 et
447 258 644 320 plantis,
685 271 793 304 cum
831 271 884 305 se
923 256 1102 306 tollunt
1140 258 1188 302 in
1229 269 1373 303 auras
1411 269 1470 303 ex
1507 259 1634 302 terra
1658 253 1900 315 humecta,
1941 269 2067 317 quae
2106 256 2260 316 τελμα
2284 254 2475 303 dicitur.
2543 266 2547 271 ·

135 343 138 348 ’
223 331 522 380 Occidere
563 336 611 377 et
652 330 938 378 occumbere
975 339 1049 379 est
1085 343 1292 392 pronum
1319 326 1517 375 cadere:
1559 326 1619 376 de
1659 326 1946 376 cadentibus
1979 329 2027 374 in
2067 329 2172 376 acie
2202 334 2475 389 usurpatur,

62 1602 64 1604 ψ
124 1558 141 1615 f
221 1573 349 1613 tum:
392 1579 514 1626 quas
556 1565 682 1613 enim
721 1563 888 1612 stellas
926 1563 1009 1613 ille
1050 1563 1247 1628 detegit,
1285 1563 1399 1612 illae
1437 1563 1664 1612 videntur
1702 1564 1830 1623 oriri,
1871 1578 1995 1626 quas
2033 1565 2168 1625 tegit,
2209 1564 2444 1615 occidere.

220 404 332 452 inde
380 402 440 451 de
491 402 716 450 omnibus
766 404 1134 452 intereuntibus».
1212 400 1402 449 Graeca
1452 414 1551 447 vox
1587 404 1719 450 δυειν
1756 405 2016 463 usurpatur
2067 415 2154 462 pro
2193 407 2391 461 receptu
2428 401 2476 446 in

225 475 430 538 aliquod
469 473 717 535 conclave,
758 476 936 535 subire,
976 478 1168 534 intrare,
1200 472 1381 533 >‘condi3
1421 471 1553 534 quod
1574 472 1735 522 sidera
1770 478 1884 535 post
1907 480 2097 521 montes
2125 471 2259 520 velut
2295 474 2343 518 in
2370 471 2480 520 tha-
2540 531 2544 534 ᾖ

219 549 403 596 lamum
439 562 492 596 se
530 548 780 609 recipiant.
842 546 1159 596 Germanicae
1197 546 1585 608 praepositiones
1623 544 1736 608 Qinff
1772 547 1864 594 nub
1902 545 2147 607 nibergcng
2192 545 2478 594 manifestae
2549 582 2554 587 .

221 626 567 683 sunt5·sonant
605 621 733 668 enim
770 635 854 669 sus
894 627 941 669 et
979 620 1063 681 de3
1104 618 1368 680 untergeben
1407 625 1481 666 est
1519 619 1684 679 mergi,
1724 625 1778 666 ut
1815 633 1968 667 naves
2007 620 2055 664 in
2094 616 2255 667 undis.

377 693 566 741 Verene
603 693 770 741 sidera
809 693 1110 754 quotidiana
1149 690 1489 739 vicissitudine
1524 691 1655 753 fiunt
1693 691 1799 739 alta
1838 697 1887 739 et
1923 690 2167 749 humilia,
2218 693 2479 752 suryentia
2551 725 2554 730 Α

195 773 270 816 χει,
319 765 552 814 cadentia
600 765 844 813 alternis?
915 765 1239 827 Nequaquam
1285 763 1379 811 hoc
1427 763 1722 812 concesserit
1769 764 2030 825 quisquam
2075 769 2478 812 astronomorum.
2539 754 2552 807 .'

219 838 346 887 Nam
385 839 576 886 etiamsi
613 844 774 885 motus
815 836 1013 885 diurnus
1052 836 1204 885 stellis
1243 836 1536 884 attribuatur
1588 836 1867 897 quiescente
1909 834 2077 899 Terra,
2115 836 2155 883 is
2195 835 2286 883 erit
2322 836 2480 884 circu*
2543 866 2548 871 ·

219 911 335 959 laris
375 913 502 958 circa
527 909 704 957 Terrae
745 916 990 970 centrum;
1031 911 1079 955 in
1121 908 1300 956 circulo
1339 922 1455 956 vero
1493 906 1629 955 nulla
1665 923 1778 970 pars
1817 907 1971 956 altera
2008 907 2235 955 humilior
2272 906 2478 957 altiorve
2535 963 2538 965 ,

223 990 297 1031 est
348 997 378 1030 a
430 988 594 1031 centro
647 995 752 1030 suc.
830 981 954 1029 Sunt
1002 983 1150 1043 igitur
1203 995 1368 1029 omncs
1419 983 1543 1029 istae
1581 980 1852 1028 locutiones
1893 979 1956 1028 ad
1993 994 2190 1029 sensum
2230 980 2479 1030 oculorum
2531 998 2534 1003 ·

221 1055 633 1114 accommodatae,
674 1055 777 1102 sive
814 1055 865 1101 in
902 1052 1118 1116 profanis
1157 1054 1474 1118 scriptoribus
1496 1059 1769 1113 occurrant,
1809 1054 1992 1103 sivein
2029 1054 2179 1102 sacris
2215 1053 2479 1116 codicibus,
2516 1088 2519 1094 -

223 1135 270 1176 et
321 1130 428 1190 ipsa
477 1142 634 1177 rerum
677 1128 856 1174 veritas
893 1125 1177 1190 longissime
1217 1125 1373 1175 differt
1412 1126 1474 1175 ab
1514 1126 1862 1189 apparentibus
1910 1126 2195 1188 speciebuS,
2246 1126 2341 1175 hoc
2378 1141 2481 1175 ser-

222 1203 380 1249 monis
416 1215 591 1263 genere
632 1201 888 1261 expressis.
1166 1235 1169 1237 -
2523 1238 2532 1247 .

371 1274 508 1336 Quid
555 1275 714 1334 iyitur
758 1273 885 1335 facit
920 1271 1089 1320 sidera
1127 1240 1347 1335 quotidie
1386 1271 1546 1320 videri
1583 1272 1766 1330 attolli,
1821 1287 1881 1320 ex
1918 1271 2068 1319 undis
2116 1273 2194 1320 vel
2229 1273 2483 1323 montibus
2516 1307 2521 1316 ·

221 1362 482 1408 emer-cere,
524 1347 659 1393 velut
694 1361 728 1397 e
756 1345 999 1407 thalamo
1021 1347 1194 1425 exire,
1210 1347 1409 1402 enasci,
1430 1347 1491 1395 in
1527 1345 1698 1393 altum
1710 1359 1945 1408 sumerem
1996 1346 2312 1408 vicissimque
2349 1346 2482 1395 deci-
2552 1367 2554 1372 ·

224 1420 351 1480 dere,
392 1414 695 1479 occumbere,
744 1398 925 1466 Ter-'ras
948 1411 1157 1480 subire,'
1167 1406 1282 1481 post
1317 1423 1510 1466 montes
1534 1415 1697 1477 condi,
1738 1420 1913 1466 oceani
1936 1417 2088 1465 undis
2114 1419 2312 1480 meryi?
2349 1418 2482 1472 Con·
2516 1414 2525 1458 .'

221 1493 411 1541 volutio
450 1491 715 1539 horizontis
754 1491 962 1539 visibilis
1003 1493 1129 1540 circa
1168 1506 1307 1540 axem
1333 1489 1545 1539 Telluris
1583 1489 1895 1550 immobilem,
1936 1497 1991 1538 ut
2028 1490 2151 1545 libro
2180 1493 2335 1554 primo
2376 1492 2482 1542 dic·
2519 1532 2554 1549 ,ἦ

242 1687 245 1689 ,
364 1637 508 1687 Num
555 1638 676 1686 haec
723 1638 1011 1688 convolutio
1056 1637 1269 1687 Telluris
1314 1642 1510 1693 mmm
1558 1636 1783 1686 siderum
1821 1636 2071 1685 diurnum
2107 1645 2487 1703 repraesentare
2522 1696 2554 1708 ,1

216 1717 378 1773 potest
414 1711 731 1770 circularem,
774 1711 977 1773 qualem
1015 1713 1367 1772 experiuntur,
1405 1712 1497 1772 qui
1532 1709 1701 1760 sidera
1737 1709 2041 1762 oburvant?
2093 1707 2320 1761 Omnino.
2357 1711 2483 1762 Nam
2544 1711 2554 1744 ’·

220 1784 428 1834 circulus
455 1783 627 1833 stellae
653 1797 910 1847 apparens,
951 1790 1005 1833 ut
1028 1783 1152 1833 libro
1178 1782 1396 1833 secundo
1436 1781 1635 1843 dictum,
1674 1782 1961 1833 describitur
1998 1783 2047 1831 in
2071 1783 2296 1845 sphaera,
2336 1799 2482 1847 quam
2518 1778 2554 1833 fi?

220 1859 355 1909 visus
393 1857 703 1919 imaginatur,
743 1871 837 1920 per
865 1853 1047 1907 lineam
1083 1863 1265 1907 rectam
1293 1871 1354 1907 ex
1390 1855 1532 1906 oculo
1573 1854 1771 1907 ductam
1809 1857 1860 1904 in
1896 1854 2112 1919 aliquam
2139 1855 2335 1906 stellam
2361 1858 2484 1908 Ter·
2513 1843 2554 2085 {3

217 1944 400 1993 raeque
450 1930 648 1982 affixam
689 1930 1029 1996 immobiliter,
1085 1930 1378 1993 desertaque
1414 1928 1562 1979 stella
1597 1943 1708 1981 cum
1744 1931 1852 1993 ipso
1902 1943 2103 1993 corpore
2141 1929 2352 1980 Telluris
2388 1932 2489 1981 cir«
2549 1972 2554 1980 .

221 2003 572 2063 cumvolutam,
613 2018 698 2051 seu
739 2002 872 2066 quod
912 2003 1040 2051 idem
1081 2010 1168 2064 est,
1209 2017 1293 2066 per
1331 2001 1618 2065 parallelam
1645 2001 1732 2062 illi,
1775 2001 1982 2055 ductam
1998 2014 2056 2052 ex
2097 2009 2262 2052 centro
2290 2003 2483 2054 Terrae.

217 2077 343 2126 Nam
382 2078 508 2124 sicut
545 2077 592 2123 in
631 2090 819 2139 papyro
858 2075 1008 2139 plana
1046 2076 1256 2125 circulus
1293 2074 1585 2125 describitur
1621 2075 1819 2135 circino,
1859 2075 2000 2136 cujus
2038 2088 2127 2137 pes
2164 2090 2289 2126 unus
2315 2076 2482 2125 haeret
2513 2070 2554 2183 E}

218 2151 268 2196 in
309 2163 404 2197 uno
444 2154 624 2211 puncto
663 2149 941 2210 immobilis,
982 2149 1104 2200 alter
1141 2152 1190 2201 in
1228 2161 1416 2212 papyro
1442 2147 1833 2207 circumducitur,
1867 2149 1946 2199 sic
1976 2150 2126 2197 etiam
2149 2147 2229 2197 hic
2266 2149 2407 2201 locus
2431 2151 2478 2201 ln
2504 2170 2554 2225 ·3

219 2221 391 2282 Terra,
432 2236 521 2270 seu
559 2220 731 2270 oculus
768 2224 898 2272 circa
935 2222 1146 2273 Telluris
1179 2237 1319 2273 axem
1360 2219 1571 2281 volutus,
1610 2226 1943 2283 repraesentat
1967 2221 2148 2273 nodum
2185 2236 2275 2271 seu
2300 2224 2485 2273 articu-

218 2294 319 2345 lum
358 2295 522 2348 circini
562 2295 932 2344 convertibilem
972 2294 1163 2358 digitis,
1213 2295 1344 2346 linea
1382 2309 1440 2344 ex
1480 2293 1624 2344 oculo
1677 2293 1758 2344 vel
1803 2299 1968 2343 centro
2008 2293 2187 2345 Terrae
2224 2296 2303 2344 in
2316 2285 2554 2415 polumflf'j}

218 2367 386 2416 mundi
425 2367 608 2416 directa
644 2374 977 2430 repraesentat
1026 2367 1201 2431 pedem
1239 2368 1404 2429 circini
1451 2366 1774 2427 immobilem,
1818 2366 1987 2418 linea
2001 2368 2050 2415 in
2096 2366 2321 2419 stellam
2340 2367 2531 2443 ducnn,

218 2440 393 2501 pedem
427 2441 594 2492 circini
616 2441 1012 2511 circumductum,
1053 2443 1244 2491 cavitas
1280 2440 1517 2504 sphaerae
1543 2446 1617 2490 est
1642 2440 1751 2493 loco
1778 2441 1966 2503 papyri,
2006 2454 2140 2503 quae
2161 2452 2270 2492 cum
2295 2454 2483 2505 aequa-
2511 2435 2554 2528 3⁸,

218 2513 327 2561 liter
368 2515 646 2564 circumstet
685 2519 916 2575 centrum,
956 2514 1067 2565 ideo
1104 2516 1252 2568 etiarn
1290 2513 1497 2564 circulus
1536 2515 1628 2562 iste
1666 2519 1813 2574 totas,
1853 2527 1941 2585 per
1979 2513 2169 2563 stellam
2197 2513 2550 2580 descriptus-,13

221 2583 433 2646 undique
471 2587 740 2648 aequaliter
778 2602 808 2635 a
846 2587 995 2636 Terra
1033 2589 1300 2651 concipitur
1338 2587 2469 2636 abesse.
2508 2588 2551 2658 [ιζ

207 2660 209 2662 ’
370 2657 513 2720 Quae
549 2667 670 2708 sunt
699 2663 988 2722 praecipua
1016 2664 1182 2722 primi
1218 2662 1372 2721 hujus
1421 2666 1586 2709 motus
1616 2659 1998 2720 phaenomena,
2047 2666 2274 2722 respectu
2323 2663 2482 2709 trium
2506 2659 2547 2729 ,ζ’

216 2732 530 2791 positionum
567 2733 844 2793 sphaerae?
884 2732 1134 2796 Quinque:
1173 2736 1380 2797 primum
1405 2739 1482 2785 est
1505 2731 1728 2792 altitudo,
1768 2734 1886 2782 item
1925 2746 2156 2787 ascensus
2194 2732 2482 2787 descensus*

225 2818 319 2865 que
369 2802 590 2853 siderum.
629 2819 891 2868 eorumque
931 2806 1216 2855 culminatio
1255 2821 1342 2856 seu
1381 2804 1804 2866 coeli‘mediatim
1856 2810 1944 2854 aut
1982 2805 2236 2867 ejusloco
2275 2806 2518 2874 simplex

225 2883 272 2923 et
311 2876 585 2938 aequabilis
624 2879 1014 2942 circumgyratio.
1055 2879 1107 2945 2)
1144 2879 1316 2942 Plaga,
1357 2881 1404 2928 in
1432 2893 1580 2942 quam
1607 2877 1832 2927 videntur
1867 2880 2057 2927 moveri
2072 2877 2258 2930 sidera.
2300 2877 2352 2944 3)
2389 2879 2521 2947 Di-fj·

221 2950 416 2997 stinctio
456 2948 704 2999 stellarum
743 2952 793 2998 in
830 2957 928 3000 tres
953 2952 1158 3001 classes:
1197 2958 1431 3015 perpetuo
1469 2953 1822 3014 apparentium,
1863 2958 2099 3013 perpetuo
2126 2951 2397 3012 latentium,
2434 2959 2511 3011 ct,
2553 2974 2554 2981 ¹

176 3069 182 3073 ,
224 3022 480 3070 orientium
530 3022 976 3087 occidentiumque,
1028 3031 1113 3075 aut
1162 3040 1250 3088 pro
1303 3030 1411 3074 ortu
1451 3024 1531 3073 vel
1573 3037 1750 3077 occasu
1789 3023 2090 3075 horizontem
2129 3023 2501 3088 stringentium.⁴
2526 3059 2554 3092 ,3

222 3098 271 3140 et
320 3108 466 3155 quam
513 3090 838 3159 unaquaeque
888 3096 1031 3149 stella
1068 3097 1376 3150 latitudinem
1413 3097 1678 3147 horizontis
1699 3103 1944 3159 occupet,
1997 3098 2314 3161 interceptam
2360 3088 2517 3159 interf

209 3167 302 3212 -sui
330 3174 461 3214 ortus
502 3182 801 3231 occasusque
826 3177 1021 3232 puncta.
1099 3168 1151 3236 4)
1187 3171 1391 3222 Eversio
1429 3172 1551 3220 situs
1579 3169 2018 3222 constellationum.
2098 3168 2147 3236 ὃ)
2184 3171 2328 3222 Mora
2362 3171 2482 3225 3891-
2544 3226 2546 3233 ,

219 3237 380 3286 larum
412 3254 566 3301 supra
602 3242 902 3292 horizontem
940 3250 1002 3292 et·
1024 3244 1116 3294 sub
1154 3243 1255 3293 illo.

366 3314 407 3358 1.
467 3312 604 3374 Quid
639 3322 706 3363 est
744 3319 1046 3367 astronomis
1081 3317 1296 3368 altitudo
1333 3317 1501 3368 stellae
1537 3318 1595 3369 in
1644 3316 1735 3367 hoc
1769 3315 2003 3377 neyotio?
2056 3314 2168 3366 Vox
2205 3316 2475 3373 altitudinis

221 3398 320 3432 non
358 3390 432 3431 est
470 3385 786 3447 intelligenda
823 3389 1122 3452 populariter
1160 3389 1220 3440 de
1257 3389 1565 3453 longitudine
1599 3387 1962 3452 perpendiculi,
2003 3387 2202 3438 demissi
2242 3403 2302 3440 ex
2339 3389 2478 3443 stelle

221 3457 270 3502 in
310 3454 511 3518 planum
550 3457 754 3519 Terrae,
797 3461 883 3508 sed
922 3462 1139 3511 technice
1177 3464 1261 3524 sic,
1303 3463 1434 3525 quod
1472 3465 1537 3512 sit
1573 3476 1722 3521 arcus
1750 3461 1917 3511 circuli
1954 3461 2200 3512 verticalis
2236 3478 2322 3525 per
2360 3462 2479 3515 stel-

221 3528 323 3577 lam
349 3528 495 3589 ducti,
535 3531 831 3593 interceptus
858 3535 979 3582 inter
1016 3535 1207 3584 stellam
1233 3541 1282 3584 et
1306 3535 1607 3585 horizontem
1645 3534 1961 3596 rationalem;
2002 3535 2142 3597 cujus
2180 3549 2320 3585 arcus
2344 3549 2495 3585 com--

222 3600 524 3663 plementum
562 3602 625 3653 ad
665 3604 982 3665 quadrantem
1019 3613 1094 3656 est
1133 3608 1365 3659 distantia
1401 3608 1573 3658 stellae
1612 3622 1643 3657 a
1682 3608 1877 3656 vertice.
2434 3638 2441 3647 ³
2495 3620 2497 3622 ·

370 3675 542 3724 Proba
567 3679 864 3725 varietatem
903 3681 1037 3726 circa
1063 3687 1366 3741 apparentes
1400 3694 1630 3731 ascensus
1653 3679 2007 3742 descensusque
2045 3696 2105 3730 ea:
2130 3681 2494 3734 convolutione·

224 3747 463 3797 Telluris.
545 3747 667 3796 Cum
703 3755 918 3798 vertatur
956 3750 1105 3801 Terra
1143 3755 1270 3802 circa
1305 3769 1447 3804 axem
1500 3753 1795 3807 immobilem
1833 3752 1965 3801 horis
2012 3755 2106 3814 24,
2153 3767 2351 3804 necesse
2390 3757 2476 3814 est,

219 3828 341 3880 esse·
372 3820 468 3872 duo
507 3826 690 3884 puncta
729 3823 777 3879 in
814 3822 964 3892 globo
1005 3821 1228 3891 Telluri-s,
1268 3828 1374 3879 axis
1414 3832 1644 3890 extrema,
1681 3824 1824 3891 polos
1859 3824 2042 3889 dictos,
2082 3827 2133 3881 iu
2155 3827 2351 3890 ·quibus
2384 3825 2472 3879 ob-
