2554 4140
928 97 1280 156 Regiomontani
1311 101 1357 143 et
1386 97 1623 144 Waltheri.
2300 105 2327 151 7
2337 102 2402 153 59

142 264 288 298 sensu
327 263 434 297 esse
473 251 557 297 25.
598 243 888 304 Αὐδυναιος.
966 246 1076 296 Hac
1113 248 1280 310 itaque
1318 248 1508 297 ratione
1537 246 1859 298 conciliabafh
1893 249 2022 299 hanc
2047 249 2275 313 Dionysii
2317 249 2409 298 ob-

141 323 469 370 servationem
520 319 875 381 conjunctionis
922 319 1096 368 Martis
1149 335 1258 368 eum
1312 321 1436 378 fixa,
1497 328 1550 369 ut
1600 321 1666 370 ,ad
1713 322 2043 371 Ptolemaicas
2098 327 2309 385 quatuor
2355 336 2408 370 se

141 396 432 453 associaret,
483 406 688 453 eamque
738 393 799 440 ob
841 408 942 441 rem
979 395 1233 441 minimum
1283 393 1470 455 aliquid
1510 396 1697 443 mutavi
1737 396 1785 442 in
1825 395 2040 460 epochis,
2094 400 2148 443 ut
2185 394 2319 444 illam
2358 396 2408 442 in

146 466 384 517 15..Jan,
422 465 628 513 relatam
674 470 841 512 exacte
881 472 1054 516 tuerer.

287 540 354 586 At
393 538 608 585 vicissim
647 536 770 585 haee
809 552 930 585 ausa
967 553 1156 585 rursum
1196 553 1221 586 e
1248 539 1473 586 manibus
1514 539 1627 586 mihi
1665 546 1778 588 sunt
1804 554 2025 598 excussa,
2067 540 2179 588 dum
2218 546 2407 603 repnte,

139 611 269 659 haud
306 609 458 673 paulo
501 609 736 658 leviorem
774 610 902 658 hanc
939 611 1257 671 ignominiam
1305 613 1430 658 inuri
1467 611 1753 660 Ptolemaeo
1794 619 1841 661 et
1880 613 2165 676 Hipparcho
2204 613 2407 662 artifici-

135 685 226 732 bus
272 682 431 749 (quod
475 684 525 729 in
572 682 843 730 rationibus
902 682 1164 730 calendarii
1219 684 1512 747 Dionysiani
1571 685 1758 745 triduo,
1818 685 1935 734 alibi
1993 685 2104 748 plus
2153 686 2406 735 aberrasse

137 753 523 820 insimulantur),
584 770 731 817 quam
792 757 832 802 si
897 755 1008 816 quis
1057 754 1261 816 diceret,
1319 756 1430 804 illos
1490 757 1917 806 observationibus
1969 759 2287 821 Dionysianis
2335 757 2408 824 (ut

135 844 341 891 quarum
380 828 482 876 dies
522 829 585 877 ob
626 829 740 876 anni
777 827 982 875 formam
1022 842 1111 875 usu
1153 828 1358 876 desitam
1398 836 1558 877 essent
1610 832 1657 876 in
1700 828 1925 895 obscuro)
1966 830 2070 879 dies
2109 833 2404 893 assignasse,

137 901 200 950 ad
248 900 557 950 commodum
610 915 751 948 suum
800 901 1210 949 accommodatos
1287 901 1597 965 Reputabam
1652 908 1700 952 et
1738 902 1886 963 illud,
1938 904 2258 966 Dionysium,
2320 906 2405 968 qui

136 982 237 1023 tam
289 973 488 1023 sedulus
542 975 633 1021 snit
683 977 731 1020 in
785 972 1105 1021 observandis
1156 973 1376 1021 siderum·
1422 976 1671 1023 exortibus
1719 975 2122 1039 planetarumque
2171 976 2234 1024 ad
2281 977 2405 1026 fixas

134 1047 563 1110 applicationibu8‚
603 1045 773 1109 procul
813 1045 962 1093 dnbio
999 1060 1096 1092 non
1122 1048 1429 1107 praeteriisse
1459 1047 1662 1109 Lunam,
1704 1048 1819 1111 quin
1845 1050 2009 1111 potius
2048 1049 2195 1111 hujus
2234 1050 2406 1100 sideris

135 1120 450 1168 habitudines
507 1118 786 1168 consimiles
834 1119 1146 1180 consignatas
1194 1119 1258 1168 ad
1313 1127 1534 1181 posteros
1590 1123 1933 1170 transmisisse.
2024 1121 2132 1170 Hoc
2182 1137 2297 1170 vero
2363 1125 2405 1171 si

136 1193 298 1253 datur,
352 1193 400 1241 h.
442 1206 484 1240 e.
535 1194 577 1240 si
613 1192 784 1239 Lunae
833 1191 1013 1254 phases
1060 1192 1488 1240 observationibus
1536 1199 1804 1242 ceterorum
1855 1210 1886 1242 a
1923 1195 2166 1257 Dionysio
2212 1195 2407 1244 fuerunt

134 1268 460 1327 interspersae
498 1265 660 1326 adque
701 1264 805 1312 dies
841 1265 1080 1334 mensium
1121 1265 1444 1313 zodiacalium
1485 1266 1783 1329 adscriptae,
1818 1268 1921 1329 jam
1963 1269 2179 1316 omnium
2219 1268 2405 1316 dierum

133 1337 372 1388 certitudo
419 1340 468 1384 in
519 1337 787 1387 clarissimo
837 1338 1020 1386 lumine
1059 1344 1256 1386 versata
1309 1344 1438 1386 esset
1485 1353 1574 1387 nec
1624 1339 1777 1388 latere
1814 1339 2153 1403 Hipparchum
2194 1341 2406 1404 amplius

132 1413 390 1475 potuisset.

279 1483 419 1533 Adde
446 1483 816 1532 observationes
843 1481 1088 1543 Mercurii,
1131 1497 1255 1545 quae
1295 1489 1343 1532 et
1381 1485 1517 1547 ipsae
1557 1483 1704 1533 talem
1733 1499 1940 1534 errorem
1967 1485 2240 1550 Hipparchi
2279 1488 2407 1537 eirca

130 1564 313 1606 certum
363 1558 469 1619 ejus
507 1556 654 1604 'diem
705 1557 754 1602 in
805 1570 932 1603 anno
972 1555 1221 1619 Aegyptio
1261 1556 1548 1619 proderent;
1602 1558 1854 1619 quaelibet
1893 1560 2020 1607 enim
2059 1565 2133 1608 tot
2170 1560 2406 1622 gradibus

129 1632 223 1678 hoc
261 1630 368 1679 solo
407 1631 602 1677 nomine
655 1628 871 1677 discedet
910 1644 940 1676 a
977 1629 1147 1691 regula
1188 1628 1486 1686 calculandi„
1540 1637 1660 1692 quot
1713 1631 1885 1679 diebus
1925 1638 2136 1681 erratum
2174 1633 2319 1682 fuerit
2357 1636 2406 1681 in

132 1705 500 1766 consignatione
555 1702 664 1750 diei.
743 1701 894 1763 Atqui
941 1703 981 1749 si
1032 1701 1353 1750 adhibeamus
1406 1706 1901 1753 commensurationes
1946 1706 2136 1753 orbium
2175 1705 2407 1754 Mercurii

127 1775 404 1834 hodiernos,
433 1767 758 1838 exprimemus
785 1781 952 1822 nostro
981 1775 1170 1823 calculo
1199 1776 1567 1824 observationes
1594 1775 1704 1825 illas
1732 1778 2063 1840 Dionysianas
2092 1780 2211 1827 satis
2235 1793 2403 1842 prope,

128 1863 221 1898 nec
268 1855 457 1898 tantum
507 1849 569 1896 ab
623 1849 681 1895 iis
735 1850 1040 1909 aberramm,
1096 1854 1331 1910 quantum
1371 1848 1684 1911 Hipparchus
1741 1853 1789 1897 in
1841 1853 2176 1901 numeratione
2232 1852 2326 1901 diei
2375 1868 2407 1902 a

128 1922 285 1985 gradu
324 1921 454 1970 Solis
493 1921 743 1969 debuisset
780 1921 1034 1978 aberrare,
1077 1923 1117 1968 si
1156 1927 1323 1970 nostra
1360 1922 1446 1969 illa
1478 1924 1693 1984 suspicio
1733 1923 1894 1971 locum
1934 1924 2137 1975 haberet
2176 1924 2235 1976 de
2275 1940 2404 1975 anno

126 1995 301 2044 lunari.
1050 2029 1055 2034 .

279 2068 494 2116 Dimisso
531 2067 680 2129 igitur
717 2080 845 2114 anno
884 2066 1045 2115 lunari
1080 2065 1290 2114 reditum
1339 2072 1415 2115 est
1454 2067 1515 2116 ad
1556 2068 1764 2116 solarem
1803 2071 2065 2132 tropicum,
2115 2072 2202 2120 ubi
2240 2087 2317 2122 me
2357 2079 2406 2124 et

128 2142 250 2190 haec
305 2142 506 2189 incessit
556 2141 792 2204 suspicio:
837 2153 955 2187 -cum
1009 2138 1146 2187 locus
1185 2139 1313 2187 Solis
1366 2146 1415 2188 et
1466 2155 1695 2190 numerus
1749 2142 1872 2202 diei,
1927 2143 2007 2191 ille
2048 2158 2078 2192 a
2116 2145 2404 2196 Ptolemaeo

131 2219 444 2277 computatus
483 2229 543 2262 ex
581 2213 764 2260 tabulis
801 2219 915 2275 post
941 2212 1186 2260 Christum
1227 2217 1530 2273 constructis,
1570 2217 1662 2262 iste
1701 2230 1731 2262 a
1767 2216 2008 2279 Dionysio
2035 2217 2405 2282 quadringentis

130 2290 272 2336 annis
314 2294 486 2346 antea,
527 2286 813 2350 plerumque
853 2288 1158 2348 conspirent,
1198 2300 1260 2332 an
1300 2287 1448 2346 igitur
1487 2287 1827 2348 PtolemaeuS,
1871 2295 2062 2353 arrepto
2101 2305 2333 2354 numer0,
2375 2308 2406 2342 a

133 2375 231 2422 quo
273 2361 544 2423 Dionysius
595 2358 722 2406 diem
761 2361 942 2411 mensis
981 2358 1246 2407 zodiacalis
1287 2359 1644 2420 denominavit,
1703 2363 1844 2423 quasi
1885 2364 1925 2410 is
1963 2377 2191 2419 numerus
2242 2365 2405 2414 locum

128 2433 261 2482 Solis
299 2434 351 2479 in
390 2435 531 2493 signo
571 2432 832 2491 indicaret,
889 2446 974 2494 per
1025 2446 1165 2479 suam
1213 2431 1308 2479 loci
1347 2432 1478 2480 Solis
1533 2436 1948 2495 computationem
2002 2435 2221 2485 elicuerit
2275 2438 2405 2487 diem

130 2514 309 2555 certam
349 2507 461 2552 anni
504 2506 752 2568 Aegyptii.
830 2503 1018 2565 Quodsi
1057 2505 1152 2552 hoe
1191 2503 1273 2552 ille
1312 2504 1536 2565 fecisset,
1578 2508 1783 2555 verebar
1820 2522 1888 2556 ne·
1921 2508 2189 2572 Dionysius
2230 2513 2403 2574 quinto

129 2579 295 2627 seculo
337 2581 561 2640 superius
600 2578 773 2625 solaris
813 2578 998 2625 itineris
1041 2583 1320 2638 computum
1359 2578 1585 2626 habuerit
1625 2580 1790 2640 alium,
1833 2595 1988 2642 eaque
2017 2581 2075 2629 de
2101 2588 2250 2631 causa
2277 2584 2402 2632 Pto-

130 2653 347 2700 lemaeus
388 2652 448 2698 de
485 2660 647 2698 mente
678 2651 903 2714 Dionysii
945 2651 1246 2698 aberraverit
1285 2653 1332 2696 in
1372 2651 1624 2713 prodenda
1665 2652 1743 2702 die
1785 2655 1964 2700 mensis
1989 2654 2240 2719 Aegyptii.
2304 2656 2403 2707 Hic

130 2731 184 2772 ut
222 2727 271 2770 in
311 2724 465 2772 hortis
506 2724 696 2771 Alcinoi
737 2719 882 2786 ὄγχνη
919 2720 991 2772 ἐπ’
1029 2720 1173 2787 σ’γχνῃ
1198 2741 1422 2788 γηρασκει
1446 2726 1598 2787 μῆλον
1625 2726 1668 2774 δ’
1695 2723 1772 2774 ἐπι
1803 2729 1958 2788 μηλῳ,
1999 2728 2069 2775 sic
2108 2728 2224 2776 mihi
2263 2728 2405 2778 labor

129 2797 257 2845 alius
312 2811 372 2845 ex
412 2797 511 2844 alio
551 2803 711 2844 natus.
791 2795 1086 2858 Compulsus
1137 2798 1263 2842 enim
1304 2810 1410 2843 sum
1466 2796 1599 2845 adire
1652 2797 1802 2846 libros
1842 2797 2078 2860 Scaligeri
2120 2800 2177 2848 de
2217 2801 2402 2851 Emen-

131 2870 329 2918 datione
376 2869 674 2933 Temporum
725 2875 773 2916 et
813 2871 860 2916 in
902 2871 961 2916 iis
999 2868 1161 2916 locum
1202 2868 1363 2926 illum,
1420 2870 1503 2917 ubi
1543 2871 1646 2932 agit
1699 2870 1758 2920 de
1798 2885 1926 2918 anno
1967 2872 2167 2920 coelesti
2207 2874 2404 2938 Diony—

129 2945 271 2990 siano
313 2942 471 3003 deque
507 2944 873 3005 parapegmatis
920 2955 1205 3003 graecarum
1258 2943 1529 2993 nationum.
1611 2942 1682 2990 Ac
1735 2958 1842 2992 cum
1883 2943 2064 2992 habeat
2112 2950 2283 2995 auctor
2318 2947 2402 2996 ille

130 3018 179 3063 in
218 3029 352 3063 more
389 3016 619 3077 positum,
662 3017 894 3063 continuo
936 3015 1168 3062 orationis
1209 3014 1290 3061 filo
1331 3017 1533 3064 miscere
1561 3017 1757 3078 propria
1789 3016 1978 3078 judicia
2019 3031 2126 3065 cum
2156 3020 2231 3080 iis,
2274 3034 2400 3083 quae

130 3104 190 3137 ex
229 3088 421 3136 idoneis
461 3087 600 3135 affert
637 3088 949 3148 auctoribus,
988 3101 1079 3136 nec
1120 3086 1313 3135 disertis
1352 3088 1535 3150 ubique
1580 3089 1737 3137 verbis
1775 3091 1900 3137 inter
1937 3093 2161 3153 proprias
2202 3094 2398 3155 opinio-

131 3175 219 3209 nes
260 3168 309 3209 et
348 3161 659 3221 antiquorum
698 3160 986 3209 traditiones
1027 3159 1348 3221 distinguere:
1390 3176 1449 3208 ne
1491 3163 1637 3223 igitur
1677 3162 1874 3225 abipso
1906 3161 2166 3226 deciperet,
2209 3164 2400 3214 adeun-

134 3234 225 3281 dus
266 3241 315 3281 et
353 3232 590 3281 Geminus
631 3235 733 3296 ipse
770 3233 878 3294 fuit,
918 3240 1087 3281 auctor
1113 3232 1349 3294 Scaligeri
1386 3233 1814 3297 locupletissimus.
1891 3234 1959 3282 At
1997 3250 2058 3284 ne
2097 3238 2168 3286 sic
2202 3239 2399 3301 quidem

130 3307 435 3355 eximebatur
485 3305 605 3352 mihi
652 3307 895 3367 suspicio;
952 3320 1065 3353 nam
1115 3304 1352 3353 Geminus
1410 3312 1458 3354 et
1515 3308 1618 3369 ipsc
1673 3308 1911 3368 posterior
1962 3307 2250 3372 Hipparcho
2305 3311 2399 3360 fuit

132 3379 410 3440 Christique
450 3378 751 3440 temporibus
790 3379 1051 3439 proximus·
1131 3378 1207 3426 Ita
1246 3378 1383 3425 labor
1422 3379 1500 3426 hie
1540 3380 1695 3426 omnis
1734 3379 1824 3427 fuit
1862 3381 2034 3429 inanis.

284 3451 483 3500 Interim
525 3445 749 3510 allubuit‚
791 3456 839 3498 et
876 3451 1152 3512 primaevas
1192 3450 1405 3512 epochas
1445 3452 1711 3512 exquirere,
1751 3458 1806 3500 ut
1831 3454 2018 3513 scirem,
2059 3468 2206 3516 quam
2246 3469 2396 3518 prope

137 3523 361 3572 cardines
414 3523 528 3572 illae
584 3530 918 3582 versarentur,
970 3522 1446 3585 deprehensumque‚
1502 3527 1541 3571 si
1575 3522 1741 3572 'motus
1791 3541 1820 3572 a
1871 3526 2013 3574 nobis
2062 3541 2147 3590 per
2185 3529 2398 3589 vestigia

131 3596 544 3644 Ptolemaicarum
593 3597 990 3644 observationum
1049 3610 1198 3657 supra
1245 3594 1487 3659 descripta
1545 3596 1947 3659 progrederentur
2003 3598 2273 3660 aequaliter
2332 3598 2394 3647 ad

133 3670 274 3716 initia
314 3681 494 3728 rerum,
548 3668 612 3717 ad
666 3669 792 3717 diem
844 3683 1018 3730 nempe
1069 3670 1312 3728 signatam
1369 3670 1648 3718 certissimis
1696 3669 1826 3718 Solis
1875 3677 1922 3719 et
1960 3671 2130 3719 Lunae
2182 3671 2395 3720 motibus

135 3755 403 3802 eorumque
442 3740 770 3790 cardinalibus
811 3741 1023 3804 epochis,
1065 3739 1275 3788 incidere
1316 3747 1500 3788 motum
1527 3741 1698 3790 Martis
1739 3742 1952 3793 medium
1994 3745 2041 3790 in
2075 3738 2166 3791 10⁰
2194 3744 2280 3791 32‘
2309 3741 2392 3810 ὓ,

135 3813 385 3881 aphelium
433 3815 483 3861 in
528 3812 621 3865 12ο
662 3815 747 3864 48’
787 3815 857 3877 ὅς
911 3827 1079 3863 verum
1127 3814 1273 3876 igitur
1321 3812 1481 3863 locum
1538 3821 1575 3874 d
1633 3817 1682 3863 in
1723 3814 1780 3865 2⁰
1822 3815 1868 3865 7¹
1908 3814 2003 3884 {33
2061 3821 2108 3864 et
2146 3814 2394 3886 aphelium
