2554 4140
229 149 292 197 31
303 150 335 197 4
681 183 683 185 -
1058 145 1291 202 Epitomes
1321 145 1635 191 Astronomiae

230 295 379 342 totius
425 295 638 343 universi
675 295 1018 358 praecipuum,
1071 296 1293 345 turbatus
1342 294 1540 358 quidem
1579 299 1652 344 est
1690 294 1962 358 aenigmate
1999 296 2467 360 Pythagoraeorum‚

230 366 510 414 existimans
561 366 671 415 illos
717 369 840 430 ignis
891 367 1183 418 elementum
1220 382 1307 431 pro
1346 371 1616 431 praecipue,
1649 366 1931 431 venditare3
1982 383 2080 417 non
2130 369 2257 417 male
2307 375 2467 419 tamen

221 439 382 501 jussit.
450 439 512 487 Et
546 453 639 488 nos
678 441 839 502 igitur,
880 440 1132 489 consilium
1161 440 1439 490 Aristotelis
1477 441 1648 504 secuti,
1687 439 1850 489 Solem
1890 441 2128 504 eligimus,
2170 455 2264 489 non
2292 442 2469 491 adver-

229 511 449 560 santibus
486 526 577 561 nec
615 512 972 577 Pythagoraeis
1015 515 1065 560 in
1103 528 1249 562 sensu
1287 527 1376 562 suo
1416 515 1646 577 mystico,
1685 526 1775 562 nec
1813 515 1919 576 ipso
1959 513 2237 562 Aristotele.
2314 514 2468 576 Quem

225 583 390 632 Solem
429 583 543 632 dum
581 587 873 648 quaerimus,
914 586 1216 649 quomundi
1253 585 1363 634 loco
1402 588 1465 634 sit
1501 589 1638 646 situS,
1678 585 1975 648 Copernicus
2014 586 2140 635 coeli
2164 588 2348 649 peritus
2376 603 2467 636 no-

224 657 300 718 bis
337 656 795 724 medium-indicat,
848 661 1016 718 ceteri,
1070 661 1153 721 qui
1200 658 1350 707 alium
1405 659 1512 721 ejus
1550 657 1811 707 ostendunt
1847 659 2034 719 locum,
2084 673 2182 706 non
2231 666 2468 722 coguntur

226 728 288 778 ad
327 729 419 778 hoc
456 733 752 793 argumentis
790 732 1142 791 astronomicis,
1183 731 1270 780 sed
1308 731 1418 781 aliis
1456 729 1748 794 quibusdam
1775 730 1838 792 ad
1862 733 2078 794 speciem
2104 733 2467 797 metaphysiciS‚

225 817 285 850 ex
321 803 500 853 Terrae
551 805 753 868 ejusque
798 804 894 854 loci
941 803 1349 866 contemplatione
1401 803 1585 866 ductis3
1638 818 1843 867 quorum
1882 811 2278 866 argumentorum
2317 808 2469 854 aesti-

225 876 375 924 matio
422 876 564 926 nobis
614 893 723 926 cum
771 877 864 925 illis
912 884 985 925 est
1033 879 1324 935 communiS‚
1377 883 1426 926 et
1463 877 1641 939 quibus
1677 891 1775 925 non
1815 877 2056 939 indicant,
2106 877 2193 926 sed
2232 885 2472 940 quaerunt

224 949 315 1011 ipsi
355 963 549 1012 quoque
576 949 705 999 Solis
743 949 917 998 locum.
983 950 1114 998 Dum
1153 951 1314 1013 igitur,
1353 955 1643 1013 quaerentes
1679 948 1841 998 locum
1868 949 1999 998 Solis
2038 952 2085 997 in
2112 951 2311 1011 mund0,
2352 966 2470 1000 cen-

225 1029 351 1070 trum
389 1023 662 1071 invenimus
700 1022 882 1083 mundi,
922 1023 1126 1071 facimus
1165 1023 1259 1072 hoc
1295 1037 1455 1086 aequo
1494 1024 1601 1086 ipso
1643 1023 1918 1082 Aristotele,
1958 1037 2049 1072 nec
2087 1022 2167 1072 hic
2200 1024 2307 1086 ejus
2333 1024 2472 1073 elen-
2515 1035 2517 1037 ’

226 1094 344 1143 chus
383 1100 457 1144 est
496 1100 662 1145 contra
699 1110 803 1144 noS.
870 1097 917 1143 3.
959 1094 1103 1157 Quod
1142 1110 1259 1145 vero
1298 1101 1462 1145 centro
1502 1097 1739 1145 vilitatem
1778 1095 1988 1144 adstruit
2023 1096 2328 1153 Aristotelea,
2367 1096 2472 1161 Py-

225 1167 503 1230 thagoraeis
543 1169 719 1217 directe
758 1167 1115 1217 contradicens:
1155 1166 1271 1227 faci-t
1308 1168 1357 1216 id
1395 1175 1585 1232 praeter
1621 1168 1884 1230 figurarum
1922 1174 2144 1217 naturam
2182 1175 2471 1232 praeterque

225 1239 661 1290 considerationem
701 1256 865 1290 earum
902 1255 990 1292 seu
1028 1243 1370 1303 geometricam
1409 1257 1496 1291 seu
1533 1240 1933 1304 metaphysicam.
1996 1241 2122 1289 Nam
2159 1256 2307 1305 supra
2344 1243 2470 1291 libro

222 1315 376 1376 primo
415 1318 632 1362 centrum
667 1328 787 1364 sane
825 1327 921 1362 non
962 1313 1185 1362 ultimum
1223 1321 1324 1364 erat
1363 1316 1410 1362 in
1449 1314 1726 1377 sphaerico,
1774 1314 1861 1363 sed
1909 1315 2016 1376 ejus
2055 1316 2252 1364 omnino
2289 1316 2475 1378 princi-

221 1388 355 1449 pium
391 1400 628 1448 geneseos
666 1386 892 1436 mentalis
929 1387 1383 1450 aequabilissimae,
1434 1402 1608 1450 gerens
1647 1388 1694 1434 in
1732 1386 1781 1436 S.
1821 1386 1872 1436 S.
1912 1387 2166 1436 Trinitatis
2207 1387 2472 1437 adumbra-

221 1461 353 1508 tione
387 1459 494 1517 -Dei
543 1459 730 1522 Patris,
783 1474 909 1523 quae
954 1462 1112 1523 prima
1163 1475 1479 1524 personarum
1527 1466 1622 1519 est,
1674 1458 2056 1509 similitudinem.
2143 1461 2190 1508 4.
2223 1461 2468 1523 Denique

220 1532 419 1596 physice
458 1534 721 1582 aestimans
750 1548 836 1598 ea,
877 1547 1003 1596 quae
1043 1540 1155 1582 sunt
1191 1535 1513 1597 geometrica,
1551 1534 1708 1597 possit
1744 1533 1892 1582 alicui
1933 1533 2085 1582 videri
2123 1547 2220 1582 non
2260 1547 2472 1597 congrue

221 1605 402 1665 facere,
442 1607 536 1654 nisi
573 1620 700 1669 quae
737 1606 817 1655 hic
855 1605 915 1655 de
952 1609 1156 1656 materia
1193 1613 1242 1655 et
1278 1607 1434 1656 forma
1471 1605 1713 1670 disputat,
1769 1620 1827 1656 ex
1866 1609 1973 1669 ipsa
2010 1606 2313 1656 schematum
2350 1621 2474 1669 geo-

221 1679 526 1727 metricorum
579 1679 966 1728 consideratione
1013 1695 1100 1743 per
1149 1680 1429 1742 analogiam
1466 1679 1712 1743 quandam
1750 1685 2047 1728 transsumta
2087 1685 2265 1728 essent.
2340 1679 2470 1728 Vere

222 1752 350 1800 enim
389 1753 437 1799 in
478 1753 835 1815 quantitatibus
873 1751 1043 1802 solidis
1084 1754 1274 1802 interna
1303 1752 1620 1816 corpulentia,
1661 1766 2057 1815 quaquaversum
2083 1758 2257 1815 patens
2285 1767 2473 1815 aequa-

219 1824 330 1873 liter
366 1839 459 1874 nec
496 1839 548 1875 se
586 1827 695 1889 ipsa
731 1826 1020 1889 cujusquam
1057 1827 1240 1889 figurae
1278 1828 1546 1890 particepS,
1586 1827 1800 1889 genuina
1838 1831 1913 1875 est
1949 1827 2111 1888 imago
2150 1827 2384 1876 materiae
2422 1827 2473 1873 in

226 1897 368 1946 rebus
408 1897 650 1962 physicis;
700 1906 899 1949 externa
937 1913 1053 1949 vero
1100 1898 1430 1962 corpulentiae
1473 1896 1629 1962 figura
1667 1914 1726 1951 ex
1764 1897 2298 1962 superficiebuscertis
2336 1913 2473 1948 com-

222 1971 400 2034 posita,
439 1972 809 2021 terminantibus
830 1971 1142 2034 soliditatem,
1182 1978 1514 2036 repraesentat
1540 1974 1588 2020 in
1613 1973 1756 2021 rebus
1783 1971 2001 2036 physicis
2029 1972 2245 2021 formam.
2301 1971 2474 2034 Itaque

226 2042 521 2092 concedatur
559 2044 632 2093 illi
670 2060 789 2094 sane
828 2047 1127 2108 comparatio
1161 2046 1298 2106 haec,
1339 2044 1428 2094 sed
1454 2060 1513 2094 ex
1540 2061 1639 2108 qua
1663 2051 1881 2109 apparet,
1923 2046 2082 2107 ipsum
2108 2045 2276 2094 ludere
2301 2046 2475 2107 aequi·
2547 2082 2554 2091 .

221 2118 480 2166 vocatione
525 2117 698 2166 medii:
750 2133 858 2168 cum
910 2120 1036 2168 enim
1083 2118 1143 2167 de
1189 2119 1360 2171 intimo
1398 2117 1638 2181 sphaerici
1675 2123 1858 2181 puncto
1897 2117 2107 2166 dixerint
2146 2117 2473 2182 Pythagorici,
2543 2162 2554 2186 ι,

224 2203 364 2238 omne
403 2192 615 2253 spatium
654 2193 779 2240 intra
818 2192 922 2254 ipse
960 2192 1262 2255 superficiem
1302 2191 1703 2255 comprehensum
1743 2190 1972 2254 intelligit
2010 2204 2132 2239 voce
2169 2190 2330 2241 medii.
2395 2191 2498 2240 De'

223 2263 382 2325 spatio
421 2265 568 2326 igitur
606 2264 918 2315 concedenda
955 2271 1029 2314 est
1068 2264 1140 2312 illi
1178 2266 1412 2326 victoria,
1461 2264 1550 2314 sed
1587 2263 1800 2324 inutilis,
1855 2262 1914 2312 de
1954 2268 2117 2312 centro
2158 2265 2285 2313 enim
2324 2265 2474 2313 totius

219 2336 364 2399 spatii
390 2336 549 2386 medio
578 2338 779 2387 vincunt
803 2337 1134 2402 Pythagoraei
1161 2343 1210 2387 et
1236 2336 1550 2400 Copernicus.
1615 2337 1740 2386 Nam
1768 2337 1859 2386 etsi
1885 2335 2112 2398 medium,
2152 2342 2206 2385 ut
2245 2342 2319 2386 est
2355 2351 2474 2400 spa-

219 2410 364 2469 tium,
404 2424 502 2458 non
541 2416 750 2460 meretur
786 2424 959 2460 nomen
1000 2411 1219 2475 termini,
1258 2415 1309 2459 at
1347 2416 1580 2471 meretur,
1621 2415 1675 2459 ut
1714 2416 1788 2459 est
1827 2415 2068 2469 centrum,
2110 2422 2208 2473 quo
2247 2414 2473 2473 respectu

220 2483 427 2531 maxime
466 2488 539 2532 est
576 2482 929 2533 accensendum
966 2483 1289 2532 formantibus
1329 2489 1378 2533 et
1414 2483 1800 2543 terminantibus,
1842 2497 1952 2531 cum
1990 2496 2140 2545 supra
2166 2482 2291 2532 libro
2316 2484 2472 2546 primo

221 2560 436 2604 centrum
475 2555 636 2606 fuerit·
658 2559 793 2619 origo
831 2570 1069 2620 geneseos
1108 2555 1367 2620 sphaerici,
1404 2556 1738 2620 metaphysice
1778 2569 2036 2617 expensae.

364 2628 539 2679 Proba
576 2630 640 2678 ab
678 2631 842 2694 officio
869 2630 1011 2691 Solis,
1051 2637 1282 2679 centrum
1319 2631 1366 2678 ei
1401 2629 1582 2678 deberi.
1643 2628 1700 2676 Id
1740 2629 1914 2692 partim
1948 2629 2051 2691 Jam
2092 2634 2167 2678 est
2203 2628 2384 2678 sactum
2425 2629 2472 2676 in
2545 2687 2547 2691 Ι

222 2700 542 2752 dissolutione
592 2702 782 2752 elenchi
822 2702 1135 2752 Aristotelici.
1225 2702 1352 2751 Nam
1406 2698 1462 2770 1)
1511 2704 1551 2771 si
1605 2706 1737 2750 totus
1775 2700 2010 2763 mundus,
2065 2701 2471 2764 quivsphaericus
2511 2712 2515 2716 ’

219 2779 306 2834 est,
346 2774 533 2839 indiget
569 2775 701 2825 Solis
737 2776 919 2825 lumine
960 2782 1008 2825 et
1046 2775 1207 2824 calore
1245 2774 1531 2839 aequaliter,
1573 2775 1809 2837 optimum
1847 2775 1995 2837 igitur
2022 2773 2186 2824 Solem
2225 2775 2274 2830 in
2311 2773 2471 2824 medio

220 2861 342 2907 esse,
382 2848 511 2897 unde
549 2848 822 2911 aequaliter
858 2850 955 2898 ista
991 2849 1042 2895 in
1083 2861 1249 2897 omues
1276 2846 1443 2896 mundi
1470 2847 1644 2911 plagas
1671 2846 2005 2909 dispertiatur:
2046 2847 2178 2910 quod
2204 2846 2260 2897 fit
2285 2861 2472 2910 aequa-

217 2919 364 2987 bilius
416 2927 465 2970 et
512 2923 691 2971 rectius
738 2921 1033 2984 quiescendo
1073 2922 1124 2968 in
1163 2926 1353 2981 centro,
1403 2935 1550 2982 quam
1589 2920 1931 2969 circumeundo
1972 2921 2100 2970 circa
2135 2919 2270 2969 illud.
2348 2920 2471 2969 Nam

219 2993 259 3039 si
299 2994 550 3045 accederet
573 2995 781 3058 aliquas
819 3001 981 3058 partes
1021 2993 1354 3043 calefactionis
1393 3007 1567 3052 causa,
1619 2983 1867 3042 recederet
1913 2993 1976 3042 ab
2015 2994 2255 3057 oppositis
2295 3007 2472 3042 causa-

218 3070 444 3128 returque
484 3059 871 3127 vicissitudines,
911 3069 1015 3130 ipse
1056 3068 1270 3115 existens
1307 3065 1710 3128 simplicissimus·
1767 3066 1848 3113 Et
1887 3068 2057 3113 mirum
2098 3071 2194 3126 est,
2235 3064 2470 3129 quosdam

218 3136 414 3185 ludibrii
464 3140 613 3189 causa
659 3142 730 3188 uti
781 3139 1100 3190 similitudine
1152 3138 1349 3188 luminis
1388 3141 1437 3186 in
1475 3137 1636 3187 medio
1674 3137 1920 3199 laternae,
1973 3153 2083 3187 cum
2119 3140 2374 3202 aptissima
2411 3139 2473 3186 sit
2553 3182 2554 3186 ,

219 3209 484 3259 similitudo
522 3214 818 3277 minimeque
857 3213 921 3262 ad
961 3211 1306 3276 exagitandam
1343 3211 1470 3261 hanc
1507 3212 1798 3260 sententiam
1838 3218 2145 3273 comparata,
2185 3210 2272 3261 sed
2308 3212 2471 3274 potius

216 3280 282 3330 ad
331 3281 688 3346 depingendam
727 3288 827 3334 vim
864 3285 1012 3348 hujus
1064 3286 1337 3348 argumenti
1390 3285 1668 3348 cumprimis
1716 3283 1911 3332 idonea.
1936 3280 2003 3346 ⁴⁸)
2092 3287 2139 3332 2.
2179 3285 2254 3335 De
2292 3284 2470 3333 lumine

218 3368 335 3404 vero
379 3357 639 3418 peculiaris
678 3360 854 3408 texitur
893 3359 1267 3419 demonstratiO,
1326 3359 1701 3407 concinnitatem
1750 3369 2059 3418 supponem,
2111 3371 2208 3405 non
2257 3358 2502 3406 necessi--

219 3433 385 3477 tatem.
452 3429 608 3491 Finge
647 3431 904 3493 sphaeram
942 3432 1143 3481 fixarum
1183 3446 1292 3481 esse
1330 3431 1582 3494 speculum
1622 3443 1914 3478 concavum:
1955 3435 2123 3477 notum
2151 3435 2239 3490 est,
2279 3428 2471 3479 oculum

218 3502 269 3547 in
307 3505 470 3549 centro
510 3500 623 3549 talis
660 3504 847 3565 speculi
885 3504 1177 3554 collocatum
1216 3503 1533 3567 undiquaque
1570 3517 1624 3551 se
1663 3503 1820 3565 ipsum
1861 3503 2059 3563 intueri,
2116 3507 2164 3551 et
2209 3503 2252 3551 si
2290 3503 2375 3551 lux
2408 3502 2471 3551 sit

2549 3225 2554 3256 .

2541 3317 2554 3475 ἒ

2539 3499 2549 3558 l

221 3569 268 3621 i'n
307 3578 502 3633 centro,
557 3588 663 3623 earn
703 3575 916 3638 undique
954 3592 986 3626 a
1023 3578 1276 3641 superficie
1315 3591 1534 3626 concava
1570 3575 1808 3639 repercuti
1849 3575 2042 3637 angulis
2081 3576 2251 3634 rectiS‚
2307 3587 2471 3638 reper—
2539 3587 2544 3622 ε

221 3659 389 3695 cussos
436 3647 564 3695 coire
616 3662 804 3696 rursum
859 3651 908 3695 in
955 3657 1142 3699 centro:
1195 3651 1332 3713 atqui
1384 3648 1434 3697 id
1480 3651 1530 3698 in
1578 3647 1711 3696 nullo
1766 3645 1866 3695 alio
1906 3650 2110 3696 concavi
2146 3654 2326 3719 puncto
2363 3645 2498 3711 fieri⁵

221 3725 409 3782 potest,
460 3725 798 3784 praeterquam
847 3721 896 3767 in
936 3727 1112 3770 centro.
1189 3723 1318 3786 Ergo
1359 3737 1467 3772 cum
1506 3720 1591 3771 Sol
1628 3721 1690 3768 sit
1726 3720 1832 3768 fons
1872 3719 2020 3781 lucis,
2073 3720 2236 3768 mundi
2284 3719 2467 3779 oculuS,
2502 3766 2538 3774 „

2532 3646 2543 3706 l

2529 3724 2541 3788 ξ

223 3796 438 3840 centrum
485 3793 529 3842 ei
582 3791 861 3853 debebitur,
914 3799 968 3841 ut
1016 3793 1138 3857 (ipse
1191 3797 1239 3842 in
1280 3795 1446 3844 divina
1484 3791 1886 3858 symbolisationc
1925 3793 2094 3856 Pater)
2133 3808 2186 3842 se
2223 3795 2380 3856 ipsum
2417 3792 2464 3841 in
2529 3815 2554 3843 τι

140 3931 143 3933 Α
222 3870 329 3917 tota
364 3865 617 3932 superficie
659 3879 877 3917 concava
914 3865 1061 3933 (quae
1100 3866 1194 3918 Dei
1230 3868 1318 3917 filii
1353 3869 1477 3932 gerit
1513 3861 1807 3935 symbolum)
1848 3866 2200 3933 contempletur
2235 3871 2283 3916 et
2319 3867 2368 3913 in
2406 3877 2463 3914 ea
2550 3879 2554 3910 3
