2554 4140
237 193 342 245 390
686 245 693 250 „
1057 182 1293 241 Epitomes
1323 181 1643 230 Astronomiae

233 337 448 402 speciem
493 331 708 398 corporis
744 332 976 393 Telluris,
1029 334 1109 382 cui
1144 332 1280 395 leges
1319 337 1369 380 et
1405 330 1578 380 modos
1616 333 1777 394 operis
1813 334 1891 381 sui
1928 334 2224 382 transmittit.
2300 331 2485 395 Quem-

235 408 496 460 admodum
534 409 684 470 igitur
720 405 918 469 plagam
955 411 1116 455 motus
1154 419 1304 468 supra
1340 418 1439 452 non
1475 404 1562 452 lux
1601 402 1750 466 dedit,
1787 406 1883 454 sed·
1912 408 2100 469 species
2127 406 2342 469 corporis
2366 406 2486 456 'l'el-

232 484 365 543 luriS,
404 481 587 531 alicubi
622 479 767 543 plane
806 481 1098 528 contrariam
1134 478 1330 541 plagae,
1365 478 1418 524 in
1458 492 1605 539 quam
1630 476 1718 526 Sol
1753 484 1979 528 movetur
2004 480 2130 528 circa
2154 493 2296 527 suum
2319 493 2482 527 axem:

233 557 303 604 sic
350 568 480 603 nunc
531 553 680 602 etiam
727 552 1022 602 confortatur
1071 553 1248 599 motrix
1299 565 1359 599 ex
1396 550 1548 598 Terra
1597 551 1785 613 species
1823 551 2090 600 secundum
2126 552 2487 615 proportionem

232 642 352 677 suae
387 628 586 677 nativae
621 624 918 674 fortitudinis
954 626 1189 683 tenuiter,
1229 637 1328 685 qua
1362 625 1523 673 tenuis
1563 629 1650 684 est,
1689 625 1740 670 in
1776 622 1996 686 longiore
2034 638 2102 673 sc.
2141 626 2218 673 sui
2257 623 2488 675 distantia

232 716 265 750 a
298 699 493 749 Tellure
532 703 587 747 ut
622 698 777 760 fonte,
834 698 1044 758 fortiter,
1094 711 1192 758 qua
1227 696 1389 757 fortis,
1430 697 1483 743 in
1522 696 1735 745 breviori
1774 695 2007 746 distantia
2045 711 2077 746 a
2113 697 2291 758 Terra,
2332 712 2488 760 quae-

234 787 424 836 cunque
456 773 560 836 jam
597 773 660 820 sit
697 773 909 820 varietas
948 764 1209 819 distantiae
1230 767 1404 818 Lunae
1441 783 1473 818 a
1495 767 1625 830 Sole,
1665 774 1719 817 ut
1757 767 1816 818 de
1844 769 1982 832 cujus
2009 771 2488 833 compensationibus

232 856 379 910 supra
418 845 600 895 dictum
639 850 713 893 est
750 846 798 891 in
838 844 1124 892 variationis
1163 843 1342 891 causis.
1668 875 1670 880 ·

383 919 508 983 Quis
545 924 615 966 est
650 917 828 966 modus
861 917 1015 975 hujus
1052 917 1373 978 aequatiom's
1409 921 1713 975 menstruae,
1754 927 1870 962 cum
1907 921 1978 966 est
1999 916 2249 977 maoeima,
2288 923 2335 964 et
2358 932 2488 980 quae

234 994 341 1053 ejus
378 990 516 1041 modi
552 990 750 1039 causa?
796 989 967 1052 Tycho
1007 988 1228 1037 Braheus
1267 988 1383 1037 facit
1422 1002 1530 1036 eam
1568 986 1826 1050 aequalem
1864 989 1993 1050 parti
2030 988 2263 1051 physicae
2301 1004 2487 1052 aequa-

232 1066 379 1114 tionis
425 1063 703 1128 periodicas
750 1061 963 1121 solutae,
1015 1061 1283 1111 secundum
1319 1075 1480 1110 meam
1516 1060 1747 1121 formam,
1801 1062 1918 1122 quia
1954 1075 2064 1110 cum
2099 1061 2348 1123 periodica
2384 1069 2500 1114 tota·

233 1139 298 1186 sit
337 1135 393 1186 5⁰
428 1138 552 1195 fere,
595 1134 846 1183 dimidium
885 1148 977 1198 ego
1014 1133 1211 1183 vindico
1250 1147 1430 1183 causae
1466 1133 1725 1197 physicae,
1767 1134 1990 1183 omnibus
2016 1133 2227 1197 planetis
2262 1136 2487 1196 usitatae,

231 1225 298 1260 sc.
341 1206 399 1258 2⁰
438 1208 545 1269 30¹,
593 1214 782 1257 tantam
831 1208 979 1271 igitur
1029 1209 1176 1256 etiam
1226 1207 1515 1271 synodicam
1563 1206 1762 1256 exhibet
1808 1206 2057 1267 Braheus,
2110 1207 2254 1269 quasi
2299 1210 2489 1271 species
2548 1236 2554 1241 ·

232 1285 408 1332 motrix
458 1283 672 1345 corporis
709 1280 918 1330 Telluris
955 1282 1173 1344 praecise
1212 1279 1364 1343 duplo
1402 1279 1570 1328 fortior
1605 1280 1658 1326 in
1695 1281 1994 1342 propinqu0,
2045 1278 2251 1329 debilior
2290 1282 2338 1327 in
2375 1282 2489 1331 lon-

216 1359 415 1420 ginquo
468 1355 629 1415 fieret,
677 1352 764 1417 per
799 1353 926 1402 hanc
963 1369 995 1402 a
1031 1353 1214 1403 lumine
1253 1353 1722 1412 corroborationem,
1774 1358 1925 1414 atque
1964 1358 2081 1401 tunc
2117 1358 2213 1413 est,
2267 1368 2378 1403 cum
2415 1362 2489 1404 est

232 1432 337 1479 sine
385 1444 459 1478 ea.
536 1427 616 1488 Id,
672 1428 713 1478 si
761 1429 1039 1490 quaesitum
1092 1426 1209 1490 quid
1258 1431 1356 1487 est,
1410 1438 1609 1474 causam
1653 1425 1840 1474 nullam
1877 1423 2059 1475 habere
2095 1439 2242 1488 posse
2280 1426 2486 1488 videtur,

233 1517 379 1566 quam
416 1501 547 1550 hunc
583 1503 743 1564 ipsum
780 1505 1056 1564 respectum
1094 1498 1424 1563 aequalitatis,
1465 1505 1520 1547 ut
1553 1497 1943 1561 simplicissimae
1980 1500 2306 1562 proportionis
2332 1511 2489 1564 eoque

233 1582 281 1626 et
316 1574 683 1639 pulcherrimae.

374 1647 687 1698 Ptolemaeus
741 1660 854 1696 vero
906 1644 1105 1695 modum
1153 1645 1351 1696 exhibet
1395 1643 1546 1708 paulo
1604 1643 1865 1706 majorem,
1930 1649 1979 1693 et
2030 1645 2227 1693 omnino
2281 1650 2487 1709 tantum,

233 1726 466 1785 quantam
502 1734 593 1770 nos
631 1735 779 1783 supra
819 1734 878 1768 ex
907 1719 1176 1783 appendice
1221 1714 1348 1767 132⁰
1386 1718 1474 1766 451
1512 1715 1575 1766 ad
1599 1716 1817 1781 synodos
1862 1718 1923 1765 12
1954 1716 2305 1780 colligebamus
2344 1721 2489 1770 nnius
2541 1719 2549 1737 ¹

233 1794 515 1858 quadrantis
552 1795 897 1854 variationem,
938 1807 1005 1842 sc.
1045 1789 1104 1840 2⁰
1141 1791 1241 1842 41¹.
1318 1789 1506 1854 Quodsi
1544 1789 1783 1839 tenendus
1832 1795 1906 1841 est
1944 1789 2118 1840 modus
2157 1796 2206 1842 et
2243 1793 2490 1854 quantitas
2534 1786 2535 1790 ’

229 1871 326 1918 ista
366 1868 640 1931 utrobique,
679 1871 795 1915 tunc
832 1881 981 1915 causa
1017 1881 1049 1915 a
1086 1865 1291 1916 consilio
1318 1863 1382 1913 ad
1420 1865 1760 1914 necessitatem
1785 1865 2132 1926 geometricam
2158 1865 2493 1916 transferenda

231 1941 445 1991 videtur:
485 1939 617 2003 quod
655 1940 1095 2003 scil.augmentum
1133 1937 1395 1998 intervalli,
1436 1937 1530 1986 hoc
1568 1942 1643 1986 est
1680 1937 2030 1997 eccentricitaS,
2067 1938 2263 2001 penitus
2301 1937 2512 1990 exhau-·
2546 1983 2549 1987 .

232 2016 339 2076 riat,
379 2014 511 2077 quod
551 2015 768 2062 incitatio
810 2028 868 2062 ex
905 2013 1090 2063 lumine
1128 2014 1177 2060 in
1215 2011 1300 2060 illa
1339 2009 1518 2074 copula
1556 2009 1778 2074 dederat3
1818 2011 2033 2060 vicissim
2071 2025 2187 2060 vero
2225 2011 2275 2058 in
2314 2010 2498 2076 copula>

231 2088 399 2148 altera,
441 2086 658 2136 detracta
695 2085 754 2136 dc
787 2086 1044 2136 intervallo
1085 2085 1419 2136 eccentricitas
1456 2082 1743 2133 tantundem
1782 2082 1986 2146 adjiciat
2025 2082 2290 2145 celeritati,
2330 2099 2489 2148 quan-

232 2166 336 2210 tum
384 2162 530 2210 etiam
576 2159 663 2208 illa
711 2159 836 2208 lucis
883 2161 1103 2210 incitatio
1152 2158 1326 2208 effecit.
1401 2155 1480 2205 Ita
1530 2157 1579 2203 in
1625 2170 1815 2218 mense,
1878 2157 1963 2219 qui
2014 2163 2146 2206 caret
2195 2159 2492 2219 aequatione
2527 2175 2538 2182 ³

647 2272 728 2314 mg.
775 2270 829 2307 73·
1204 2228 1485 2294 «synodica,
1526 2228 1724 2292 quando
1761 2243 1828 2279 sc.
1870 2230 1920 2276 in
1949 2228 2045 2278 hoc
2082 2229 2329 2281 schemate
2366 2246 2492 2295 apo·
2527 2235 2530 2244 ’

1235 2317 1413 2366 gaeum
1452 2307 1526 2352 est
1562 2302 1612 2349 in
1650 2302 1750 2363 EF,
1789 2302 2070 2365 perigaeum
2110 2303 2157 2350 in
2196 2302 2285 2365 ΙΚ,
2325 2309 2509 2367 partes„

653 2413 682 2443 Β
791 2408 818 2442 0
1234 2377 1531 2425 incitationis
1568 2374 1823 2424 luminaris
1855 2376 1904 2423 in
1942 2380 2149 2438 utraque
2175 2376 2355 2440 copula
2379 2381 2529 2446 sunt,

627 2396 820 2491 θ
1236 2448 1496 2513 aequales,
1538 2449 1655 2511 quia
1692 2453 1742 2498 et
1778 2446 2039 2498 intervalla
2076 2448 2247 2499 Lunae
2285 2454 2334 2499 et
2369 2449 2497 2508 Ter-2
2526 2479 2527 2482 =

392 2461 623 2660 ff
1236 2536 1318 2572 rae
1368 2522 1418 2570 in
1466 2526 1672 2584 utraque
1719 2519 1922 2585 copula,
1976 2526 2030 2570 ut
2067 2521 2181 2583 AC,
2219 2521 2340 2585 ΑΗ,
2379 2524 2501 2581 sunt,

449 2606 478 2639 Ι,
991 2603 1014 2635 0
1234 2595 1321 2644 illo
1358 2608 1524 2645 mense
1560 2594 1815 2658 aequalia,
1853 2595 1904 2642 in
1941 2593 2314 2645 succedentibus
2349 2593 2527 2653 meu-z

1236 2668 1395 2730 sibus,
1449 2669 1633 2718 oriente
1678 2668 1918 2731 paulatim
1956 2667 2305 2732 inaequalitate
2340 2669 2506 2734 intera}v

1233 2741 1477 2791 vallorum
1513 2742 1563 2788 in
1602 2740 1790 2804 copulis
1828 2738 1902 2807 (ut
1938 2741 1982 2790 si
2017 2740 2061 2789 L
2098 2755 2374 2805 apogaeum
2408 2755 2513 2793 es«

404 2855 406 2858 ,
617 2747 852 2897 ΒΕΑ
1234 2819 1333 2876 set,
1372 2814 1419 2864 N
1452 2815 1758 2877 perigaeum,
1809 2818 1925 2864 tunc
1962 2818 2092 2864 certe
2131 2813 2218 2863 Ac
2259 2814 2514 2879 distantia,

321 2879 346 2914 F
700 2889 785 2909 ’ν’
1121 2879 1141 2911 ¹
1233 2888 1389 2950 major
1427 2892 1570 2949 esset,
1610 2901 1759 2950 quam
1793 2883 1908 2953 ΑΗ)
1947 2888 2099 2936 oritur
2138 2888 2285 2938 etiam
2323 2888 2517 2952 aliqum
2552 2903 2554 2922 ¹

723 2966 725 2969 ’
1233 2960 1464 3023 aequatio
1502 2965 1764 3023 menstrua,
1807 2974 1934 3024 quae
1972 2974 2165 3024 semper
2198 2961 2251 3009 in
2278 2961 2376 3024 EF,
2412 2958 2493 3022 IK,
2549 2962 2554 3028 i

1231 3031 1285 3081 fit
1321 3037 1426 3083 toto
1465 3031 1550 3082 illo
1588 3047 1754 3083 mense
1792 3033 2028 3083 maxima:
2070 3032 2281 3097 denique
2318 3035 2370 3082 in
2400 3032 2503 3091 iu«
2548 3034 2554 3082 ’ἒ

938 3136 1026 3155 lv
1230 3119 1420 3167 mense,
1458 3107 1508 3154 in
1546 3120 1642 3169 quo
1683 3111 1757 3156 est
1793 3107 1940 3170 plena
1977 3108 2207 3169 aequatio
2246 3106 2482 3172 synodica
2544 3088 2554 3154 i

536 3158 934 3261 W
1231 3175 1313 3246 (ut
1364 3179 1406 3227 si
1457 3192 1730 3243 apogaeum
1777 3179 1828 3228 in
1868 3174 1982 3246 CD)
2032 3179 2256 3229 incitatio
2309 3181 2358 3229 in
2383 3176 2484 3244 ‘cn
2541 3174 2551 3211 ¹

1236 3250 1413 3315 copula
1450 3257 1525 3302 est
1561 3251 1719 3309 nulla,
1760 3253 1809 3300 in
1849 3251 2004 3300 altera
2043 3250 2139 3301 GH
2178 3251 2328 3316 dupla
2362 3235 2482 3320 ἰηοὶξ·
2538 3249 2548 3318 ξ

238 3317 437 3366 tationis
489 3322 537 3368 in
587 3336 751 3372 mense
788 3323 922 3386 prius
973 3322 1126 3372 dicto:
1177 3327 1292 3373 tunc
1329 3326 1379 3372 in
1417 3325 1457 3373 E
1467 3361 1485 3386 ,
1538 3324 1587 3373 K
1634 3323 1831 3388 quadris
1878 3325 2091 3374 maxima
2129 3330 2204 3375 est
2252 3327 2483 3387 omnium·
2535 3321 2554 3374 ᾗ

237 3403 362 3450 quae
402 3395 505 3440 toto
545 3408 671 3443 anno
694 3409 802 3444 esse
839 3402 1060 3458 possunt,
1101 3398 1360 3460 aequatio,
1399 3402 1450 3446 at
1487 3397 1535 3445 ἱη
1564 3396 1610 3446 G
1634 3399 1851 3461 proxime
1888 3398 2170 3460 perigaeum
2190 3399 2478 3462 aequatum.-
2535 3392 2554 3443 l]

236 3461 377 3511 culae
413 3465 639 3515 minimae
676 3472 836 3529 partes
875 3467 996 3517 fiunt
1034 3473 1269 3531 quatuor:
1326 3468 1372 3535 l)
1411 3471 1598 3533 optica,
1637 3476 1692 3519 ut
1727 3471 1777 3517 in
1814 3469 2038 3533 planetis,
2082 3467 2134 3535 2)
2170 3470 2388 3535 physica,
2424 3464 2478 3518 ut
2531 3462 2554 3533 ³3

235 3535 286 3582 in
323 3534 558 3597 planem,
614 3538 666 3600 3)
704 3541 911 3589 variatio
951 3556 1010 3591 ex
1047 3541 1256 3603 lumine,
1303 3544 1360 3603 4)
1400 3542 1618 3605 ejusdem
1655 3543 1861 3592 intensio
1901 3543 1964 3591 ob
2005 3542 2295 3592 diminutum
2330 3544 2476 3609 inter*
2528 3524 2554 3595 ἷέ

241 3607 438 3670 vallum,
489 3618 693 3671 quarum
738 3614 947 3672 partium
994 3616 1117 3663 inter
1168 3629 1221 3664 se
1271 3617 1520 3679 proportio
1572 3621 1645 3666 est
1689 3616 1991 3665 necessitatis
2030 3617 2378 3679 geometricae3
2427 3617 2481 3663 at
2530 3609 2554 3678 2}

238 3695 425 3730 summa
473 3695 532 3730 ex
578 3682 799 3730 omnibus
849 3691 1055 3745 quatuor
1105 3687 1313 3736 conflata
1362 3689 1434 3738 sic
1483 3694 1558 3737 est
1594 3688 1914 3751 attemperata
1950 3687 2177 3750 consili0,
2230 3694 2284 3738 ut
2319 3685 2474 3738 motus
2522 3675 2554 3746 fl

238 3754 330 3803 iste
367 3753 536 3802 Lunae
572 3755 829 3817 perigaeus
868 3755 964 3804 GH
1001 3759 1050 3804 in
1078 3760 1254 3823 copula
1291 3760 1356 3810 ad
1391 3766 1578 3810 motum
1600 3760 1770 3810 Lunae
1808 3776 2083 3826 apogaeum
2110 3761 2197 3810 CD
2223 3763 2274 3809 in
2295 3757 2474 3825 quadra
2520 3755 2554 3809 fi

163 3870 166 3876 .
239 3841 292 3882 se
328 3825 530 3875 haberet
565 3831 619 3874 ut
658 3828 690 3873 4
729 3825 792 3874 ad
832 3827 860 3874 3
902 3835 1126 3892 essetque
1163 3832 1416 3883 harmonia
1454 3833 1770 3883 diatessaron.
2518 3823 2554 3858 ‘·

384 3897 543 3970 Quam
581 3912 697 3952 vem
737 3899 800 3953 00
839 3912 1036 3958 000380.)
1072 3901 1171 3965 fiat,
1211 3910 1265 3959 ut
1302 3921 1410 3961 cum
1448 3907 1546 3958 sint
1580 3907 1704 3958 inter
1742 3920 1794 3957 se
1832 3906 1969 3959 nulla
2003 3893 2357 3964 necessitudine
2387 3902 2471 3960 d*
2515 3894 2554 3983 ἐξ
