2554 4140
829 167 967 215 Liber
995 150 1225 226 Quartus.'
1268 168 1379 214 Pars
1411 166 1577 213 Tertia.
2235 175 2338 224 3⁷3

81 316 321 376 formitas,
375 329 522 379 qnam
569 316 652 365 via
700 315 940 380 emptica,
1003 323 1052 367 et
1101 324 1264 367 tamen
1315 317 1548 365 mentium
1602 330 1799 366 suarum
1855 318 2166 382 providentia
2214 319 2341 370 hanc

83 388 436 438 deformitatem
474 402 646 438 cavere
683 403 779 438 non
818 395 1098 454 potuerunt.

227 461 388 524 Saepe
425 467 589 510 autem
629 465 820 523 monui,
872 461 986 511 dum
1023 477 1177 526 neg0,
1227 471 1389 510 motus
1429 461 1663 510 coelestes
1704 476 1809 510 esse
1850 465 2023 512 mentis
2064 479 2207 528 opus,
2264 480 2340 514 me

81 540 183 582 tum
220 548 316 582 non
354 533 490 596 loqui
529 533 588 582 de
626 542 787 584 mente
827 538 1082 595 creatrice,
1136 550 1283 598 quam
1323 532 1547 597 equidem
1587 535 1749 582 omnia
1789 534 1981 596 decent,
2035 539 2140 587 sive
2180 541 2338 587 circu-

80 607 202 655 laria
239 607 345 655 sive
385 603 615 670 elliptica,
655 610 759 656 sive
800 623 884 671 per
923 614 1110 659 mentes
1148 605 1529 656 administranda
1568 613 1617 654 et
1652 609 2073 670 repraesentanda,
2115 603 2220 659 si've
2255 627 2340 675 per

79 678 379 729 materialem
417 682 757 730 necessitatem
795 686 967 730 coacta
1006 697 1065 730 ex
1102 682 1352 744 principiis
1391 679 1543 729 semel
1579 682 1765 742 positis
1826 695 1828 698 ’

509 796 576 847 ΙΙ.
635 797 718 846 De
758 799 964 847 causis
1003 797 1511 860 inaequalitatis
1548 797 1608 844 in
1645 794 1909 858 longum.

228 895 369 960 Quas
401 913 517 960 erqo
551 905 608 946 tu
642 913 822 947 causas
854 899 1036 959 tradis,
1075 914 1190 959 cur,
1232 899 1466 961 quamvis
1491 898 1666 946 omnia
1694 899 2072 959 primariorum
2101 900 2342 962 planeta-

80 984 196 1017 rum
219 971 405 1019 itinera
432 973 567 1020 circa
594 971 758 1021 Solem
792 972 1109 1030 ordinentur,
1137 971 1318 1033 anyuli
1343 977 1514 1018 tamen
1539 967 1740 1036 (quibus
1765 973 1913 1032 quasi
1938 985 1998 1019 ex
2024 978 2190 1022 centro
2213 971 2343 1020 Solis

76 1048 371 1104 spectantur
408 1043 634 1110 diversae
652 1051 827 1107 partes
865 1046 1061 1093 itineris
1098 1046 1254 1092 unius
1276 1040 1528 1107 planetae)
1566 1057 1672 1091 non
1710 1044 2043 1106 conficiantur
2077 1060 2109 1091 a
2130 1044 2343 1106 planeta

79 1117 386 1179 temporibus
427 1116 931 1181 proportionalibus?
994 1116 1185 1165 Causae
1231 1115 1356 1164 duae
1401 1124 1713 1183 concurrunt,
1760 1116 1914 1164 altera
1957 1118 2146 1179 optma,
2192 1116 2345 1167 altera

20 1208 23 1211 >
76 1190 296 1254 physica,
339 1196 545 1252 utraque
570 1190 792 1253 aequalis
818 1189 1170 1253 propemodum
1199 1190 1413 1238 effectus,
1486 1188 1648 1237 Prima
1673 1202 1821 1237 causa
1848 1197 1934 1246 est,
1975 1191 2091 1252 quia
2118 1191 2208 1239 iter
2231 1191 2343 1253 pla-

76 1270 219 1311 netae
244 1277 343 1311 nou
368 1263 565 1325 aequali
590 1263 848 1312 intervallo
875 1262 1090 1324 undique
1119 1264 1244 1311 circa
1264 1261 1429 1310 Solem
1456 1261 1837 1310 circumductum
1864 1269 1950 1322 est,
1980 1262 2066 1311 sed
2092 1277 2204 1326 pars
2234 1263 2338 1326 eJus

77 1350 175 1384 nna
213 1335 315 1384 Soli
350 1337 625 1398 propinqua
665 1342 761 1397 est,
807 1351 921 1399 pars
956 1337 1184 1398 opposita
1223 1340 1357 1382 tanto
1397 1336 1626 1383 remotior
1665 1350 1695 1383 a
1733 1334 1864 1384 Sole.
1942 1335 2013 1382 Ex
2053 1335 2343 1398 aequalibus

78 1423 192 1458 vero
229 1410 504 1471 propinqua
542 1408 716 1471 majori
751 1415 1033 1472 spectantur
1057 1407 1254 1470 angulo,
1294 1413 1482 1456 remota
1507 1408 1694 1469 minori,
1736 1414 1784 1456 et
1815 1422 1940 1471 quae
1966 1408 2160 1471 aequali
2200 1423 2344 1472 spec-

78 1488 241 1529 tantur
266 1481 464 1544 angulo,
503 1484 779 1545 propinqua
811 1481 1008 1544 quidem
1034 1482 1221 1529 minora
1248 1487 1375 1540 sunt,
1414 1487 1600 1529 remota
1625 1481 1830 1543 majora.
1885 1481 2053 1530 Altera
2078 1497 2226 1530 causa
2255 1490 2342 1543 est,

77 1557 192 1617 quia
226 1553 425 1616 planeta
449 1569 498 1603 re
538 1570 656 1604 vera
680 1554 862 1605 tardior
902 1556 1049 1603 estin
1088 1554 1261 1616 maj0ri
1297 1554 1530 1602 distantia
1568 1569 1597 1602 a
1636 1553 1765 1615 Sole,
1807 1554 2025 1604 velocior
2062 1557 2110 1602 in
2149 1555 2342 1604 minori.

222 1627 522 1690 Compositis
561 1630 710 1691 igitur
747 1630 795 1676 in
837 1643 985 1676 unum
1025 1629 1186 1676 causis
1227 1626 1431 1686 duabuS,
1471 1626 1612 1675 facile
1652 1632 1801 1689 patet,
1844 1642 1902 1675 ex
1944 1628 2136 1676 duobus
2177 1627 2238 1676 ad
2266 1630 2344 1677 vi-

77 1715 187 1763 sum
224 1701 519 1763 aequalibus
569 1702 743 1764 majori
799 1704 932 1751 arcui
984 1715 1069 1764 per
1115 1715 1168 1748 se
1219 1699 1377 1762 majus
1418 1701 1563 1749 etiam
1603 1705 1792 1762 tempus
1834 1706 2133 1763 competere,
2190 1701 2343 1750 multo

0 1783 23 1839 g
78 1788 191 1822 vero
229 1774 390 1836 majus
426 1780 618 1836 tempus
656 1781 853 1837 propter
890 1774 1167 1822 tarditatem
1205 1774 1432 1837 planetae
1470 1773 1649 1821 realem
1688 1775 1737 1820 in
1772 1773 1856 1821 illo
1895 1788 2011 1822 arcu
2034 1775 2298 1823 remotiori.

6 2166 11 2212 ⁸

8 2216 11 2254 ff

17 3076 25 3168 l

21 3169 28 3305 ἱ

24 3306 29 3383 3

26 3386 35 3517 ἒ

30 3522 36 3651 3

7 3662 12 3720 ‘⁸
34 3691 38 3744 3

35 3748 41 3797 ε

224 1849 308 1895 Αη
344 1862 451 1896 non
485 1863 597 1895 una
635 1862 790 1896 causa
825 1853 986 1910 posset
1018 1847 1260 1909 sufficere,
1299 1847 1371 1905 ut,
1412 1848 1536 1908 quia
1576 1848 1783 1896 omnino
1818 1847 2054 1910 planetae
2091 1848 2256 1896 orbita
2283 1861 2344 1896 ex

74 1935 185 1970 una
218 1926 367 1983 parte
390 1921 590 1982 lonqius
626 1921 807 1968 recedit
843 1936 877 1968 a
916 1919 1043 1980 Sole,
1084 1935 1240 1982 quam
1277 1933 1337 1967 ex
1375 1919 1605 1978 adversa,
1644 1923 1971 1969 remotionem
2012 1926 2212 1968 tantam
2253 1922 2361 1985 f'a-·

76 1997 283 2054 ciamus,
322 1999 381 2040 ut
405 1999 511 2042 tota
535 1996 632 2042 ista
658 1993 999 2055 inaequalitas
1026 2006 1279 2055 apparens
1314 2007 1405 2054 per
1429 1992 1590 2040 solam
1628 1991 1759 2040 hane
1784 1994 2105 2056 inaequalem
2147 1993 2344 2042 distan-

0 2072 7 2094 t
77 2070 202 2116 tiam
231 2069 465 2130 partium
501 2067 692 2116 orbitae
730 2065 1029 2116 excusetur?
1081 2065 1190 2113 Non
1231 2066 1481 2128 patiuntur
1520 2066 1906 2127 observationeS,
1947 2072 2001 2113 ut
2040 2071 2226 2114 tantam
2265 2067 2342 2115 fa-

77 2143 262 2190 ciamus
315 2138 718 2203 inaequalitatem
771 2139 1138 2199 distantiarum,
1195 2143 1380 2200 quanta
1416 2140 1512 2197 'est
1554 2138 1878 2201 inaequalitas
1929 2140 2185 2201 temporis,
2243 2153 2341 2202 quo

76 2213 275 2278 planeta
312 2213 546 2276 aequales
585 2213 794 2276 angulos
832 2212 896 2260 ad
935 2211 1101 2261 Solem
1138 2210 1382 2271 absolvit,
1432 2209 1519 2259 sed
1558 2211 1652 2260 hoc
1691 2217 1958 2273 testantur,
2001 2212 2200 2261 dimidio
2241 2213 2343 2260 sal-

77 2294 176 2337 tem
200 2285 346 2348 hujus
382 2286 750 2349 inaequalitatis
777 2283 1056 2334 excusando
1094 2284 1315 2334 sufficere
1340 2283 1475 2333 illam
1514 2284 1878 2334 intervallorum
1904 2286 2338 2348 inaequalitatem:

10 2342 14 2363 ⁸
77 2358 325 2409 residuum
363 2360 511 2422 igitur
548 2365 624 2409 est
660 2374 691 2408 a
728 2358 848 2408 reali
885 2356 1240 2406 acceleratione
1278 2363 1326 2406 et
1362 2357 1690 2406 retardatione
1728 2357 1972 2421 planetae.

228 2432 371 2495 Quae
413 2438 533 2481 sunt
580 2433 734 2493 hujus
783 2432 1046 2480 celeritatis
1091 2436 1136 2478 et
1186 2430 1440 2478 tarditatis
1490 2431 1614 2493 leyes
1652 2438 1697 2480 et
1735 2431 1999 2496 exempla?
2053 2431 2340 2495 Exemplum

78 2507 343 2570 genuinum
394 2510 469 2554 est
517 2506 567 2552 in
617 2511 825 2554 statera:
878 2502 1289 2567 quemadmodum
1329 2505 1456 2551 enim
1494 2504 1589 2563 ibi,
1642 2505 1838 2567 quando
1892 2504 2090 2554 brachia
2144 2507 2342 2554 suntin

17 2629 19 2633 ,
79 2578 384 2644 aequilibrio,
423 2576 692 2641 ponderum
730 2593 791 2627 ex
828 2583 1036 2639 utroque
1076 2576 1274 2625 brachio
1314 2590 1661 2639 suspensorum
1699 2578 1762 2626 ad
1799 2593 1850 2627 se
1889 2584 2059 2626 mutuo
2096 2578 2344 2641 proportio

80 2660 154 2703 est
189 2658 467 2716 permutata
502 2652 830 2714 proportionis
869 2649 1206 2711 brachiorum3
1259 2649 1419 2711 majus
1471 2651 1598 2698 enim
1636 2651 1853 2713 pondus,
1897 2652 2107 2699 breviori
2146 2650 2344 2699 brachio

20 2733 21 2762 ³
82 2740 387 2790 suspensum,
427 2725 658 2787 aequalia
695 2725 813 2773 facit
847 2724 1021 2771 minori
1060 2722 1276 2785 ponderi,
1320 2721 1450 2784 quod
1491 2729 1564 2771 est
1601 2737 1631 2770 a
1657 2724 1865 2786 longiori
1906 2723 2104 2772 brachio
2139 2738 2348 2786 suspen-

22 2817 23 2821 *
82 2814 216 2850 snm:
272 2800 440 2860 itaque
478 2799 603 2846 sicut
641 2812 692 2847 se
731 2797 879 2845 habet
918 2795 1169 2844 brachium
1207 2795 1353 2844 breve
1393 2794 1454 2842 ad
1492 2795 1719 2858 longum,
1770 2798 1841 2845 sic
1880 2811 1930 2845 se
1970 2796 2117 2845 habet
2156 2795 2348 2858 pondus

71 2872 316 2936 longioris
354 2870 420 2919 ad
456 2869 649 2933 pondus
688 2870 951 2929 brevioris3
991 2874 1042 2917 et
1077 2870 1120 2916 si
1153 2867 1256 2931 jam
1294 2873 1454 2916 mente
1487 2883 1822 2918 removeamus
1861 2868 2067 2917 alterum
2096 2869 2344 2918 brachium

82 2953 132 2997 et
165 2959 253 3011 pro
291 2944 398 3007 ejus
434 2943 648 3006 pondere
687 2942 1016 3005 concipiamus
1057 2940 1314 3004 aequalem
1350 2942 1618 2998 potentiam
1669 2944 1719 2989 in
1767 2943 1874 3004 ipso
1907 2942 2030 3004 jugo
2085 2942 2338 2991 attollendi

87 3018 334 3070 brachium
371 3017 617 3066 residuum
658 3030 765 3065 cum
804 3028 894 3064 suo
931 3012 1168 3076 pondere,
1210 3019 1324 3062 tunc
1361 3021 1586 3076 apparet,
1635 3017 1902 3077 potentiam
1942 3014 2067 3064 hanc
2099 3015 2207 3079 jugi
2246 3030 2343 3064 non

82 3096 274 3143 tantum
310 3103 457 3154 posse
509 3092 558 3137 in
594 3088 786 3152 pondus
826 3087 1133 3150 elongatum,
1182 3091 1418 3149 quantum
1457 3092 1621 3147 potest
1659 3089 1708 3135 in
1747 3088 1940 3150 pondus
1981 3087 2107 3136 idem
2144 3091 2349 3152 propin-

90 3178 264 3229 quum:
303 3166 374 3213 sic
412 3164 557 3212 etiam
597 3169 803 3211 testatur
840 3161 1139 3210 astronomia
1176 3159 1235 3208 de
1272 3158 1495 3221 planeta,
1537 3159 1668 3221 quod
1708 3160 1792 3209 Sol
1831 3175 1926 3208 non
1968 3166 2155 3210 tantum
2194 3163 2350 3225 possit

91 3237 158 3287 ad
190 3236 328 3286 illum
365 3235 659 3285 movendum
699 3242 747 3283 et
775 3230 1246 3292 circumvehendum,
1288 3230 1483 3294 quando
1523 3231 1720 3294 planeta
1752 3233 1945 3296 longius
1985 3234 2125 3283 abest
2163 3250 2194 3283 a
2231 3235 2347 3285 Sole

91 3310 140 3370 in
189 3309 319 3359 linea
369 3314 525 3369 recta,
577 3315 811 3371 quantum
852 3320 962 3354 cum
1001 3304 1312 3353 intervallum
1350 3304 1603 3364 minuitur,
1656 3312 1705 3354 et
1758 3321 1853 3355 uno
1893 3306 2075 3368 verbo,
2128 3310 2168 3356 si
2208 3323 2347 3358 arcus

94 3397 249 3446 aeque
284 3382 459 3445 longos
498 3381 557 3431 de
597 3382 755 3431 orbita
791 3379 1017 3443 planetae
1057 3378 1311 3437 sumseris,
1361 3390 1486 3439 quac
1525 3383 1599 3426 est
1636 3380 1886 3442 proportio
1934 3382 2058 3429 inter
2096 3383 2348 3445 utriusque

95 3468 232 3507 arcus
277 3455 532 3504 abscessus
579 3469 609 3503 a
647 3454 786 3513 Sole,
841 3449 1011 3500 eadem
1049 3455 1123 3498 est
1158 3451 1405 3513 proportio
1446 3454 1742 3513 temporum,
1796 3467 1921 3515 quae
1972 3452 2170 3516 planeta
2224 3469 2344 3503 con-

97 3530 243 3578 sumit
286 3530 335 3576 in
382 3527 478 3577 illis
525 3527 748 3577 arcubus.
824 3525 901 3573 Ita
952 3528 1166 3571 centrum
1206 3521 1334 3571 Solis
1383 3536 1469 3570 seu
1521 3523 1684 3572 mundi
1735 3531 2125 3588 repraesentatur
2163 3541 2193 3575 a
2225 3527 2346 3590 jugo

98 3606 318 3661 staterae,
358 3601 562 3664 ejusque
592 3601 811 3664 potentia
847 3596 1021 3646 moti-ix
1059 3595 1122 3643 ab
1163 3593 1316 3643 altero
1355 3594 1550 3644 brachio
1590 3596 1793 3661 ejusque
1821 3599 2050 3662 pondere,
2091 3599 2220 3663 quod
2241 3600 2347 3662 jam

96 3674 220 3739 inssi
257 3688 423 3723 sumus
461 3673 764 3738 dissimulare
804 3677 852 3720 et
889 3675 1047 3718 mente
1087 3669 1134 3715 in
1175 3667 1332 3731 ipsum
1364 3667 1538 3731 jugum
1578 3669 1824 3733 redigere3
1878 3672 2076 3735 planeta
2114 3686 2229 3721 vero
2268 3687 2346 3721 re-

101 3753 430 3812 praesentatur
467 3748 516 3794 in
554 3746 732 3796 residui
771 3744 951 3794 brachii
991 3739 1232 3805 pondere,
1284 3740 1590 3791 intervallum
1638 3744 1763 3794 inter
1802 3744 1964 3795 Solem
2014 3751 2061 3795 et
2101 3745 2347 3807 planetam

37 3822 45 3879 ἱ
103 3821 154 3882 ¹¹!
188 3820 384 3870 brachio
425 3819 553 3869 illius
591 3818 832 3882 ponderis.

190 3907 200 3914 “
216 3902 283 3952 Sit
299 3908 465 3958 statera
482 3904 570 3962 Ac,
598 3903 798 3963 pondera
814 3904 869 3962 D,
887 3902 923 3946 B
940 3913 995 3947 ex
1014 3900 1059 3947 C.
1084 3899 1120 3946 A
1136 3895 1448 3957 dependentia,
1472 3897 1627 3957 ‚jugum
1644 3899 1737 3958 EF,
1756 3900 1904 3960 anguli
1924 3900 2056 3965 FEC,
2082 3899 2205 3946 FEA
2222 3898 2346 3955 recti,
