2554 4140
800 113 1032 171 Excerpta
1057 126 1115 159 ex
1145 96 1330 159 Tabulis
1351 109 1667 168 Rudolphinis.
2261 109 2363 165 543

281 256 404 314 Ergo
434 256 473 301 si
512 255 646 300 detur
682 261 861 313 tempus
892 258 1117 314 posterius
1158 262 1314 303 nostra
1356 256 1683 302 Incarnationis
1715 267 1841 309 aera,
1885 266 2012 299 sume
2055 251 2366 306 centenarium

110 322 313 378 proxime
343 323 643 378 antiquiorem
673 321 779 366 dato
811 336 929 367 anno
960 331 1169 369 currente
1200 325 1389 380 ejusque
1420 323 1618 378 epochas
1646 326 1850 365 motuum
1872 333 1929 364 ex
1954 319 2110 364 eadem
2139 317 2259 363 linea
2291 329 2367 363 cx-

111 386 276 440 scribe3
311 387 472 433 deinde
503 386 676 443 subjice
707 388 954 444 completos
986 402 1126 434 annos
1160 402 1298 446 supra
1329 387 1636 433 centenarium
1665 385 1791 430 illum
1813 390 2104 430 excurrentes
2125 388 2367 438 motusque

110 465 210 496 cum
237 452 293 496 iis
325 457 564 509 excerptos
595 453 778 508 epochis
823 455 1102 504 membratim
1133 454 1389 511 subscribe3
1430 453 1566 497 tertio
1606 465 1707 496 cum
1748 451 1908 496 diebus
1948 448 2183 511 currentiss
2198 447 2365 492 mensis

110 517 342 574 completis
373 519 491 563 idem
521 518 655 563 facito
688 518 790 573 (nisi
821 520 898 563 ubi
928 520 1202 566 Februarius
1233 520 1350 564 inter
1370 518 1616 574 completos
1636 530 1814 563 menses
1840 515 2087 562 bissextilis
2116 515 2224 559 fuit:
2256 520 2366 559 tunc

110 582 327 628 utendum
357 583 429 628 die
459 588 670 628 currente
698 597 781 639 pro
813 584 1078 640 completo);
1125 585 1316 642 denique
1358 584 1478 628 idem
1508 597 1611 628 cum
1649 582 1796 641 horis,
1839 582 2027 627 minutis
2068 585 2114 626 et
2142 578 2367 635 secundis,

108 647 193 692 etsi
221 653 538 704 praeterquam
568 647 626 693 ad
656 648 816 694 Lunae
846 655 1049 693 motuum
1080 649 1392 695 collectionem
1421 662 1504 706 per
1534 647 1734 693 secunda
1762 660 1854 692 non
1876 654 1946 692 est
1969 659 2083 703 opus
2105 656 2364 701 excerpere.

106 713 260 758 Lineis
289 714 359 758 his
390 714 455 758 sic
486 713 723 770 exscriptis
754 714 834 759 fiat
864 714 1070 761 collectio
1101 715 1307 772 logistica
1337 714 1557 770 omnium,
1603 717 1654 756 ut
1683 717 1824 756 restet
1863 711 2056 770 denique
2099 712 2144 756 in
2176 723 2362 767 summa,

108 786 324 836 quantum
354 786 502 824 motus
533 780 724 836 quilibet
757 793 895 836 super
923 780 1120 837 integras
1150 777 1455 825 revolutiones
1487 793 1515 824 a
1544 777 1765 836 principio
1799 780 1852 825 V
1884 777 2143 822 confecerit.

281 845 327 890 Si
358 859 463 890 vero
496 845 628 890 detur
657 851 836 903 tempus
868 859 1083 891 annorum
1107 851 1212 891 ante
1234 847 1410 891 Incarn.
1445 845 1733 899 currentium,
1766 843 1985 894 subtrahe
2015 841 2119 886 illos
2150 843 2206 887 ab
2239 841 2367 886 annis

107 909 305 967 epochae
334 910 538 966 proxime
569 910 753 967 majoris
785 917 831 955 et
862 911 1153 968 antiquioris;
1183 913 1480 957 remanebunt
1511 911 1618 955 anni
1650 908 1874 966 completi,
1907 922 2099 966 quorum
2119 913 2269 952 motus
2290 921 2367 951 ex-

107 974 263 1031 scripti
307 988 364 1020 ex
405 976 561 1021 tabula
601 976 869 1033 subjiciendi
913 983 1020 1022 sunt
1065 978 1261 1023 numeris
1299 991 1403 1023 cum
1448 977 1620 1033 epocha
1664 973 1747 1020 illa
1794 974 2052 1030 antiquiore
2096 971 2361 1031 exscriptis;

108 1045 258 1085 cetera
288 1046 339 1084 ut
369 1041 510 1098 prius,
534 1081 541 1089 „
1575 1063 1577 1069 ’

278 1106 364 1152 Hic
402 1120 507 1151 vero
557 1107 714 1164 excipe
751 1107 851 1152 loca
890 1107 1104 1164 fixarum,
1151 1121 1341 1164 quarum
1380 1107 1582 1164 epochae
1618 1106 1664 1149 in
1706 1103 1913 1160 catalogo
1945 1107 2053 1148 sunt
2083 1101 2267 1159 unicae,
2308 1101 2366 1147 ad

114 1186 279 1218 annum
310 1186 374 1218 sc.
408 1175 521 1219 1600
548 1188 594 1229 p.
627 1173 733 1218 Chr.
791 1173 933 1228 Igitur
965 1174 1210 1231 sitempus
1240 1172 1509 1230 proponitur
1537 1171 1763 1228 posterius
1794 1182 1915 1215 anno
1950 1169 2081 1226 1600,
2126 1168 2242 1214 ratio
2275 1167 2365 1212 col-

106 1239 308 1284 lectionis
338 1252 428 1283 non
459 1238 609 1283 differt
639 1238 695 1283 ab
727 1239 948 1284 hactenus
989 1239 1178 1296 tradita3
1223 1240 1294 1284 sin
1321 1238 1469 1295 prius‘,
1510 1235 1839 1293 exquirendum
1878 1234 1964 1279 erit
2003 1233 2290 1279 intervallum
2319 1232 2366 1277 id

75 1351 78 1355 ,
106 1305 224 1353 inter
258 1311 304 1351 et
333 1318 500 1350 annum
529 1306 660 1351 1600.
723 1305 905 1350 Summa
936 1318 993 1349 ex
1024 1305 1293 1350 centenariis
1335 1310 1397 1350 et—
1417 1302 1602 1360 singulis
1647 1302 1763 1347 infra
1813 1303 1896 1348 100
1927 1300 2115 1346 collecta
2163 1299 2367 1344 aufertur

108 1370 164 1416 ab
199 1369 386 1426 epocha,
420 1382 553 1425 quam
582 1369 676 1414 fixa
706 1370 941 1426 proposita
970 1370 1109 1416 habet
1146 1371 1193 1415 in
1239 1370 1457 1427 catalogo.
1519 1369 1665 1415 Aliter
1701 1369 1836 1415 etiam
1880 1368 1966 1413 sic:
2021 1366 2180 1422 collige
2219 1366 2366 1410 locum

107 1435 276 1492 primae
307 1438 376 1491 V,
408 1440 458 1478 ut
489 1434 622 1479 unius
654 1448 710 1479 ex
740 1435 947 1492 planetis,
981 1435 1112 1492 eique
1143 1435 1242 1482 loco
1283 1435 1398 1482 adde
1430 1448 1582 1489 arcum
1625 1434 1865 1481 distantiae
1903 1433 2022 1477 fixae
2051 1432 2308 1489 propositae
2339 1443 2391 1495 a·

107 1499 252 1558 prima
282 1503 350 1557 V,
384 1512 520 1555 quam
549 1498 628 1544 illa
659 1501 798 1546 habet
825 1500 872 1544 in
904 1500 1124 1558 catalogo.

274 1565 450 1622 Excipe
481 1565 678 1610 secundo
709 1565 875 1611 nodum
907 1566 1080 1612 Lunae.
1142 1568 1257 1612 Nam
1289 1567 1395 1624 q'uia
1423 1566 1462 1613 is
1493 1571 1564 1612 est
1598 1564 1910 1622 retrogradus,
1942 1579 2026 1622 pro
2057 1563 2232 1621 epocha
2264 1563 2364 1620 ejus

110 1631 254 1676 scribe
286 1630 445 1687 compl.
480 1631 537 1675 ad
568 1631 782 1675 circulum
815 1644 967 1688 eoque.
988 1639 1117 1676 utere
1146 1632 1247 1678 loco
1279 1632 1503 1689 epochae:
1537 1631 1659 1679 facta
1688 1645 1794 1676 vero
1826 1630 2058 1688 additione
2078 1643 2160 1687 pro
2189 1642 2363 1680 summa

107 1709 281 1744 rursum
311 1695 456 1740 scribe
488 1696 587 1752 ejus
619 1697 777 1752 compl.
823 1697 880 1743 ad
912 1697 1147 1756 circulum,
1182 1712 1281 1757 seu,
1327 1699 1448 1756 quod
1479 1700 1636 1745 eodem
1663 1698 1853 1757 recidit,
1888 1702 2038 1743 motus
2068 1696 2175 1740 nodi
2206 1696 2364 1741 Lunae

62 1778 71 1789 ·
107 1766 340 1820 excerptos
372 1776 473 1807 cum
504 1763 766 1807 millenariis
797 1763 852 1807 ab
884 1763 1058 1820 epocha
1089 1764 1256 1821 elapsis
1286 1777 1478 1821 cumque
1510 1764 1778 1810 centenariis
1818 1770 1864 1811 et
1895 1763 2232 1822 singulis'infra
2262 1777 2363 1808 cen-

106 1834 212 1881 tum,
241 1831 322 1872 hos
341 1827 525 1885 inquam
546 1836 693 1874 motus
725 1829 896 1885 conjice
925 1829 973 1875 in
994 1843 1130 1875 unam
1161 1843 1394 1888 summam,
1427 1843 1562 1888 quam
1593 1830 1720 1876 aufer
1750 1844 1776 1875 a
1807 1830 2006 1875 numeris
2022 1829 2133 1887 ipsis
2166 1829 2366 1887 epochae

107 1893 353 1950 exscriptis.
413 1895 730 1949 (‹Exemplum»
764 1899 845 1938 huc
874 1901 1087 1949 pertinens
1118 1901 1214 1940 vide
1246 1906 1389 1944 annot.
1425 1904 1464 1942 1.
1495 1899 1686 1958 9,»531.)

280 1977 349 2029 19)
380 1988 420 2027 p.
440 1978 533 2018 195.
557 1977 649 2024 Qua
664 1978 825 2017 ratione
846 1979 1062 2030 Keplerus,
1085 1980 1136 2019 ad
1154 1982 1440 2033 quaestionem
1457 1982 1662 2021 Herwarti
1682 1980 1949 2031 respondens,
1968 1980 2128 2019 Lucani
2148 1980 2366 2020 Pharsalia

108 2040 400 2077 commentatus
431 2036 507 2090 sit,
539 2034 636 2076 Vol.
662 2037 735 2077 IV.
767 2049 810 2088 p.
843 2039 896 2078 73
928 2050 982 2079 ss,
1031 2040 1334 2090 proposuimus.
1398 2039 1533 2091 Quem
1577 2040 1680 2080 dicit
1725 2039 1975 2090 Sulpitium,
2017 2039 2202 2078 Joannes
2244 2036 2362 2079 Sul—

107 2095 279 2146 picius
330 2094 559 2133 Verulanus
590 2095 742 2134 Romae
771 2094 968 2135 inclaruit
996 2099 1246 2147 scriptorum
1274 2098 1498 2139 latinorum
1529 2102 1727 2139 accurata
1758 2098 1993 2147 cognitione
2024 2097 2230 2149 editisque
2262 2108 2362 2148 ope-

107 2153 219 2192 ribus
249 2153 413 2202 Vegetii
445 2156 485 2192 et
513 2153 709 2195 vitruvii.
769 2154 1024 2195 Sententiam
1063 2155 1114 2195 de
1158 2157 1374 2209 solstitiis,⁴
1411 2169 1538 2211 quam
1582 2158 1701 2197 affert
1730 2155 1956 2210 Keplerus‚
1997 2155 2276 2206 deprehendes
2316 2156 2362 2194 in

108 2208 282 2262 Sulpicii
311 2209 624 2252 Commentariis
654 2213 697 2251 in
729 2213 957 2253 Lucanum.
1150 2210 1158 2213 Α

276 2291 352 2343 20)
383 2304 424 2344 p.
461 2293 555 2333 195.
632 2294 680 2332 In
721 2293 951 2334 Ptolemaei
992 2294 1251 2347 Geographia
1290 2295 1405 2336 edita
1433 2307 1456 2335 a
1488 2295 1660 2346 Magino
1702 2295 1948 2335 describitur
1994 2294 2246 2334 Idumaea
2297 2293 2363 2332 his

109 2350 262 2390 verbis:
297 2351 521 2391 «Idumaea
549 2353 661 2400 regio
692 2353 842 2404 incipit
870 2364 898 2391 a
928 2351 1070 2394 Cassio
1104 2358 1244 2393 monte
1275 2353 1342 2393 vel
1372 2355 1600 2394 secundum
1637 2354 1743 2397 alios
1774 2366 1801 2393 a
1830 2354 2021 2394 Sirbonis
2066 2354 2162 2392 lacu
2193 2356 2234 2392 et
2265 2364 2358 2391 ver-

107 2420 175 2448 ms
203 2413 336 2449 ortum
368 2410 532 2448 ducitur
573 2421 704 2462 usque
735 2411 787 2450 ad
816 2411 1039 2455 Judaeam.
1101 2411 1218 2452 Haec
1249 2417 1389 2452 autem
1420 2414 1465 2452 in
1497 2413 1624 2452 sacris
1655 2411 1789 2452 literis
1823 2413 1955 2451 Edem
1997 2410 2147 2451 dicitur
2179 2414 2219 2449 et
2249 2410 2356 2450 refe-

107 2471 218 2507 rento
247 2467 371 2516 Nigro
404 2467 500 2507 olim
534 2469 682 2520 Bosra,
726 2469 875 2509 deinde
905 2470 1120 2511 Nabathea
1159 2470 1272 2510 dicta
1308 2472 1426 2511 fuit.»
1457 2492 1529 2523 μ-
1577 2471 1647 2511 Sic
1677 2469 1884 2522 Josephus
1925 2468 2090 2523 (Antiq.
2121 2469 2255 2518 X11,):
2304 2469 2362 2512 Hi

107 2522 199 2578 (mii
226 2522 407 2579 Ismaeli)
438 2531 586 2565 terram
617 2538 780 2566 omnem
809 2529 863 2567 ab
894 2528 1105 2578 Euphrate
1134 2528 1190 2567 ad
1229 2541 1342 2569 mare
1381 2531 1551 2569 rubrum
1581 2530 1881 2579 pertingentem
1913 2530 2183 2579 habitabant,
2228 2528 2358 2577 regio-

106 2592 198 2623 nem
233 2583 491 2624 Nabatenam
532 2583 816 2639 (Ναβατηνην)
848 2587 1125 2637 appellantes.
1192 2586 1310 2627 Unde
1350 2587 1553 2640 Keplerus
1593 2599 1667 2639 pro
1716 2599 1816 2628 voce
1860 2587 2018 2628 Arabia
2062 2585 2180 2626 Felix
2222 2586 2364 2633 Naba-⁴

53 2680 56 2683 ,
109 2639 274 2682 thecam
299 2644 523 2695 acceperit,
556 2644 774 2684 nescimus.

273 2721 344 2775 21)
375 2734 414 2773 p.
447 2725 546 2763 219.
609 2723 656 2763 In
695 2724 903 2773 triangulo
946 2725 1160 2774 sphaerico
1204 2726 1445 2775 rectangulo
1487 2725 1636 2765 dantur
1666 2726 1797 2767 altera
1828 2725 2084 2766 cathetorutn
2115 2739 2174 2760 =
2207 2722 2288 2765 70⁰
2318 2726 2359 2763 et

106 2780 279 2829 angulus
310 2786 457 2821 acutus
486 2781 551 2820 illi
582 2781 774 2831 adjacens
796 2798 854 2818 =
877 2783 967 2832 60⁰,
999 2784 1213 2836 quaeritur
1242 2782 1369 2823 altera
1405 2784 1611 2825 cathetus,
1683 2785 1758 2833 Tg.
1789 2796 1818 2823 x
1840 2798 1897 2818 =
1919 2785 1998 2826 sin.
2032 2783 2110 2824 ’70ο
2139 2812 2148 2822 .
2179 2787 2235 2832 tg.
2267 2782 2358 2824 60⁰.

106 2835 318 2879 Calculum
368 2840 550 2878 absolvit
588 2840 792 2889 Kepierus
834 2845 995 2880 curtata
1036 2839 1388 2892 multiplicatione
1445 2845 1502 2891 (in
1551 2844 1743 2895 sequenti
1788 2841 1976 2892 exemplo
2017 2842 2221 2882 divisione
2264 2853 2357 2880 cur-

106 2900 223 2951 tata),
254 2896 368 2951 quali
399 2898 522 2937 hodie
553 2900 706 2937 utimur
736 2901 780 2938 in
811 2898 1158 2949 multiplicatione
1192 2901 1438 2940 fractionum
1479 2901 1761 2952 decimanum,
1807 2900 1919 2952 quod
1950 2901 2073 2940 etiam
2104 2901 2147 2939 in
2180 2911 2356 2953 sequen-

106 2953 218 2995 tibus
248 2955 419 2996 calculis
449 2960 630 2997 notetur.

185 3040 197 3049 ’
276 3050 348 3102 22)
381 3062 423 3101 p.
457 3051 555 3092 220.
620 3050 806 3093 Mariam.
837 3063 960 3104 quem
992 3052 1059 3092 hic
1088 3052 1346 3093 Joannem
1379 3054 1481 3094 dicit
1513 3052 1725 3104 Keplerus‚
1759 3054 1799 3093 in
1823 3052 1971 3103 Optica
2002 3050 2097 3104 (vol.
2121 3053 2171 3092 11.
2198 3064 2237 3105 p.
2256 3051 2356 3106 220)

107 3106 387 3149 Antonium
418 3109 663 3149 nominavit.
724 3109 772 3148 In
803 3111 1075 3149 annotatione
1106 3111 1158 3150 ad
1194 3112 1303 3151 hunc
1334 3112 1470 3159 locum
1503 3113 1568 3159 (11.
1605 3123 1643 3162 p.
1662 3111 1775 3164 415),
1811 3115 1958 3151 testem
1987 3109 2240 3158 Weidlerum
2271 3112 2354 3152 ali-

108 3176 233 3218 osque
262 3169 410 3218 secuti,
454 3179 592 3206 verum
626 3177 866 3216 praenomen
900 3167 1233 3208 Dominicum
1286 3171 1667 3219 pronunciavimus.
1745 3168 2069 3209 Annotationem
2101 3170 2220 3209 illam
2248 3181 2355 3221 ¹sup-

107 3223 263 3275 plentes
292 3226 395 3265 haec
425 3237 475 3264 ex
507 3225 668 3264 Rhetici
703 3224 995 3265 ‹Narratione›
1031 3227 1234 3282 addimus,
1266 3239 1373 3280 quae
1397 3240 1489 3268 vero
1512 3228 1694 3267 maxima
1726 3239 1774 3266 ex
1808 3231 1924 3279 parte
1947 3226 2219 3279 Copernicum
2251 3230 2354 3268 atti-

106 3287 225 3323 nent:
258 3282 385 3323 «Cum
417 3284 470 3324 D.
503 3284 657 3322 Doctor
688 3294 799 3321 mens
831 3281 1116 3338 (Copernicus)
1158 3285 1372 3325 Bononiae
1403 3297 1483 3325 non
1532 3290 1618 3324 tam
1664 3284 1915 3336 ‹liscipulus-.
1957 3297 2079 3337 quam
2120 3286 2285 3337 adjutor
2317 3291 2356 3326 et

107 3342 222 3380 tentis
253 3342 582 3381 observationum
614 3341 843 3380 doctissimi
885 3343 960 3380 viri
1003 3342 1211 3381 Dominici
1245 3343 1423 3396 Mariae,
1468 3345 1620 3383 Romae
1662 3348 1799 3382 autem
1833 3356 1865 3385 c.
1899 3356 1938 3386 a.
1971 3345 2024 3387 D.
2061 3347 2190 3393 1500,·
2227 3350 2351 3385 natus
2404 3343 2409 3348 “

105 3407 231 3438 anuos
261 3401 353 3450 plus
385 3402 520 3439 minus
551 3400 619 3451 27,
652 3401 856 3449 professor
889 3400 1183 3439 anathematum
1217 3403 1258 3441 in
1291 3413 1444 3451 magna
1475 3403 1815 3442 scholasticorum
1856 3398 2092 3455 frequentia
2134 3409 2174 3444 et
2205 3416 2354 3444 corona

106 3465 338 3506 magnorum
368 3461 547 3497 virorum
579 3463 618 3497 et
649 3458 849 3497 artificum
892 3458 933 3496 in
970 3458 1046 3498 hoc
1089 3458 1303 3499 doctrinae
1342 3470 1510 3512 genere,
1558 3460 1707 3499 deinde
1750 3460 1818 3501 hic
1847 3461 2039 3502 Varmiae
2082 3457 2169 3502 su'is
2200 3475 2352 3502 vacans

105 3513 250 3554 studiis
280 3528 440 3555 summa
481 3528 576 3556 cura
615 3517 920 3555 observationes
963 3520 1229 3566 annotasset,
1273 3529 1323 3556 ex
1366 3519 1730 3558 observationibus
1769 3520 1981 3559 stellarum
2024 3522 2197 3560 fixarum
2229 3522 2354 3570 elegit

106 3581 206 3624 enm,
236 3584 360 3624 quam
390 3587 430 3616 a.
467 3576 575 3614 1525
608 3574 657 3613 de
688 3573 812 3625 Spica
846 3574 1030 3623 Virginis
1062 3574 1247 3616 habuit.»
1311 3574 1526 3615 Moutucla
1557 3574 1690 3628 (Hist.
1721 3577 1792 3619 des
1813 3577 1958 3633 Math.)
1990 3580 2179 3618 nominat
2210 3578 2348 3618 illum:

106 3626 351 3682 Domitiique
382 3631 515 3671 Maria
540 3633 704 3672 Novata
735 3633 784 3671 de
816 3632 1013 3680 Bologue.

218 3712 286 3758 23)
318 3724 358 3762 p.
390 3713 488 3752 222.
550 3713 688 3752 Utitur
719 3713 785 3751 hic
819 3711 1016 3763 Keplcrus
1052 3711 1220 3763 „regula
1252 3714 1697 3770 prosthaphaeretica“‚
1731 3729 1855 3770 quam
1890 3719 1971 3760 vol.
2006 3719 2059 3760 11.
2092 3732 2131 3770 p.
2155 3719 2241 3758 444
2273 3729 2347 3757 ex-

111 3762 361 3815 plicavimus.
423 3770 571 3810 Forma
602 3771 724 3810 hodie
755 3772 906 3810 usitata
936 3770 1122 3810 adhibita
1154 3772 1213 3810 sic
1244 3770 1477 3813 absolvitur
1509 3772 1716 3817 calculus:
1749 3777 1794 3816 ln
1816 3775 2024 3827 triangulo
2047 3777 2148 3817 VSP
2171 3789 2219 3816 ex
2243 3775 2349 3815 datis

109 3822 302 3866 latoribus
331 3826 417 3878 VP,
447 3828 515 3868 VS
545 3834 586 3869 et
613 3827 762 3879 angulo
794 3829 895 3869 SVP
929 3832 1192 3879 computatur
1222 3830 1283 3870 ΒΡ
1314 3830 1515 3876 formula:
2045 3853 2047 3855 ·
