<?xml version="1.0" encoding="UTF-8"?>
<!DOCTYPE html PUBLIC "-//W3C//DTD XHTML 1.0 Transitional//EN"
    "http://www.w3.org/TR/xhtml1/DTD/xhtml1-transitional.dtd">
<html xmlns="http://www.w3.org/1999/xhtml" xml:lang="en" lang="en">
 <head>
  <title>
</title>
<meta http-equiv="Content-Type" content="text/html;charset=utf-8" />
  <meta name='ocr-system' content='tesseract 3.04.00' />
  <meta name='ocr-capabilities' content='ocr_page ocr_carea ocr_par ocr_line ocrx_word'/>
</head>
<body>
  <div class='ocr_page' id='page_1' title='image "./operaomniaedidit06kepluoft_0730.png"; bbox 0 0 2554 4140; ppageno 0'>
   <div class='ocr_carea' id='block_1_1' title="bbox 133 127 1594 186">
    <p class='ocr_par' dir='ltr' id='par_1_1' title="bbox 133 127 1594 186">
     <span class='ocr_line' id='line_1_1' title="bbox 133 127 1594 186; baseline -0.001 -11"><span class='ocrx_word' id='word_1_1' title='bbox 133 133 159 179; x_wconf 81' lang='grc'><strong>7</strong></span> <span class='ocrx_word' id='word_1_2' title='bbox 172 135 195 181; x_wconf 94' lang='grc'><strong>1</strong></span> <span class='ocrx_word' id='word_1_3' title='bbox 205 134 233 181; x_wconf 87' lang='grc'>6</span> <span class='ocrx_word' id='word_1_4' title='bbox 897 127 1173 172; x_wconf 85' lang='lat' dir='ltr'>Tabularum</span> <span class='ocrx_word' id='word_1_5' title='bbox 1203 127 1594 186; x_wconf 87' lang='lat' dir='ltr'><strong>Rudolphinarum</strong></span> 
     </span>
    </p>
   </div>
   <div class='ocr_carea' id='block_1_2' title="bbox 107 273 2407 2302">
    <p class='ocr_par' dir='ltr' id='par_1_2' title="bbox 122 273 2380 701">
     <span class='ocr_line' id='line_1_2' title="bbox 271 273 2374 339; baseline 0.001 -15"><span class='ocrx_word' id='word_1_6' title='bbox 271 276 486 324; x_wconf 88' lang='lat' dir='ltr'><strong>Praec.</strong></span> <span class='ocrx_word' id='word_1_7' title='bbox 535 276 651 323; x_wconf 88' lang='grc'><strong>191.</strong></span> <span class='ocrx_word' id='word_1_8' title='bbox 729 275 851 323; x_wconf 86' lang='lat' dir='ltr'><strong>Cum</strong></span> <span class='ocrx_word' id='word_1_9' title='bbox 888 273 1003 323; x_wconf 90' lang='lat' dir='ltr'><strong>Sole</strong></span> <span class='ocrx_word' id='word_1_10' title='bbox 1029 276 1274 338; x_wconf 87' lang='lat' dir='ltr'><strong>agendum</strong></span> <span class='ocrx_word' id='word_1_11' title='bbox 1317 281 1391 325; x_wconf 90' lang='lat' dir='ltr'><strong>est</strong></span> <span class='ocrx_word' id='word_1_12' title='bbox 1424 276 1579 327; x_wconf 87' lang='lat' dir='ltr'><strong>aliter.</strong></span> <span class='ocrx_word' id='word_1_13' title='bbox 1655 278 1869 328; x_wconf 88' lang='lat' dir='ltr'><strong>Primum</strong></span> <span class='ocrx_word' id='word_1_14' title='bbox 1906 279 2033 327; x_wconf 89' lang='lat' dir='ltr'><strong>enim</strong></span> <span class='ocrx_word' id='word_1_15' title='bbox 2064 292 2161 326; x_wconf 90' lang='lat' dir='ltr'><strong>non</strong></span> <span class='ocrx_word' id='word_1_16' title='bbox 2189 277 2374 339; x_wconf 86' lang='lat' dir='ltr'><strong>prosth.</strong></span> 
     </span>
     <span class='ocr_line' id='line_1_3' title="bbox 127 346 2374 414; baseline 0 -18"><span class='ocrx_word' id='word_1_17' title='bbox 127 364 172 396; x_wconf 90' lang='lat' dir='ltr'><strong>a.</strong></span> <span class='ocrx_word' id='word_1_18' title='bbox 206 349 358 408; x_wconf 85' lang='lat'><strong>1588,</strong></span> <span class='ocrx_word' id='word_1_19' title='bbox 399 346 485 395; x_wconf 89' lang='lat' dir='ltr'><strong>sed</strong></span> <span class='ocrx_word' id='word_1_20' title='bbox 507 347 737 395; x_wconf 86' lang='lat' dir='ltr'><strong>informis</strong></span> <span class='ocrx_word' id='word_1_21' title='bbox 755 346 843 394; x_wconf 85' lang='lat' dir='ltr'><strong>lv.</strong></span> <span class='ocrx_word' id='word_1_22' title='bbox 867 353 914 394; x_wconf 94' lang='lat' dir='ltr'><strong>et</strong></span> <span class='ocrx_word' id='word_1_23' title='bbox 931 346 994 394; x_wconf 89' lang='lat' dir='ltr'><strong>V.</strong></span> <span class='ocrx_word' id='word_1_24' title='bbox 1015 362 1131 396; x_wconf 89' lang='lat' dir='ltr'><strong>suus</strong></span> <span class='ocrx_word' id='word_1_25' title='bbox 1150 348 1410 411; x_wconf 87' lang='lat' dir='ltr'><strong>peculiaris</strong></span> <span class='ocrx_word' id='word_1_26' title='bbox 1443 363 1598 408; x_wconf 90' lang='lat' dir='ltr'><strong>arcus,</strong></span> <span class='ocrx_word' id='word_1_27' title='bbox 1637 350 1758 399; x_wconf 88' lang='lat' dir='ltr'><strong>calci</strong></span> <span class='ocrx_word' id='word_1_28' title='bbox 1784 352 2085 414; x_wconf 88' lang='lat' dir='ltr'><strong>pensationis</strong></span> <span class='ocrx_word' id='word_1_29' title='bbox 2109 349 2374 411; x_wconf 76' lang='lat' dir='ltr'><strong>subjectuS,</strong></span> 
     </span>
     <span class='ocr_line' id='line_1_4' title="bbox 127 418 2376 487; baseline 0 -18"><span class='ocrx_word' id='word_1_30' title='bbox 127 426 201 469; x_wconf 89' lang='lat' dir='ltr'><strong>est</strong></span> <span class='ocrx_word' id='word_1_31' title='bbox 226 418 579 468; x_wconf 86' lang='lat' dir='ltr'><strong>subtrahendus</strong></span> <span class='ocrx_word' id='word_1_32' title='bbox 603 425 853 483; x_wconf 88' lang='lat' dir='ltr'><strong>perpetuo.</strong></span> <span class='ocrx_word' id='word_1_33' title='bbox 914 418 1054 467; x_wconf 83' lang='lat' dir='ltr'><strong>Tunc</strong></span> <span class='ocrx_word' id='word_1_34' title='bbox 1074 435 1188 469; x_wconf 90' lang='lat' dir='ltr'><strong>vero</strong></span> <span class='ocrx_word' id='word_1_35' title='bbox 1213 435 1299 483; x_wconf 91' lang='lat' dir='ltr'><strong>per</strong></span> <span class='ocrx_word' id='word_1_36' title='bbox 1325 421 1634 470; x_wconf 89' lang='lat' dir='ltr'><strong>intervallum</strong></span> <span class='ocrx_word' id='word_1_37' title='bbox 1661 426 1774 470; x_wconf 88' lang='lat' dir='ltr'><strong>anni</strong></span> <span class='ocrx_word' id='word_1_38' title='bbox 1798 426 2032 487; x_wconf 86' lang='lat' dir='ltr'><strong>propositi</strong></span> <span class='ocrx_word' id='word_1_39' title='bbox 2071 424 2132 471; x_wconf 93' lang='lat' dir='ltr'><strong>ab</strong></span> <span class='ocrx_word' id='word_1_40' title='bbox 2161 436 2206 469; x_wconf 92' lang='lat' dir='ltr'><strong>a.</strong></span> <span class='ocrx_word' id='word_1_41' title='bbox 2236 423 2376 469; x_wconf 89' lang='grc'>4000</span> 
     </span>
     <span class='ocr_line' id='line_1_5' title="bbox 128 492 2380 558; baseline 0 -17"><span class='ocrx_word' id='word_1_42' title='bbox 128 509 174 541; x_wconf 89' lang='grc'><strong>3.</strong></span> <span class='ocrx_word' id='word_1_43' title='bbox 203 492 289 540; x_wconf 87' lang='lat' dir='ltr'><strong>Ch.</strong></span> <span class='ocrx_word' id='word_1_44' title='bbox 312 492 531 554; x_wconf 63' lang='lat' dir='ltr'><strong>‘ejusque</strong></span> <span class='ocrx_word' id='word_1_45' title='bbox 559 493 794 556; x_wconf 81' lang='lat' dir='ltr'>epocham</span> <span class='ocrx_word' id='word_1_46' title='bbox 834 493 1096 540; x_wconf 85' lang='lat' dir='ltr'><strong>constituto</strong></span> <span class='ocrx_word' id='word_1_47' title='bbox 1123 499 1407 556; x_wconf 88' lang='lat' dir='ltr'><strong>argumento</strong></span> <span class='ocrx_word' id='word_1_48' title='bbox 1435 494 1583 556; x_wconf 92' lang='lat' dir='ltr'><strong>obliq.</strong></span> <span class='ocrx_word' id='word_1_49' title='bbox 1613 494 1849 557; x_wconf 87' lang='lat' dir='ltr'><strong>cujusque</strong></span> <span class='ocrx_word' id='word_1_50' title='bbox 1875 497 2072 556; x_wconf 84' lang='lat' dir='ltr'><strong>formae,</strong></span> <span class='ocrx_word' id='word_1_51' title='bbox 2102 493 2380 558; x_wconf 89' lang='lat' dir='ltr'><strong>quaerenda</strong></span> 
     </span>
     <span class='ocr_line' id='line_1_6' title="bbox 126 563 2377 630; baseline 0 -18"><span class='ocrx_word' id='word_1_52' title='bbox 126 570 198 612; x_wconf 90' lang='lat' dir='ltr'><strong>est</strong></span> <span class='ocrx_word' id='word_1_53' title='bbox 224 563 504 626; x_wconf 81' lang='lat' dir='ltr'><strong>prosthaph.</strong></span> <span class='ocrx_word' id='word_1_54' title='bbox 532 567 720 627; x_wconf 90' lang='lat' dir='ltr'><strong>aequin.</strong></span> <span class='ocrx_word' id='word_1_55' title='bbox 750 572 798 612; x_wconf 91' lang='lat' dir='ltr'><strong>et</strong></span> <span class='ocrx_word' id='word_1_56' title='bbox 816 563 1040 613; x_wconf 85' lang='lat' dir='ltr'><strong>addenda</strong></span> <span class='ocrx_word' id='word_1_57' title='bbox 1066 565 1142 614; x_wconf 93' lang='lat' dir='ltr'><strong>vel</strong></span> <span class='ocrx_word' id='word_1_58' title='bbox 1168 565 1498 614; x_wconf 88' lang='lat' dir='ltr'><strong>subtrahenda</strong></span> <span class='ocrx_word' id='word_1_59' title='bbox 1531 573 1583 614; x_wconf 94' lang='lat' dir='ltr'><strong>ut</strong></span> <span class='ocrx_word' id='word_1_60' title='bbox 1611 568 1659 612; x_wconf 93' lang='lat' dir='ltr'><strong>in</strong></span> <span class='ocrx_word' id='word_1_61' title='bbox 1687 569 1871 616; x_wconf 89' lang='lat' dir='ltr'><strong>ceteris.</strong></span> <span class='ocrx_word' id='word_1_62' title='bbox 1947 569 2112 617; x_wconf 87' lang='lat' dir='ltr'><strong>Tertio</strong></span> <span class='ocrx_word' id='word_1_63' title='bbox 2138 583 2225 630; x_wconf 89' lang='lat' dir='ltr'><strong>per</strong></span> <span class='ocrx_word' id='word_1_64' title='bbox 2248 565 2377 614; x_wconf 90' lang='lat' dir='ltr'><strong>idem</strong></span> 
     </span>
     <span class='ocr_line' id='line_1_7' title="bbox 122 635 2372 701; baseline 0.001 -18"><span class='ocrx_word' id='word_1_65' title='bbox 122 651 222 699; x_wconf 83' lang='lat' dir='ltr'><strong>arg.</strong></span> <span class='ocrx_word' id='word_1_66' title='bbox 262 635 358 685; x_wconf 89' lang='lat' dir='ltr'><strong>obl.</strong></span> <span class='ocrx_word' id='word_1_67' title='bbox 399 644 683 699; x_wconf 86' lang='lat' dir='ltr'><strong>excerpatur</strong></span> <span class='ocrx_word' id='word_1_68' title='bbox 721 642 769 685; x_wconf 93' lang='lat' dir='ltr'><strong>et</strong></span> <span class='ocrx_word' id='word_1_69' title='bbox 805 639 1026 698; x_wconf 83' lang='lat' dir='ltr'><strong>pensatio</strong></span> <span class='ocrx_word' id='word_1_70' title='bbox 1065 639 1113 685; x_wconf 88' lang='lat' dir='ltr'><strong>in</strong></span> <span class='ocrx_word' id='word_1_71' title='bbox 1151 637 1190 685; x_wconf 92' lang='lat' dir='ltr'><strong>I.</strong></span> <span class='ocrx_word' id='word_1_72' title='bbox 1220 638 1307 686; x_wconf 92' lang='lat' dir='ltr'><strong>IV.</strong></span> <span class='ocrx_word' id='word_1_73' title='bbox 1337 645 1385 687; x_wconf 91' lang='lat' dir='ltr'><strong>et</strong></span> <span class='ocrx_word' id='word_1_74' title='bbox 1410 638 1472 687; x_wconf 93' lang='lat' dir='ltr'><strong>V.</strong></span> <span class='ocrx_word' id='word_1_75' title='bbox 1514 638 1817 701; x_wconf 84' lang='lat' dir='ltr'>addaturque</span> <span class='ocrx_word' id='word_1_76' title='bbox 1857 640 2123 688; x_wconf 88' lang='lat' dir='ltr'><strong>secundum</strong></span> <span class='ocrx_word' id='word_1_77' title='bbox 2161 638 2372 688; x_wconf 87' lang='lat' dir='ltr'><strong>titulum.</strong></span> 
     </span>
    </p>

    <p class='ocr_par' dir='ltr' id='par_1_3' title="bbox 107 708 2387 1282">
     <span class='ocr_line' id='line_1_8' title="bbox 270 708 2382 777; baseline 0.001 -21"><span class='ocrx_word' id='word_1_78' title='bbox 270 708 412 758; x_wconf 87' lang='lat' dir='ltr'><strong>Haec</strong></span> <span class='ocrx_word' id='word_1_79' title='bbox 450 711 520 758; x_wconf 91' lang='lat' dir='ltr'><strong>ita</strong></span> <span class='ocrx_word' id='word_1_80' title='bbox 557 716 670 757; x_wconf 87' lang='lat' dir='ltr'><strong>sunt</strong></span> <span class='ocrx_word' id='word_1_81' title='bbox 707 709 970 772; x_wconf 86' lang='lat' dir='ltr'><strong>disposita,</strong></span> <span class='ocrx_word' id='word_1_82' title='bbox 1028 716 1103 768; x_wconf 92' lang='lat' dir='ltr'><strong>ut,</strong></span> <span class='ocrx_word' id='word_1_83' title='bbox 1158 713 1274 772; x_wconf 85' lang='lat' dir='ltr'><strong>quia</strong></span> <span class='ocrx_word' id='word_1_84' title='bbox 1320 725 1404 773; x_wconf 90' lang='lat' dir='ltr'><strong>per</strong></span> <span class='ocrx_word' id='word_1_85' title='bbox 1457 717 1642 759; x_wconf 91' lang='lat' dir='ltr'><strong>motum</strong></span> <span class='ocrx_word' id='word_1_86' title='bbox 1679 708 1749 777; x_wconf 73' lang='grc' dir='ltr'>Θ</span> <span class='ocrx_word' id='word_1_87' title='bbox 1789 715 2098 774; x_wconf 90' lang='lat' dir='ltr'><strong>aequinoctia</strong></span> <span class='ocrx_word' id='word_1_88' title='bbox 2134 711 2382 776; x_wconf 86' lang='lat' dir='ltr'><strong>Tychonis</strong></span> 
     </span>
     <span class='ocr_line' id='line_1_9' title="bbox 107 780 2378 848; baseline 0 -18"><span class='ocrx_word' id='word_1_89' title='bbox 107 787 175 830; x_wconf 57' lang='lat' dir='ltr'><strong>‘et</strong></span> <span class='ocrx_word' id='word_1_90' title='bbox 199 780 466 845; x_wconf 85' lang='lat' dir='ltr'><strong>Hipparchi</strong></span> <span class='ocrx_word' id='word_1_91' title='bbox 503 783 854 846; x_wconf 87' lang='lat' dir='ltr'><strong>repraesentari</strong></span> <span class='ocrx_word' id='word_1_92' title='bbox 897 796 1018 843; x_wconf 88' lang='lat' dir='ltr'><strong>opus</strong></span> <span class='ocrx_word' id='word_1_93' title='bbox 1046 789 1132 842; x_wconf 91' lang='lat' dir='ltr'><strong>est,</strong></span> <span class='ocrx_word' id='word_1_94' title='bbox 1170 783 1270 844; x_wconf 84' lang='lat' dir='ltr'><strong>jam</strong></span> <span class='ocrx_word' id='word_1_95' title='bbox 1297 783 1417 832; x_wconf 93' lang='lat' dir='ltr'><strong>locis</strong></span> <span class='ocrx_word' id='word_1_96' title='bbox 1450 784 1621 832; x_wconf 87' lang='lat' dir='ltr'><strong>horum</strong></span> <span class='ocrx_word' id='word_1_97' title='bbox 1649 786 2067 846; x_wconf 90' lang='lat' dir='ltr'><strong>aequinoctiorum</strong></span> <span class='ocrx_word' id='word_1_98' title='bbox 2104 800 2189 848; x_wconf 89' lang='lat' dir='ltr'><strong>per</strong></span> <span class='ocrx_word' id='word_1_99' title='bbox 2216 799 2378 834; x_wconf 88' lang='lat' dir='ltr'><strong>earum</strong></span> 
     </span>
     <span class='ocr_line' id='line_1_10' title="bbox 123 854 2382 920; baseline 0.001 -18"><span class='ocrx_word' id='word_1_100' title='bbox 123 854 581 920; x_wconf 85' lang='lat' dir='ltr'><strong>prosthaphaeresin</strong></span> <span class='ocrx_word' id='word_1_101' title='bbox 621 855 948 903; x_wconf 86' lang='lat' dir='ltr'><strong>introductam</strong></span> <span class='ocrx_word' id='word_1_102' title='bbox 986 855 1034 901; x_wconf 89' lang='lat' dir='ltr'><strong>in</strong></span> <span class='ocrx_word' id='word_1_103' title='bbox 1073 855 1280 918; x_wconf 88' lang='lat' dir='ltr'><strong>sphaera</strong></span> <span class='ocrx_word' id='word_1_104' title='bbox 1304 856 1507 904; x_wconf 85' lang='lat' dir='ltr'><strong>fixarum</strong></span> <span class='ocrx_word' id='word_1_105' title='bbox 1547 857 1741 919; x_wconf 88' lang='lat' dir='ltr'><strong>longius</strong></span> <span class='ocrx_word' id='word_1_106' title='bbox 1779 857 1841 905; x_wconf 87' lang='lat' dir='ltr'><strong>ab</strong></span> <span class='ocrx_word' id='word_1_107' title='bbox 1878 859 2087 906; x_wconf 89' lang='lat' dir='ltr'><strong>invicem</strong></span> <span class='ocrx_word' id='word_1_108' title='bbox 2125 857 2382 905; x_wconf 88' lang='lat' dir='ltr'><strong>disceden-</strong></span> 
     </span>
     <span class='ocr_line' id='line_1_11' title="bbox 126 927 2382 992; baseline 0.001 -17"><span class='ocrx_word' id='word_1_109' title='bbox 126 928 271 987; x_wconf 83' lang='lat' dir='ltr'><strong>tibus,</strong></span> <span class='ocrx_word' id='word_1_110' title='bbox 311 927 440 976; x_wconf 88' lang='lat' dir='ltr'><strong>Solis</strong></span> <span class='ocrx_word' id='word_1_111' title='bbox 468 928 662 990; x_wconf 89' lang='lat' dir='ltr'><strong>quidem</strong></span> <span class='ocrx_word' id='word_1_112' title='bbox 689 935 849 976; x_wconf 87' lang='lat' dir='ltr'><strong>motus</strong></span> <span class='ocrx_word' id='word_1_113' title='bbox 874 941 960 988; x_wconf 89' lang='lat' dir='ltr'><strong>per</strong></span> <span class='ocrx_word' id='word_1_114' title='bbox 982 931 1321 990; x_wconf 88' lang='lat' dir='ltr'><strong>pensationem</strong></span> <span class='ocrx_word' id='word_1_115' title='bbox 1347 928 1590 989; x_wconf 86' lang='lat' dir='ltr'><strong>alteretur,</strong></span> <span class='ocrx_word' id='word_1_116' title='bbox 1632 935 1866 991; x_wconf 92' lang='lat' dir='ltr'><strong>quantum</strong></span> <span class='ocrx_word' id='word_1_117' title='bbox 1910 929 2175 978; x_wconf 82' lang='lat' dir='ltr'><strong>differentia</strong></span> <span class='ocrx_word' id='word_1_118' title='bbox 2198 930 2382 992; x_wconf 89' lang='lat' dir='ltr'><strong>prosth.</strong></span> 
     </span>
     <span class='ocr_line' id='line_1_12' title="bbox 125 998 2380 1066; baseline 0.002 -19"><span class='ocrx_word' id='word_1_119' title='bbox 125 999 367 1062; x_wconf 88' lang='lat' dir='ltr'><strong>postulat,</strong></span> <span class='ocrx_word' id='word_1_120' title='bbox 415 999 546 1049; x_wconf 85' lang='lat' dir='ltr'><strong>Solis</strong></span> <span class='ocrx_word' id='word_1_121' title='bbox 583 1007 746 1049; x_wconf 89' lang='lat' dir='ltr'><strong>tamen</strong></span> <span class='ocrx_word' id='word_1_122' title='bbox 787 1007 835 1047; x_wconf 88' lang='lat' dir='ltr'><strong>et</strong></span> <span class='ocrx_word' id='word_1_123' title='bbox 873 998 1076 1047; x_wconf 89' lang='lat' dir='ltr'><strong>fixarum</strong></span> <span class='ocrx_word' id='word_1_124' title='bbox 1115 1017 1162 1049; x_wconf 89' lang='lat' dir='ltr'><strong>a.</strong></span> <span class='ocrx_word' id='word_1_125' title='bbox 1205 1003 1342 1049; x_wconf 82' lang='lat'>1588</span> <span class='ocrx_word' id='word_1_126' title='bbox 1392 1003 1457 1049; x_wconf 89' lang='lat' dir='ltr'><strong>sit</strong></span> <span class='ocrx_word' id='word_1_127' title='bbox 1493 1001 1621 1050; x_wconf 91' lang='lat' dir='ltr'><strong>idem</strong></span> <span class='ocrx_word' id='word_1_128' title='bbox 1660 1001 1994 1062; x_wconf 87' lang='lat' dir='ltr'><strong>intervallum,</strong></span> <span class='ocrx_word' id='word_1_129' title='bbox 2043 1001 2174 1064; x_wconf 91' lang='lat' dir='ltr'><strong>quod</strong></span> <span class='ocrx_word' id='word_1_130' title='bbox 2210 1001 2380 1066; x_wconf 85' lang='lat' dir='ltr'><strong>Tycho</strong></span> 
     </span>
     <span class='ocr_line' id='line_1_13' title="bbox 131 1071 2386 1137; baseline 0.001 -16"><span class='ocrx_word' id='word_1_131' title='bbox 131 1073 376 1122; x_wconf 87' lang='lat' dir='ltr'><strong>stabilivit</strong></span> <span class='ocrx_word' id='word_1_132' title='bbox 414 1073 850 1122; x_wconf 63' lang='lat' dir='ltr'><strong>observationibus</strong></span> <span class='ocrx_word' id='word_1_133' title='bbox 896 1071 1106 1135; x_wconf 1' lang='lat' dir='ltr'><strong>,Itaque</strong></span> <span class='ocrx_word' id='word_1_134' title='bbox 1160 1073 1222 1122; x_wconf 89' lang='lat' dir='ltr'><strong>ad</strong></span> <span class='ocrx_word' id='word_1_135' title='bbox 1261 1072 1530 1137; x_wconf 79' lang='lat' dir='ltr'><strong>Hipparchi</strong></span> <span class='ocrx_word' id='word_1_136' title='bbox 1568 1082 1787 1137; x_wconf 89' lang='lat' dir='ltr'><strong>tempora</strong></span> <span class='ocrx_word' id='word_1_137' title='bbox 1834 1075 1939 1136; x_wconf 85' lang='lat' dir='ltr'><strong>jam</strong></span> <span class='ocrx_word' id='word_1_138' title='bbox 1990 1074 2287 1123; x_wconf 88' lang='lat' dir='ltr'><strong>divelluntur</strong></span> <span class='ocrx_word' id='word_1_139' title='bbox 2323 1075 2386 1124; x_wconf 88' lang='lat' dir='ltr'><strong>ab</strong></span> 
     </span>
     <span class='ocr_line' id='line_1_14' title="bbox 130 1142 2387 1211; baseline 0.001 -19"><span class='ocrx_word' id='word_1_140' title='bbox 130 1146 342 1195; x_wconf 88' lang='lat' dir='ltr'><strong>invicem</strong></span> <span class='ocrx_word' id='word_1_141' title='bbox 379 1142 449 1211; x_wconf 68' lang='lat' dir='ltr'><strong>Q)</strong></span> <span class='ocrx_word' id='word_1_142' title='bbox 490 1152 538 1195; x_wconf 93' lang='lat' dir='ltr'><strong>et</strong></span> <span class='ocrx_word' id='word_1_143' title='bbox 573 1146 722 1207; x_wconf 84' lang='lat' dir='ltr'><strong>fixae,</strong></span> <span class='ocrx_word' id='word_1_144' title='bbox 776 1147 934 1193; x_wconf 88' lang='lat' dir='ltr'><strong>minus</strong></span> <span class='ocrx_word' id='word_1_145' title='bbox 972 1151 1134 1194; x_wconf 90' lang='lat' dir='ltr'><strong>tamen</strong></span> <span class='ocrx_word' id='word_1_146' title='bbox 1174 1161 1320 1208; x_wconf 90' lang='lat' dir='ltr'><strong>quam</strong></span> <span class='ocrx_word' id='word_1_147' title='bbox 1360 1147 1664 1196; x_wconf 86' lang='lat' dir='ltr'><strong>observando</strong></span> <span class='ocrx_word' id='word_1_148' title='bbox 1704 1148 1936 1210; x_wconf 84' lang='lat' dir='ltr'><strong>consequi</strong></span> <span class='ocrx_word' id='word_1_149' title='bbox 1975 1149 2133 1210; x_wconf 88' lang='lat' dir='ltr'><strong>potuit</strong></span> <span class='ocrx_word' id='word_1_150' title='bbox 2170 1146 2387 1210; x_wconf 90' lang='lat' dir='ltr'><strong>Hippar-</strong></span> 
     </span>
     <span class='ocr_line' id='line_1_15' title="bbox 130 1218 2382 1282; baseline 0 -14"><span class='ocrx_word' id='word_1_151' title='bbox 130 1218 275 1281; x_wconf 84' lang='lat' dir='ltr'><strong>chus3</strong></span> <span class='ocrx_word' id='word_1_152' title='bbox 328 1219 621 1281; x_wconf 88' lang='lat' dir='ltr'><strong>reliquorum</strong></span> <span class='ocrx_word' id='word_1_153' title='bbox 660 1226 935 1281; x_wconf 88' lang='lat' dir='ltr'><strong>temporum</strong></span> <span class='ocrx_word' id='word_1_154' title='bbox 973 1221 1096 1267; x_wconf 87' lang='lat' dir='ltr'><strong>ratio</strong></span> <span class='ocrx_word' id='word_1_155' title='bbox 1135 1219 1271 1268; x_wconf 90' lang='lat' dir='ltr'><strong>nulla</strong></span> <span class='ocrx_word' id='word_1_156' title='bbox 1307 1220 1398 1268; x_wconf 84' lang='lat' dir='ltr'><strong>suit</strong></span> <span class='ocrx_word' id='word_1_157' title='bbox 1436 1220 1630 1281; x_wconf 86' lang='lat' dir='ltr'><strong>habita,</strong></span> <span class='ocrx_word' id='word_1_158' title='bbox 1682 1221 1772 1269; x_wconf 92' lang='lat' dir='ltr'><strong>etsi</strong></span> <span class='ocrx_word' id='word_1_159' title='bbox 1812 1219 2044 1269; x_wconf 83' lang='lat' dir='ltr'><strong>discessio</strong></span> <span class='ocrx_word' id='word_1_160' title='bbox 2081 1220 2136 1268; x_wconf 86' lang='lat' dir='ltr'><strong>fit</strong></span> <span class='ocrx_word' id='word_1_161' title='bbox 2172 1219 2382 1282; x_wconf 78' lang='lat' dir='ltr'><strong>longius·</strong></span> 
     </span>
    </p>

    <p class='ocr_par' dir='ltr' id='par_1_4' title="bbox 128 1290 2407 1793">
     <span class='ocr_line' id='line_1_16' title="bbox 274 1290 2388 1358; baseline 0.001 -20"><span class='ocrx_word' id='word_1_162' title='bbox 274 1291 486 1340; x_wconf 90' lang='lat' dir='ltr'><strong>Praec.</strong></span> <span class='ocrx_word' id='word_1_163' title='bbox 531 1293 673 1340; x_wconf 60' lang='lat'><strong>192</strong></span> <span class='ocrx_word' id='word_1_164' title='bbox 729 1292 918 1340; x_wconf 88' lang='lat' dir='ltr'><strong>Passim</strong></span> <span class='ocrx_word' id='word_1_165' title='bbox 967 1294 1115 1340; x_wconf 89' lang='lat' dir='ltr'><strong>etiam</strong></span> <span class='ocrx_word' id='word_1_166' title='bbox 1155 1291 1439 1342; x_wconf 88' lang='lat' dir='ltr'><strong>deseruntur</strong></span> <span class='ocrx_word' id='word_1_167' title='bbox 1486 1292 1701 1342; x_wconf 82' lang='lat' dir='ltr'><strong>carceres</strong></span> <span class='ocrx_word' id='word_1_168' title='bbox 1739 1299 1958 1340; x_wconf 91' lang='lat' dir='ltr'><strong>motuum</strong></span> <span class='ocrx_word' id='word_1_169' title='bbox 1995 1290 2087 1358; x_wconf 73' lang='grc' dir='ltr'><strong>Θ,</strong></span> <span class='ocrx_word' id='word_1_170' title='bbox 2143 1308 2174 1340; x_wconf 89' lang='grc'><strong>3</strong></span> <span class='ocrx_word' id='word_1_171' title='bbox 2211 1293 2388 1354; x_wconf 88' lang='lat' dir='ltr'><strong>quibus</strong></span> 
     </span>
     <span class='ocr_line' id='line_1_17' title="bbox 129 1362 2407 1427; baseline 0.001 -17"><span class='ocrx_word' id='word_1_172' title='bbox 129 1362 239 1411; x_wconf 90' lang='lat' dir='ltr'><strong>illos</strong></span> <span class='ocrx_word' id='word_1_173' title='bbox 276 1363 545 1427; x_wconf 86' lang='lat' dir='ltr'><strong>prosiliisse</strong></span> <span class='ocrx_word' id='word_1_174' title='bbox 574 1365 839 1413; x_wconf 90' lang='lat' dir='ltr'><strong>verisimile</strong></span> <span class='ocrx_word' id='word_1_175' title='bbox 867 1374 940 1415; x_wconf 85' lang='lat' dir='ltr'><strong>cst</strong></span> <span class='ocrx_word' id='word_1_176' title='bbox 972 1369 1069 1425; x_wconf 82' lang='lat' dir='ltr'><strong>(cfr.</strong></span> <span class='ocrx_word' id='word_1_177' title='bbox 1104 1383 1236 1422; x_wconf 81' lang='lat' dir='ltr'><strong>praec.</strong></span> <span class='ocrx_word' id='word_1_178' title='bbox 1274 1374 1372 1414; x_wconf 87' lang='lat'>181.</span> <span class='ocrx_word' id='word_1_179' title='bbox 1404 1372 1477 1414; x_wconf 83' lang='lat' dir='ltr'><strong>fol.</strong></span> <span class='ocrx_word' id='word_1_180' title='bbox 1511 1368 1662 1426; x_wconf 83' lang='lat'>709.):</span> <span class='ocrx_word' id='word_1_181' title='bbox 1703 1365 1827 1414; x_wconf 87' lang='lat' dir='ltr'><strong>adeo</strong></span> <span class='ocrx_word' id='word_1_182' title='bbox 1866 1371 2016 1413; x_wconf 88' lang='lat' dir='ltr'><strong>totam</strong></span> <span class='ocrx_word' id='word_1_183' title='bbox 2042 1365 2407 1414; x_wconf 41' lang='lat' dir='ltr'><strong>astronomiam*</strong></span> 
     </span>
     <span class='ocr_line' id='line_1_18' title="bbox 130 1435 2390 1500; baseline 0 -15"><span class='ocrx_word' id='word_1_184' title='bbox 130 1450 314 1498; x_wconf 82' lang='lat' dir='ltr'><strong>susque</strong></span> <span class='ocrx_word' id='word_1_185' title='bbox 353 1435 510 1499; x_wconf 88' lang='lat' dir='ltr'><strong>deque</strong></span> <span class='ocrx_word' id='word_1_186' title='bbox 547 1437 639 1486; x_wconf 88' lang='lat' dir='ltr'><strong>fert</strong></span> <span class='ocrx_word' id='word_1_187' title='bbox 681 1437 805 1486; x_wconf 85' lang='lat' dir='ltr'><strong>haec</strong></span> <span class='ocrx_word' id='word_1_188' title='bbox 842 1438 1054 1488; x_wconf 85' lang='lat' dir='ltr'><strong>incertae</strong></span> <span class='ocrx_word' id='word_1_189' title='bbox 1091 1437 1204 1486; x_wconf 90' lang='lat' dir='ltr'><strong>fidei</strong></span> <span class='ocrx_word' id='word_1_190' title='bbox 1242 1437 1692 1500; x_wconf 85' lang='lat' dir='ltr'><strong>prosthaphaeresis</strong></span> <span class='ocrx_word' id='word_1_191' title='bbox 1732 1440 2151 1500; x_wconf 88' lang='lat' dir='ltr'><strong>aequinoctiorum</strong></span> <span class='ocrx_word' id='word_1_192' title='bbox 2197 1439 2245 1484; x_wconf 87' lang='lat' dir='ltr'><strong>in</strong></span> <span class='ocrx_word' id='word_1_193' title='bbox 2286 1437 2390 1486; x_wconf 89' lang='lat' dir='ltr'><strong>cal—</strong></span> 
     </span>
     <span class='ocr_line' id='line_1_19' title="bbox 129 1508 2384 1573; baseline -0 -16"><span class='ocrx_word' id='word_1_194' title='bbox 129 1509 288 1557; x_wconf 90' lang='lat' dir='ltr'><strong>culum</strong></span> <span class='ocrx_word' id='word_1_195' title='bbox 327 1516 538 1573; x_wconf 83' lang='lat' dir='ltr'><strong>recepta.</strong></span> <span class='ocrx_word' id='word_1_196' title='bbox 605 1508 732 1572; x_wconf 84' lang='lat' dir='ltr'><strong>Quin</strong></span> <span class='ocrx_word' id='word_1_197' title='bbox 771 1512 916 1559; x_wconf 92' lang='lat' dir='ltr'><strong>etiam</strong></span> <span class='ocrx_word' id='word_1_198' title='bbox 955 1525 1110 1559; x_wconf 90' lang='lat' dir='ltr'><strong>annus</strong></span> <span class='ocrx_word' id='word_1_199' title='bbox 1149 1509 1364 1559; x_wconf 90' lang='lat' dir='ltr'><strong>sidereus</strong></span> <span class='ocrx_word' id='word_1_200' title='bbox 1403 1512 1450 1557; x_wconf 92' lang='lat' dir='ltr'><strong>in</strong></span> <span class='ocrx_word' id='word_1_201' title='bbox 1489 1512 1655 1559; x_wconf 81' lang='lat' dir='ltr'><strong>formis</strong></span> <span class='ocrx_word' id='word_1_202' title='bbox 1680 1510 1719 1558; x_wconf 91' lang='lat' dir='ltr'><strong>I.</strong></span> <span class='ocrx_word' id='word_1_203' title='bbox 1760 1510 1848 1559; x_wconf 92' lang='lat' dir='ltr'><strong>IV.</strong></span> <span class='ocrx_word' id='word_1_204' title='bbox 1889 1518 1937 1559; x_wconf 92' lang='lat' dir='ltr'><strong>ct</strong></span> <span class='ocrx_word' id='word_1_205' title='bbox 1962 1509 2023 1559; x_wconf 90' lang='lat' dir='ltr'><strong>V.</strong></span> <span class='ocrx_word' id='word_1_206' title='bbox 2063 1517 2198 1559; x_wconf 91' lang='lat' dir='ltr'><strong>tanto</strong></span> <span class='ocrx_word' id='word_1_207' title='bbox 2239 1509 2384 1558; x_wconf 70' lang='lat' dir='ltr'><strong>dimi-</strong></span> 
     </span>
     <span class='ocr_line' id='line_1_20' title="bbox 128 1582 2387 1646; baseline 0.001 -17"><span class='ocrx_word' id='word_1_208' title='bbox 128 1583 293 1629; x_wconf 86' lang='lat' dir='ltr'><strong>nuitur</strong></span> <span class='ocrx_word' id='word_1_209' title='bbox 331 1582 393 1631; x_wconf 91' lang='lat' dir='ltr'><strong>ab</strong></span> <span class='ocrx_word' id='word_1_210' title='bbox 434 1582 539 1644; x_wconf 89' lang='lat' dir='ltr'><strong>ejus</strong></span> <span class='ocrx_word' id='word_1_211' title='bbox 579 1583 849 1644; x_wconf 89' lang='lat' dir='ltr'><strong>quantitate</strong></span> <span class='ocrx_word' id='word_1_212' title='bbox 887 1584 1075 1643; x_wconf 90' lang='lat' dir='ltr'><strong>media,</strong></span> <span class='ocrx_word' id='word_1_213' title='bbox 1130 1597 1276 1646; x_wconf 89' lang='lat' dir='ltr'><strong>quam</strong></span> <span class='ocrx_word' id='word_1_214' title='bbox 1325 1582 1522 1632; x_wconf 88' lang='lat' dir='ltr'><strong>exhibet</strong></span> <span class='ocrx_word' id='word_1_215' title='bbox 1560 1598 1739 1644; x_wconf 82' lang='lat' dir='ltr'><strong>canon,</strong></span> <span class='ocrx_word' id='word_1_216' title='bbox 1795 1590 2006 1646; x_wconf 91' lang='lat' dir='ltr'><strong>quantus</strong></span> <span class='ocrx_word' id='word_1_217' title='bbox 2055 1584 2109 1631; x_wconf 91' lang='lat' dir='ltr'><strong>fit</strong></span> <span class='ocrx_word' id='word_1_218' title='bbox 2148 1584 2387 1646; x_wconf 89' lang='lat' dir='ltr'><strong>quotiens,</strong></span> 
     </span>
     <span class='ocr_line' id='line_1_21' title="bbox 128 1652 2387 1721; baseline 0 -18"><span class='ocrx_word' id='word_1_219' title='bbox 128 1656 171 1703; x_wconf 85' lang='lat' dir='ltr'><strong>si</strong></span> <span class='ocrx_word' id='word_1_220' title='bbox 208 1669 294 1717; x_wconf 89' lang='lat' dir='ltr'><strong>per</strong></span> <span class='ocrx_word' id='word_1_221' title='bbox 332 1654 555 1703; x_wconf 87' lang='lat' dir='ltr'><strong>diurnum</strong></span> <span class='ocrx_word' id='word_1_222' title='bbox 594 1652 663 1721; x_wconf 75' lang='grc' dir='ltr'>Θ</span> <span class='ocrx_word' id='word_1_223' title='bbox 702 1655 916 1706; x_wconf 90' lang='lat' dir='ltr'><strong>medium</strong></span> <span class='ocrx_word' id='word_1_224' title='bbox 965 1659 994 1704; x_wconf 84' lang='lat' dir='ltr'><strong>a</strong></span> <span class='ocrx_word' id='word_1_225' title='bbox 1030 1655 1139 1704; x_wconf 83' lang='lat' dir='ltr'><strong>fixis</strong></span> <span class='ocrx_word' id='word_1_226' title='bbox 1188 1655 1379 1705; x_wconf 87' lang='lat' dir='ltr'><strong>dividas</strong></span> <span class='ocrx_word' id='word_1_227' title='bbox 1427 1656 1746 1706; x_wconf 86' lang='lat' dir='ltr'><strong>differentiam</strong></span> <span class='ocrx_word' id='word_1_228' title='bbox 1793 1658 2135 1719; x_wconf 89' lang='lat' dir='ltr'><strong>pensationum</strong></span> <span class='ocrx_word' id='word_1_229' title='bbox 2184 1655 2247 1705; x_wconf 89' lang='lat' dir='ltr'><strong>ad</strong></span> <span class='ocrx_word' id='word_1_230' title='bbox 2295 1658 2387 1703; x_wconf 93' lang='lat' dir='ltr'><strong>ini-</strong></span> 
     </span>
     <span class='ocr_line' id='line_1_22' title="bbox 131 1727 1270 1793; baseline 0.002 -18"><span class='ocrx_word' id='word_1_231' title='bbox 131 1728 252 1775; x_wconf 89' lang='lat' dir='ltr'><strong>tium</strong></span> <span class='ocrx_word' id='word_1_232' title='bbox 291 1733 338 1776; x_wconf 89' lang='lat' dir='ltr'><strong>et</strong></span> <span class='ocrx_word' id='word_1_233' title='bbox 373 1727 520 1777; x_wconf 90' lang='lat' dir='ltr'><strong>finem</strong></span> <span class='ocrx_word' id='word_1_234' title='bbox 559 1728 858 1778; x_wconf 89' lang='lat' dir='ltr'><strong>sidereorum</strong></span> <span class='ocrx_word' id='word_1_235' title='bbox 894 1731 1270 1793; x_wconf 84' lang='lat' dir='ltr'><strong>propositorum.</strong></span> 
     </span>
    </p>

    <p class='ocr_par' dir='ltr' id='par_1_5' title="bbox 130 1799 2392 2302">
     <span class='ocr_line' id='line_1_23' title="bbox 274 1799 2391 1870; baseline 0 -23"><span class='ocrx_word' id='word_1_236' title='bbox 274 1799 504 1863; x_wconf 46' lang='lat' dir='ltr'><strong>Praec.,</strong></span> <span class='ocrx_word' id='word_1_237' title='bbox 536 1802 651 1850; x_wconf 89' lang='grc'><strong>193.</strong></span> <span class='ocrx_word' id='word_1_238' title='bbox 728 1801 844 1851; x_wconf 86' lang='lat' dir='ltr'><strong>Jam</strong></span> <span class='ocrx_word' id='word_1_239' title='bbox 898 1802 1029 1865; x_wconf 89' lang='lat' dir='ltr'><strong>quod</strong></span> <span class='ocrx_word' id='word_1_240' title='bbox 1082 1802 1266 1865; x_wconf 88' lang='lat' dir='ltr'><strong>prosth.</strong></span> <span class='ocrx_word' id='word_1_241' title='bbox 1324 1803 1768 1863; x_wconf 86' lang='lat' dir='ltr'><strong>aequinoctiorum,</strong></span> <span class='ocrx_word' id='word_1_242' title='bbox 1827 1803 2048 1850; x_wconf 84' lang='lat' dir='ltr'><strong>variatae</strong></span> <span class='ocrx_word' id='word_1_243' title='bbox 2087 1801 2391 1870; x_wconf 64' lang='lat' dir='ltr'><strong>obliquitatis</strong></span> 
     </span>
     <span class='ocr_line' id='line_1_24' title="bbox 130 1872 2392 1938; baseline -0 -17"><span class='ocrx_word' id='word_1_244' title='bbox 130 1872 247 1931; x_wconf 88' lang='lat' dir='ltr'><strong>filia,</strong></span> <span class='ocrx_word' id='word_1_245' title='bbox 293 1875 459 1922; x_wconf 88' lang='lat' dir='ltr'><strong>nocuit</strong></span> <span class='ocrx_word' id='word_1_246' title='bbox 496 1873 699 1922; x_wconf 85' lang='lat' dir='ltr'><strong>fixarum</strong></span> <span class='ocrx_word' id='word_1_247' title='bbox 737 1876 1044 1938; x_wconf 85' lang='lat' dir='ltr'><strong>longitudini,</strong></span> <span class='ocrx_word' id='word_1_248' title='bbox 1084 1874 1212 1923; x_wconf 90' lang='lat' dir='ltr'><strong>idem</strong></span> <span class='ocrx_word' id='word_1_249' title='bbox 1251 1875 1349 1924; x_wconf 83' lang='lat' dir='ltr'><strong>fere</strong></span> <span class='ocrx_word' id='word_1_250' title='bbox 1391 1876 1597 1922; x_wconf 86' lang='lat' dir='ltr'><strong>variatio</strong></span> <span class='ocrx_word' id='word_1_251' title='bbox 1626 1873 1927 1937; x_wconf 87' lang='lat' dir='ltr'><strong>obliquitatis</strong></span> <span class='ocrx_word' id='word_1_252' title='bbox 1953 1876 2062 1938; x_wconf 88' lang='lat' dir='ltr'><strong>ipsa</strong></span> <span class='ocrx_word' id='word_1_253' title='bbox 2097 1882 2237 1922; x_wconf 85' lang='lat' dir='ltr'><strong>nocet</strong></span> <span class='ocrx_word' id='word_1_254' title='bbox 2275 1874 2392 1921; x_wconf 87' lang='lat' dir='ltr'><strong>lati-</strong></span> 
     </span>
     <span class='ocr_line' id='line_1_25' title="bbox 133 1946 2391 2011; baseline 0 -17"><span class='ocrx_word' id='word_1_255' title='bbox 133 1946 306 2006; x_wconf 90' lang='lat' dir='ltr'><strong>tudini,</strong></span> <span class='ocrx_word' id='word_1_256' title='bbox 346 1952 400 1994; x_wconf 91' lang='lat' dir='ltr'><strong>ut</strong></span> <span class='ocrx_word' id='word_1_257' title='bbox 437 1961 533 1995; x_wconf 89' lang='lat' dir='ltr'><strong>non</strong></span> <span class='ocrx_word' id='word_1_258' title='bbox 572 1962 766 1996; x_wconf 88' lang='lat' dir='ltr'><strong>manere</strong></span> <span class='ocrx_word' id='word_1_259' title='bbox 797 1951 961 2011; x_wconf 62' lang='lat' dir='ltr'><strong>,possit</strong></span> <span class='ocrx_word' id='word_1_260' title='bbox 998 1947 1166 1997; x_wconf 88' lang='lat' dir='ltr'><strong>eadem</strong></span> <span class='ocrx_word' id='word_1_261' title='bbox 1205 1962 1292 2010; x_wconf 90' lang='lat' dir='ltr'><strong>per</strong></span> <span class='ocrx_word' id='word_1_262' title='bbox 1331 1948 1493 1995; x_wconf 92' lang='lat' dir='ltr'><strong>omnia</strong></span> <span class='ocrx_word' id='word_1_263' title='bbox 1530 1947 1710 2008; x_wconf 85' lang='lat' dir='ltr'><strong>secula,</strong></span> <span class='ocrx_word' id='word_1_264' title='bbox 1751 1947 1973 2010; x_wconf 86' lang='lat' dir='ltr'><strong>adeoque</strong></span> <span class='ocrx_word' id='word_1_265' title='bbox 2009 1948 2154 1995; x_wconf 87' lang='lat' dir='ltr'><strong>etiam</strong></span> <span class='ocrx_word' id='word_1_266' title='bbox 2183 1946 2391 1994; x_wconf 91' lang='lat' dir='ltr'><strong>limitum</strong></span> 
     </span>
     <span class='ocr_line' id='line_1_26' title="bbox 135 2019 2390 2083; baseline 0 -17"><span class='ocrx_word' id='word_1_267' title='bbox 135 2019 512 2082; x_wconf 86' lang='lat' dir='ltr'><strong>planetariorum</strong></span> <span class='ocrx_word' id='word_1_268' title='bbox 550 2020 800 2069; x_wconf 88' lang='lat' dir='ltr'><strong>inclinatio</strong></span> <span class='ocrx_word' id='word_1_269' title='bbox 838 2021 1001 2071; x_wconf 90' lang='lat' dir='ltr'><strong>labem</strong></span> <span class='ocrx_word' id='word_1_270' title='bbox 1042 2020 1245 2069; x_wconf 88' lang='lat' dir='ltr'><strong>eandem</strong></span> <span class='ocrx_word' id='word_1_271' title='bbox 1283 2022 1535 2069; x_wconf 56' lang='lat' dir='ltr'><strong>sustineam</strong></span> <span class='ocrx_word' id='word_1_272' title='bbox 1610 2020 1737 2068; x_wconf 89' lang='lat' dir='ltr'><strong>Nam</strong></span> <span class='ocrx_word' id='word_1_273' title='bbox 1774 2023 1816 2068; x_wconf 90' lang='lat' dir='ltr'><strong>si</strong></span> <span class='ocrx_word' id='word_1_274' title='bbox 1852 2022 2100 2083; x_wconf 74' lang='lat' dir='ltr'><strong>ponimuS,</strong></span> <span class='ocrx_word' id='word_1_275' title='bbox 2143 2034 2241 2068; x_wconf 93' lang='lat' dir='ltr'><strong>non</strong></span> <span class='ocrx_word' id='word_1_276' title='bbox 2279 2033 2390 2067; x_wconf 90' lang='lat' dir='ltr'><strong>mu-</strong></span> 
     </span>
     <span class='ocr_line' id='line_1_27' title="bbox 130 2091 2389 2157; baseline 0 -18"><span class='ocrx_word' id='word_1_277' title='bbox 130 2092 226 2139; x_wconf 89' lang='lat' dir='ltr'><strong>tari</strong></span> <span class='ocrx_word' id='word_1_278' title='bbox 266 2091 603 2155; x_wconf 86' lang='lat' dir='ltr'><strong>obliquitatem</strong></span> <span class='ocrx_word' id='word_1_279' title='bbox 643 2093 918 2157; x_wconf 85' lang='lat' dir='ltr'><strong>eclipticae,</strong></span> <span class='ocrx_word' id='word_1_280' title='bbox 971 2093 1106 2142; x_wconf 90' lang='lat' dir='ltr'><strong>nulla</strong></span> <span class='ocrx_word' id='word_1_281' title='bbox 1159 2095 1306 2156; x_wconf 87' lang='lat' dir='ltr'><strong>igitur</strong></span> <span class='ocrx_word' id='word_1_282' title='bbox 1343 2107 1500 2156; x_wconf 90' lang='lat' dir='ltr'><strong>neque</strong></span> <span class='ocrx_word' id='word_1_283' title='bbox 1538 2091 1848 2141; x_wconf 88' lang='lat' dir='ltr'><strong>latitudinum</strong></span> <span class='ocrx_word' id='word_1_284' title='bbox 1897 2093 1979 2141; x_wconf 91' lang='lat' dir='ltr'><strong>fiet</strong></span> <span class='ocrx_word' id='word_1_285' title='bbox 2014 2094 2218 2141; x_wconf 85' lang='lat' dir='ltr'><strong>mutatio</strong></span> <span class='ocrx_word' id='word_1_286' title='bbox 2270 2106 2389 2155; x_wconf 84' lang='lat' dir='ltr'><strong>pos-</strong></span> 
     </span>
     <span class='ocr_line' id='line_1_28' title="bbox 139 2165 2390 2230; baseline 0 -19"><span class='ocrx_word' id='word_1_287' title='bbox 139 2179 403 2228; x_wconf 87' lang='lat' dir='ltr'><strong>sumusque</strong></span> <span class='ocrx_word' id='word_1_288' title='bbox 442 2166 502 2213; x_wconf 86' lang='lat' dir='ltr'><strong>iis</strong></span> <span class='ocrx_word' id='word_1_289' title='bbox 541 2168 612 2215; x_wconf 92' lang='lat' dir='ltr'><strong>uti</strong></span> <span class='ocrx_word' id='word_1_290' title='bbox 649 2172 703 2214; x_wconf 92' lang='lat' dir='ltr'><strong>ut</strong></span> <span class='ocrx_word' id='word_1_291' title='bbox 742 2168 1049 2230; x_wconf 77' lang='lat' dir='ltr'><strong>perennibuS,</strong></span> <span class='ocrx_word' id='word_1_292' title='bbox 1088 2181 1210 2228; x_wconf 90' lang='lat' dir='ltr'><strong>quas</strong></span> <span class='ocrx_word' id='word_1_293' title='bbox 1238 2165 1457 2214; x_wconf 90' lang='lat' dir='ltr'><strong>Braheus</strong></span> <span class='ocrx_word' id='word_1_294' title='bbox 1494 2165 1700 2227; x_wconf 88' lang='lat' dir='ltr'><strong>singulis</strong></span> <span class='ocrx_word' id='word_1_295' title='bbox 1739 2165 1801 2213; x_wconf 91' lang='lat' dir='ltr'><strong>ad</strong></span> <span class='ocrx_word' id='word_1_296' title='bbox 1840 2180 2018 2214; x_wconf 90' lang='lat' dir='ltr'><strong>annum</strong></span> <span class='ocrx_word' id='word_1_297' title='bbox 2053 2166 2191 2213; x_wconf 90' lang='grc'><strong>1600</strong></span> <span class='ocrx_word' id='word_1_298' title='bbox 2231 2165 2390 2227; x_wconf 85' lang='lat' dir='ltr'><strong>assig-</strong></span> 
     </span>
     <span class='ocr_line' id='line_1_29' title="bbox 133 2236 2391 2302; baseline 0 -18"><span class='ocrx_word' id='word_1_299' title='bbox 133 2239 271 2285; x_wconf 88' lang='lat' dir='ltr'><strong>navit</strong></span> <span class='ocrx_word' id='word_1_300' title='bbox 316 2241 377 2285; x_wconf 86' lang='lat' dir='ltr'><strong>in.</strong></span> <span class='ocrx_word' id='word_1_301' title='bbox 415 2237 658 2301; x_wconf 90' lang='lat' dir='ltr'><strong>catalogo.</strong></span> <span class='ocrx_word' id='word_1_302' title='bbox 735 2238 1043 2302; x_wconf 83' lang='lat' dir='ltr'><strong>Quamquam</strong></span> <span class='ocrx_word' id='word_1_303' title='bbox 1092 2239 1201 2286; x_wconf 92' lang='lat' dir='ltr'><strong>finis</strong></span> <span class='ocrx_word' id='word_1_304' title='bbox 1247 2253 1336 2287; x_wconf 92' lang='lat' dir='ltr'><strong>seu</strong></span> <span class='ocrx_word' id='word_1_305' title='bbox 1380 2253 1498 2286; x_wconf 89' lang='lat' dir='ltr'><strong>usus</strong></span> <span class='ocrx_word' id='word_1_306' title='bbox 1553 2239 1683 2300; x_wconf 91' lang='lat' dir='ltr'><strong>ipse,</strong></span> <span class='ocrx_word' id='word_1_307' title='bbox 1745 2238 1806 2287; x_wconf 94' lang='lat' dir='ltr'><strong>ob</strong></span> <span class='ocrx_word' id='word_1_308' title='bbox 1855 2252 1999 2300; x_wconf 91' lang='lat' dir='ltr'><strong>quem</strong></span> <span class='ocrx_word' id='word_1_309' title='bbox 2054 2239 2229 2300; x_wconf 85' lang='lat' dir='ltr'><strong>inquiri</strong></span> <span class='ocrx_word' id='word_1_310' title='bbox 2267 2236 2391 2285; x_wconf 89' lang='lat' dir='ltr'><strong>solet</strong></span> 
     </span>
    </p>
   </div>
   <div class='ocr_carea' id='block_1_3' title="bbox 134 2309 2473 2374">
    <p class='ocr_par' dir='ltr' id='par_1_6' title="bbox 134 2309 2473 2374">
     <span class='ocr_line' id='line_1_30' title="bbox 134 2309 2473 2374; baseline 0 -17"><span class='ocrx_word' id='word_1_311' title='bbox 134 2309 341 2358; x_wconf 87' lang='lat' dir='ltr'><strong>latitudo</strong></span> <span class='ocrx_word' id='word_1_312' title='bbox 380 2310 552 2360; x_wconf 89' lang='lat' dir='ltr'><strong>stellae</strong></span> <span class='ocrx_word' id='word_1_313' title='bbox 592 2311 815 2374; x_wconf 76' lang='lat' dir='ltr'><strong>aliquus,</strong></span> <span class='ocrx_word' id='word_1_314' title='bbox 855 2313 926 2361; x_wconf 92' lang='lat' dir='ltr'><strong>sic</strong></span> <span class='ocrx_word' id='word_1_315' title='bbox 950 2318 1024 2361; x_wconf 87' lang='lat' dir='ltr'><strong>est</strong></span> <span class='ocrx_word' id='word_1_316' title='bbox 1049 2317 1372 2374; x_wconf 73' lang='lat' dir='ltr'><strong>comparatuS,</strong></span> <span class='ocrx_word' id='word_1_317' title='bbox 1413 2317 1466 2358; x_wconf 93' lang='lat' dir='ltr'><strong>ut</strong></span> <span class='ocrx_word' id='word_1_318' title='bbox 1492 2312 1813 2359; x_wconf 86' lang='lat' dir='ltr'><strong>variationem</strong></span> <span class='ocrx_word' id='word_1_319' title='bbox 1841 2311 1962 2373; x_wconf 86' lang='lat' dir='ltr'><strong>ejus,</strong></span> <span class='ocrx_word' id='word_1_320' title='bbox 2003 2312 2092 2358; x_wconf 90' lang='lat' dir='ltr'><strong>etsi</strong></span> <span class='ocrx_word' id='word_1_321' title='bbox 2119 2325 2216 2373; x_wconf 90' lang='lat' dir='ltr'><strong>qua</strong></span> <span class='ocrx_word' id='word_1_322' title='bbox 2243 2315 2387 2369; x_wconf 75' lang='lat' dir='ltr'><strong>esset,</strong></span> <span class='ocrx_word' id='word_1_323' title='bbox 2466 2334 2473 2337; x_wconf 88' lang='grc'>-</span> 
     </span>
    </p>
   </div>
   <div class='ocr_carea' id='block_1_4' title="bbox 131 2382 2393 3900">
    <p class='ocr_par' dir='ltr' id='par_1_7' title="bbox 131 2382 2392 2956">
     <span class='ocr_line' id='line_1_31' title="bbox 131 2382 2390 2446; baseline -0.001 -15"><span class='ocrx_word' id='word_1_324' title='bbox 131 2385 323 2446; x_wconf 88' lang='lat' dir='ltr'><strong>penitus</strong></span> <span class='ocrx_word' id='word_1_325' title='bbox 363 2382 655 2432; x_wconf 88' lang='lat' dir='ltr'><strong>dissimulari</strong></span> <span class='ocrx_word' id='word_1_326' title='bbox 683 2385 920 2446; x_wconf 84' lang='lat' dir='ltr'><strong>suadeat3</strong></span> <span class='ocrx_word' id='word_1_327' title='bbox 959 2386 1034 2433; x_wconf 87' lang='lat' dir='ltr'><strong>sin</strong></span> <span class='ocrx_word' id='word_1_328' title='bbox 1060 2391 1223 2432; x_wconf 89' lang='lat' dir='ltr'><strong>autem</strong></span> <span class='ocrx_word' id='word_1_329' title='bbox 1253 2385 1447 2432; x_wconf 90' lang='lat' dir='ltr'><strong>omnino</strong></span> <span class='ocrx_word' id='word_1_330' title='bbox 1475 2383 1721 2432; x_wconf 91' lang='lat' dir='ltr'><strong>decretum</strong></span> <span class='ocrx_word' id='word_1_331' title='bbox 1749 2390 1823 2433; x_wconf 87' lang='lat' dir='ltr'><strong>est</strong></span> <span class='ocrx_word' id='word_1_332' title='bbox 1849 2382 2147 2444; x_wconf 87' lang='lat' dir='ltr'><strong>calculatori,</strong></span> <span class='ocrx_word' id='word_1_333' title='bbox 2191 2397 2390 2446; x_wconf 88' lang='lat' dir='ltr'><strong>operam</strong></span> 
     </span>
     <span class='ocr_line' id='line_1_32' title="bbox 131 2455 2386 2519; baseline -0 -16"><span class='ocrx_word' id='word_1_334' title='bbox 131 2455 298 2505; x_wconf 91' lang='lat' dir='ltr'><strong>ludere</strong></span> <span class='ocrx_word' id='word_1_335' title='bbox 324 2458 373 2502; x_wconf 90' lang='lat' dir='ltr'><strong>in</strong></span> <span class='ocrx_word' id='word_1_336' title='bbox 398 2457 592 2505; x_wconf 89' lang='lat' dir='ltr'><strong>incertis</strong></span> <span class='ocrx_word' id='word_1_337' title='bbox 618 2471 708 2505; x_wconf 90' lang='lat' dir='ltr'><strong>nec</strong></span> <span class='ocrx_word' id='word_1_338' title='bbox 733 2459 1036 2517; x_wconf 87' lang='lat' dir='ltr'><strong>necessariis,</strong></span> <span class='ocrx_word' id='word_1_339' title='bbox 1063 2471 1154 2519; x_wconf 87' lang='lat' dir='ltr'><strong>age</strong></span> <span class='ocrx_word' id='word_1_340' title='bbox 1181 2457 1508 2519; x_wconf 85' lang='lat' dir='ltr'><strong>praescribam</strong></span> <span class='ocrx_word' id='word_1_341' title='bbox 1535 2458 1594 2516; x_wconf 90' lang='lat' dir='ltr'><strong>ei,</strong></span> <span class='ocrx_word' id='word_1_342' title='bbox 1624 2456 1758 2519; x_wconf 89' lang='lat' dir='ltr'><strong>quod</strong></span> <span class='ocrx_word' id='word_1_343' title='bbox 1785 2462 1915 2518; x_wconf 88' lang='lat' dir='ltr'><strong>agat,</strong></span> <span class='ocrx_word' id='word_1_344' title='bbox 1945 2455 2204 2507; x_wconf 90' lang='lat' dir='ltr'><strong>cumulate.</strong></span> <span class='ocrx_word' id='word_1_345' title='bbox 2260 2455 2386 2503; x_wconf 89' lang='lat' dir='ltr'><strong>Nam</strong></span> 
     </span>
     <span class='ocr_line' id='line_1_33' title="bbox 134 2521 2390 2593; baseline 0 -17"><span class='ocrx_word' id='word_1_346' title='bbox 134 2528 312 2592; x_wconf 86' lang='lat' dir='ltr'><strong>duplex</strong></span> <span class='ocrx_word' id='word_1_347' title='bbox 339 2535 412 2577; x_wconf 81' lang='lat' dir='ltr'><strong>cst</strong></span> <span class='ocrx_word' id='word_1_348' title='bbox 446 2531 570 2578; x_wconf 91' lang='lat' dir='ltr'><strong>ratio</strong></span> <span class='ocrx_word' id='word_1_349' title='bbox 609 2521 921 2593; x_wconf 83' lang='lat' dir='ltr'><strong>computandi</strong></span> <span class='ocrx_word' id='word_1_350' title='bbox 947 2529 1278 2579; x_wconf 80' lang='lat' dir='ltr'><strong>latitudinem:</strong></span> <span class='ocrx_word' id='word_1_351' title='bbox 1318 2531 1448 2591; x_wconf 89' lang='lat' dir='ltr'><strong>prior</strong></span> <span class='ocrx_word' id='word_1_352' title='bbox 1484 2531 1740 2593; x_wconf 87' lang='lat' dir='ltr'><strong>supponit,</strong></span> <span class='ocrx_word' id='word_1_353' title='bbox 1784 2528 1916 2591; x_wconf 89' lang='lat' dir='ltr'><strong>quod</strong></span> <span class='ocrx_word' id='word_1_354' title='bbox 1954 2529 2097 2591; x_wconf 88' lang='lat' dir='ltr'><strong>polus</strong></span> <span class='ocrx_word' id='word_1_355' title='bbox 2136 2528 2390 2590; x_wconf 89' lang='lat' dir='ltr'><strong>eclipticae</strong></span> 
     </span>
     <span class='ocr_line' id='line_1_34' title="bbox 131 2596 2386 2665; baseline 0 -17"><span class='ocrx_word' id='word_1_356' title='bbox 131 2601 333 2650; x_wconf 85' lang='lat' dir='ltr'><strong>libretur</strong></span> <span class='ocrx_word' id='word_1_357' title='bbox 352 2603 399 2649; x_wconf 91' lang='lat' dir='ltr'><strong>in</strong></span> <span class='ocrx_word' id='word_1_358' title='bbox 419 2601 582 2651; x_wconf 90' lang='lat' dir='ltr'><strong>coluro</strong></span> <span class='ocrx_word' id='word_1_359' title='bbox 601 2602 933 2662; x_wconf 88' lang='lat' dir='ltr'><strong>solstitiorum,</strong></span> <span class='ocrx_word' id='word_1_360' title='bbox 963 2603 1144 2650; x_wconf 89' lang='lat' dir='ltr'><strong>nullam</strong></span> <span class='ocrx_word' id='word_1_361' title='bbox 1166 2604 1359 2665; x_wconf 88' lang='lat' dir='ltr'><strong>pariens</strong></span> <span class='ocrx_word' id='word_1_362' title='bbox 1381 2602 1563 2665; x_wconf 89' lang='lat' dir='ltr'><strong>prosth.</strong></span> <span class='ocrx_word' id='word_1_363' title='bbox 1585 2596 2029 2664; x_wconf 80' lang='lat' dir='ltr'><strong>aequinoctiorum3</strong></span> <span class='ocrx_word' id='word_1_364' title='bbox 2058 2617 2116 2651; x_wconf 90' lang='lat' dir='ltr'><strong>ea</strong></span> <span class='ocrx_word' id='word_1_365' title='bbox 2137 2603 2207 2650; x_wconf 79' lang='lat' dir='ltr'><strong>sic</strong></span> <span class='ocrx_word' id='word_1_366' title='bbox 2224 2601 2386 2649; x_wconf 87' lang='lat' dir='ltr'><strong>habet.</strong></span> 
     </span>
     <span class='ocr_line' id='line_1_35' title="bbox 135 2667 2391 2740; baseline -0.001 -18"><span class='ocrx_word' id='word_1_367' title='bbox 135 2674 214 2722; x_wconf 89' lang='lat' dir='ltr'><strong>Ad</strong></span> <span class='ocrx_word' id='word_1_368' title='bbox 253 2667 442 2738; x_wconf 85' lang='lat' dir='ltr'><strong>tempus</strong></span> <span class='ocrx_word' id='word_1_369' title='bbox 481 2678 781 2740; x_wconf 88' lang='lat' dir='ltr'><strong>propositum</strong></span> <span class='ocrx_word' id='word_1_370' title='bbox 823 2678 1011 2738; x_wconf 88' lang='lat' dir='ltr'><strong>inquire</strong></span> <span class='ocrx_word' id='word_1_371' title='bbox 1048 2675 1209 2724; x_wconf 92' lang='lat' dir='ltr'><strong>locum</strong></span> <span class='ocrx_word' id='word_1_372' title='bbox 1247 2674 1380 2738; x_wconf 84' lang='lat' dir='ltr'><strong>long.</strong></span> <span class='ocrx_word' id='word_1_373' title='bbox 1420 2675 1593 2723; x_wconf 87' lang='lat' dir='ltr'><strong>stellae</strong></span> <span class='ocrx_word' id='word_1_374' title='bbox 1645 2682 1692 2723; x_wconf 93' lang='lat' dir='ltr'><strong>et</strong></span> <span class='ocrx_word' id='word_1_375' title='bbox 1730 2673 2071 2738; x_wconf 86' lang='lat' dir='ltr'><strong>obliquitatem</strong></span> <span class='ocrx_word' id='word_1_376' title='bbox 2125 2673 2391 2736; x_wconf 89' lang='lat' dir='ltr'><strong>eclipticac.</strong></span> 
     </span>
     <span class='ocr_line' id='line_1_36' title="bbox 133 2747 2392 2812; baseline -0.001 -17"><span class='ocrx_word' id='word_1_377' title='bbox 133 2747 211 2795; x_wconf 93' lang='lat' dir='ltr'><strong>Ab</strong></span> <span class='ocrx_word' id='word_1_378' title='bbox 262 2747 355 2795; x_wconf 91' lang='lat' dir='ltr'><strong>hac</strong></span> <span class='ocrx_word' id='word_1_379' title='bbox 404 2749 539 2796; x_wconf 86' lang='lat' dir='ltr'><strong>aufer</strong></span> <span class='ocrx_word' id='word_1_380' title='bbox 585 2748 924 2812; x_wconf 89' lang='lat' dir='ltr'><strong>obliquitatem</strong></span> <span class='ocrx_word' id='word_1_381' title='bbox 970 2751 1123 2808; x_wconf 88' lang='lat' dir='ltr'><strong>nostri</strong></span> <span class='ocrx_word' id='word_1_382' title='bbox 1167 2749 1420 2812; x_wconf 88' lang='lat' dir='ltr'><strong>temporis,</strong></span> <span class='ocrx_word' id='word_1_383' title='bbox 1462 2747 1703 2810; x_wconf 88' lang='lat' dir='ltr'><strong>siquidem</strong></span> <span class='ocrx_word' id='word_1_384' title='bbox 1742 2748 1888 2796; x_wconf 87' lang='lat' dir='ltr'><strong>fuerit</strong></span> <span class='ocrx_word' id='word_1_385' title='bbox 1926 2749 2105 2806; x_wconf 89' lang='lat' dir='ltr'><strong>minor,</strong></span> <span class='ocrx_word' id='word_1_386' title='bbox 2165 2761 2392 2795; x_wconf 85' lang='lat' dir='ltr'><strong>excessus</strong></span> 
     </span>
     <span class='ocr_line' id='line_1_37' title="bbox 134 2819 2390 2884; baseline -0 -17"><span class='ocrx_word' id='word_1_387' title='bbox 134 2821 232 2882; x_wconf 87' lang='lat' dir='ltr'><strong>log.</strong></span> <span class='ocrx_word' id='word_1_388' title='bbox 272 2819 396 2869; x_wconf 88' lang='lat' dir='ltr'><strong>adde</strong></span> <span class='ocrx_word' id='word_1_389' title='bbox 435 2820 534 2884; x_wconf 87' lang='lat' dir='ltr'><strong>log.</strong></span> <span class='ocrx_word' id='word_1_390' title='bbox 573 2820 745 2883; x_wconf 89' lang='lat' dir='ltr'><strong>longit.</strong></span> <span class='ocrx_word' id='word_1_391' title='bbox 786 2822 955 2871; x_wconf 88' lang='lat' dir='ltr'><strong>stellae</strong></span> <span class='ocrx_word' id='word_1_392' title='bbox 983 2823 1045 2870; x_wconf 89' lang='lat' dir='ltr'><strong>ab</strong></span> <span class='ocrx_word' id='word_1_393' title='bbox 1073 2823 1399 2884; x_wconf 79' lang='lat' dir='ltr'><strong>aequinoctiO,</strong></span> <span class='ocrx_word' id='word_1_394' title='bbox 1440 2835 1631 2868; x_wconf 91' lang='lat' dir='ltr'><strong>summa</strong></span> <span class='ocrx_word' id='word_1_395' title='bbox 1657 2822 1884 2882; x_wconf 89' lang='lat' dir='ltr'><strong>quaesita</strong></span> <span class='ocrx_word' id='word_1_396' title='bbox 1922 2821 2045 2869; x_wconf 90' lang='lat' dir='ltr'><strong>inter</strong></span> <span class='ocrx_word' id='word_1_397' title='bbox 2070 2819 2390 2883; x_wconf 88' lang='lat' dir='ltr'><strong>logarithmos</strong></span> 
     </span>
     <span class='ocr_line' id='line_1_38' title="bbox 137 2892 1849 2956; baseline -0.001 -15"><span class='ocrx_word' id='word_1_398' title='bbox 137 2892 333 2941; x_wconf 86' lang='lat' dir='ltr'><strong>exhibet</strong></span> <span class='ocrx_word' id='word_1_399' title='bbox 370 2893 598 2956; x_wconf 88' lang='lat' dir='ltr'><strong>scrupula</strong></span> <span class='ocrx_word' id='word_1_400' title='bbox 635 2894 883 2943; x_wconf 90' lang='lat' dir='ltr'><strong>latitudini</strong></span> <span class='ocrx_word' id='word_1_401' title='bbox 923 2894 1148 2943; x_wconf 87' lang='lat' dir='ltr'><strong>addenda</strong></span> <span class='ocrx_word' id='word_1_402' title='bbox 1184 2892 1262 2942; x_wconf 90' lang='lat' dir='ltr'><strong>vel</strong></span> <span class='ocrx_word' id='word_1_403' title='bbox 1303 2894 1364 2941; x_wconf 89' lang='lat' dir='ltr'><strong>ab</strong></span> <span class='ocrx_word' id='word_1_404' title='bbox 1405 2907 1463 2941; x_wconf 94' lang='lat' dir='ltr'><strong>ea</strong></span> <span class='ocrx_word' id='word_1_405' title='bbox 1502 2893 1849 2942; x_wconf 89' lang='lat' dir='ltr'><strong>subtrahenda.</strong></span> 
     </span>
    </p>

    <p class='ocr_par' dir='ltr' id='par_1_8' title="bbox 135 2964 2393 3900">
     <span class='ocr_line' id='line_1_39' title="bbox 279 2964 2386 3030; baseline -0.001 -18"><span class='ocrx_word' id='word_1_406' title='bbox 279 2965 488 3015; x_wconf 87' lang='lat' dir='ltr'><strong>Praec.</strong></span> <span class='ocrx_word' id='word_1_407' title='bbox 534 2968 652 3018; x_wconf 89' lang='grc'><strong>194.</strong></span> <span class='ocrx_word' id='word_1_408' title='bbox 730 2967 898 3016; x_wconf 88' lang='lat' dir='ltr'><strong>Altera</strong></span> <span class='ocrx_word' id='word_1_409' title='bbox 946 2965 1261 3029; x_wconf 89' lang='lat' dir='ltr'><strong>computandi</strong></span> <span class='ocrx_word' id='word_1_410' title='bbox 1299 2967 1422 3014; x_wconf 89' lang='lat' dir='ltr'><strong>ratio</strong></span> <span class='ocrx_word' id='word_1_411' title='bbox 1463 2968 1718 3029; x_wconf 89' lang='lat' dir='ltr'><strong>supponit,</strong></span> <span class='ocrx_word' id='word_1_412' title='bbox 1771 2966 1939 3030; x_wconf 89' lang='lat' dir='ltr'><strong>polum</strong></span> <span class='ocrx_word' id='word_1_413' title='bbox 1987 2965 2242 3028; x_wconf 88' lang='lat' dir='ltr'><strong>eclipticae</strong></span> <span class='ocrx_word' id='word_1_414' title='bbox 2290 2964 2386 3012; x_wconf 91' lang='lat' dir='ltr'><strong>cir-</strong></span> 
     </span>
     <span class='ocr_line' id='line_1_40' title="bbox 137 3037 2388 3102; baseline -0.001 -18"><span class='ocrx_word' id='word_1_415' title='bbox 137 3037 354 3086; x_wconf 88' lang='lat' dir='ltr'><strong>cumferri</strong></span> <span class='ocrx_word' id='word_1_416' title='bbox 405 3041 454 3086; x_wconf 90' lang='lat' dir='ltr'><strong>in</strong></span> <span class='ocrx_word' id='word_1_417' title='bbox 507 3039 716 3088; x_wconf 75' lang='lat' dir='ltr'><strong>cimelio·</strong></span> <span class='ocrx_word' id='word_1_418' title='bbox 793 3040 888 3088; x_wconf 90' lang='lat' dir='ltr'><strong>Hic</strong></span> <span class='ocrx_word' id='word_1_419' title='bbox 937 3042 1146 3102; x_wconf 87' lang='lat' dir='ltr'><strong>primum</strong></span> <span class='ocrx_word' id='word_1_420' title='bbox 1202 3046 1277 3087; x_wconf 91' lang='lat' dir='ltr'><strong>est</strong></span> <span class='ocrx_word' id='word_1_421' title='bbox 1329 3038 1654 3101; x_wconf 80' lang='lat' dir='ltr'><strong>computanda</strong></span> <span class='ocrx_word' id='word_1_422' title='bbox 1702 3039 1885 3101; x_wconf 88' lang='lat' dir='ltr'><strong>prosth.</strong></span> <span class='ocrx_word' id='word_1_423' title='bbox 1940 3037 2236 3095; x_wconf 87' lang='lat' dir='ltr'><strong>latitudinis,</strong></span> <span class='ocrx_word' id='word_1_424' title='bbox 2291 3050 2388 3084; x_wconf 90' lang='lat' dir='ltr'><strong>non</strong></span> 
     </span>
     <span class='ocr_line' id='line_1_41' title="bbox 139 3110 2392 3175; baseline 0 -19"><span class='ocrx_word' id='word_1_425' title='bbox 139 3111 346 3159; x_wconf 86' lang='lat' dir='ltr'><strong>usitatae</strong></span> <span class='ocrx_word' id='word_1_426' title='bbox 385 3112 446 3160; x_wconf 88' lang='lat' dir='ltr'><strong>ab</strong></span> <span class='ocrx_word' id='word_1_427' title='bbox 487 3112 712 3175; x_wconf 89' lang='lat' dir='ltr'><strong>ecliptica</strong></span> <span class='ocrx_word' id='word_1_428' title='bbox 749 3115 1064 3175; x_wconf 86' lang='lat' dir='ltr'><strong>temporaria,</strong></span> <span class='ocrx_word' id='word_1_429' title='bbox 1121 3111 1207 3160; x_wconf 91' lang='lat' dir='ltr'><strong>sed</strong></span> <span class='ocrx_word' id='word_1_430' title='bbox 1244 3119 1477 3173; x_wconf 87' lang='lat' dir='ltr'><strong>tanquam</strong></span> <span class='ocrx_word' id='word_1_431' title='bbox 1517 3113 1579 3160; x_wconf 89' lang='lat' dir='ltr'><strong>ab</strong></span> <span class='ocrx_word' id='word_1_432' title='bbox 1630 3111 1856 3174; x_wconf 91' lang='lat' dir='ltr'><strong>ecliptica</strong></span> <span class='ocrx_word' id='word_1_433' title='bbox 1904 3111 2064 3159; x_wconf 91' lang='lat' dir='ltr'><strong>media</strong></span> <span class='ocrx_word' id='word_1_434' title='bbox 2115 3124 2201 3158; x_wconf 90' lang='lat' dir='ltr'><strong>scu</strong></span> <span class='ocrx_word' id='word_1_435' title='bbox 2239 3123 2270 3157; x_wconf 92' lang='lat' dir='ltr'><strong>a</strong></span> <span class='ocrx_word' id='word_1_436' title='bbox 2309 3110 2392 3157; x_wconf 90' lang='lat' dir='ltr'><strong>via</strong></span> 
     </span>
     <span class='ocr_line' id='line_1_42' title="bbox 136 3183 2391 3247; baseline 0.001 -19"><span class='ocrx_word' id='word_1_437' title='bbox 136 3183 285 3243; x_wconf 87' lang='lat' dir='ltr'><strong>regia.</strong></span> <span class='ocrx_word' id='word_1_438' title='bbox 360 3184 550 3233; x_wconf 91' lang='lat' dir='ltr'><strong>Deinde</strong></span> <span class='ocrx_word' id='word_1_439' title='bbox 598 3188 892 3247; x_wconf 85' lang='lat' dir='ltr'><strong>comparatis</strong></span> <span class='ocrx_word' id='word_1_440' title='bbox 938 3187 1146 3234; x_wconf 87' lang='lat' dir='ltr'><strong>invicem</strong></span> <span class='ocrx_word' id='word_1_441' title='bbox 1200 3184 1721 3247; x_wconf 87' lang='lat' dir='ltr'><strong>prosthaphaeresibus</strong></span> <span class='ocrx_word' id='word_1_442' title='bbox 1771 3185 2008 3246; x_wconf 87' lang='lat' dir='ltr'><strong>propositi</strong></span> <span class='ocrx_word' id='word_1_443' title='bbox 2061 3183 2288 3245; x_wconf 90' lang='lat' dir='ltr'><strong>temporis</strong></span> <span class='ocrx_word' id='word_1_444' title='bbox 2343 3188 2391 3230; x_wconf 91' lang='lat' dir='ltr'><strong>et</strong></span> 
     </span>
     <span class='ocr_line' id='line_1_43' title="bbox 139 3254 2392 3320; baseline -0 -19"><span class='ocrx_word' id='word_1_445' title='bbox 139 3254 202 3302; x_wconf 89' lang='lat' dir='ltr'><strong>ad</strong></span> <span class='ocrx_word' id='word_1_446' title='bbox 239 3269 284 3301; x_wconf 88' lang='lat' dir='ltr'><strong>a.</strong></span> <span class='ocrx_word' id='word_1_447' title='bbox 330 3257 480 3315; x_wconf 88' lang='lat'><strong>1600,</strong></span> <span class='ocrx_word' id='word_1_448' title='bbox 522 3257 725 3318; x_wconf 78' lang='lat' dir='ltr'><strong>eli‘citur,</strong></span> <span class='ocrx_word' id='word_1_449' title='bbox 767 3258 884 3320; x_wconf 89' lang='lat' dir='ltr'><strong>quid</strong></span> <span class='ocrx_word' id='word_1_450' title='bbox 922 3257 1209 3306; x_wconf 89' lang='lat' dir='ltr'><strong>mutandum</strong></span> <span class='ocrx_word' id='word_1_451' title='bbox 1249 3258 1323 3315; x_wconf 65' lang='lat' dir='ltr'><strong>sit</strong></span> <span class='ocrx_word' id='word_1_452' title='bbox 1349 3259 1397 3303; x_wconf 94' lang='lat' dir='ltr'><strong>in</strong></span> <span class='ocrx_word' id='word_1_453' title='bbox 1435 3256 1519 3304; x_wconf 91' lang='lat' dir='ltr'><strong>lat.</strong></span> <span class='ocrx_word' id='word_1_454' title='bbox 1562 3259 1677 3305; x_wconf 88' lang='lat' dir='ltr'><strong>anni</strong></span> <span class='ocrx_word' id='word_1_455' title='bbox 1722 3258 1874 3316; x_wconf 85' lang='lat'><strong>1600,</strong></span> <span class='ocrx_word' id='word_1_456' title='bbox 1899 3254 1969 3304; x_wconf 74' lang='lat' dir='ltr'><strong>&#39;ut</strong></span> <span class='ocrx_word' id='word_1_457' title='bbox 2005 3255 2241 3303; x_wconf 88' lang='lat' dir='ltr'><strong>habeatur</strong></span> <span class='ocrx_word' id='word_1_458' title='bbox 2277 3256 2392 3301; x_wconf 88' lang='lat' dir='ltr'><strong>anni</strong></span> 
     </span>
     <span class='ocr_line' id='line_1_44' title="bbox 135 3326 2390 3393; baseline 0 -19"><span class='ocrx_word' id='word_1_459' title='bbox 135 3327 385 3390; x_wconf 89' lang='lat' dir='ltr'><strong>propositi.</strong></span> <span class='ocrx_word' id='word_1_460' title='bbox 449 3329 577 3391; x_wconf 88' lang='lat' dir='ltr'><strong>Ergo</strong></span> <span class='ocrx_word' id='word_1_461' title='bbox 618 3330 793 3391; x_wconf 90' lang='lat' dir='ltr'><strong>collige</strong></span> <span class='ocrx_word' id='word_1_462' title='bbox 833 3336 1170 3393; x_wconf 82' lang='lat' dir='ltr'><strong>argumentum</strong></span> <span class='ocrx_word' id='word_1_463' title='bbox 1199 3329 1501 3391; x_wconf 88' lang='lat' dir='ltr'><strong>obliquitatis</strong></span> <span class='ocrx_word' id='word_1_464' title='bbox 1528 3336 1576 3378; x_wconf 91' lang='lat' dir='ltr'><strong>et</strong></span> <span class='ocrx_word' id='word_1_465' title='bbox 1603 3329 1665 3377; x_wconf 91' lang='lat' dir='ltr'><strong>ad</strong></span> <span class='ocrx_word' id='word_1_466' title='bbox 1691 3331 1994 3392; x_wconf 87' lang='lat' dir='ltr'><strong>propositum</strong></span> <span class='ocrx_word' id='word_1_467' title='bbox 2021 3334 2210 3389; x_wconf 89' lang='lat' dir='ltr'><strong>tempus</strong></span> <span class='ocrx_word' id='word_1_468' title='bbox 2251 3332 2299 3375; x_wconf 90' lang='lat' dir='ltr'><strong>et</strong></span> <span class='ocrx_word' id='word_1_469' title='bbox 2327 3326 2390 3375; x_wconf 88' lang='lat' dir='ltr'><strong>ad</strong></span> 
     </span>
     <span class='ocr_line' id='line_1_45' title="bbox 137 3398 2389 3466; baseline -0.001 -18"><span class='ocrx_word' id='word_1_470' title='bbox 137 3416 181 3448; x_wconf 89' lang='lat' dir='ltr'><strong>a.</strong></span> <span class='ocrx_word' id='word_1_471' title='bbox 227 3400 379 3458; x_wconf 87' lang='grc'><strong>1600,</strong></span> <span class='ocrx_word' id='word_1_472' title='bbox 419 3401 575 3463; x_wconf 91' lang='lat' dir='ltr'><strong>iisque</strong></span> <span class='ocrx_word' id='word_1_473' title='bbox 613 3405 872 3451; x_wconf 87' lang='lat' dir='ltr'><strong>subtractis</strong></span> <span class='ocrx_word' id='word_1_474' title='bbox 911 3405 973 3451; x_wconf 93' lang='lat' dir='ltr'><strong>ab</strong></span> <span class='ocrx_word' id='word_1_475' title='bbox 1012 3406 1198 3466; x_wconf 87' lang='lat' dir='ltr'><strong>integro</strong></span> <span class='ocrx_word' id='word_1_476' title='bbox 1226 3402 1406 3451; x_wconf 89' lang='lat' dir='ltr'><strong>circulo</strong></span> <span class='ocrx_word' id='word_1_477' title='bbox 1432 3401 1638 3450; x_wconf 89' lang='lat' dir='ltr'><strong>residuis</strong></span> <span class='ocrx_word' id='word_1_478' title='bbox 1664 3416 1839 3450; x_wconf 89' lang='lat' dir='ltr'><strong>nomen</strong></span> <span class='ocrx_word' id='word_1_479' title='bbox 1866 3401 1952 3448; x_wconf 89' lang='lat' dir='ltr'><strong>da:</strong></span> <span class='ocrx_word' id='word_1_480' title='bbox 1992 3399 2246 3460; x_wconf 90' lang='lat' dir='ltr'><strong>longitudo</strong></span> <span class='ocrx_word' id='word_1_481' title='bbox 2272 3398 2389 3447; x_wconf 91' lang='lat' dir='ltr'><strong>nodi</strong></span> 
     </span>
     <span class='ocr_line' id='line_1_46' title="bbox 141 3470 2391 3537; baseline -0.001 -16"><span class='ocrx_word' id='word_1_482' title='bbox 141 3471 470 3534; x_wconf 88' lang='lat' dir='ltr'><strong>eclipticarum</strong></span> <span class='ocrx_word' id='word_1_483' title='bbox 525 3474 587 3521; x_wconf 90' lang='lat' dir='ltr'><strong>ab</strong></span> <span class='ocrx_word' id='word_1_484' title='bbox 638 3477 963 3537; x_wconf 89' lang='lat' dir='ltr'><strong>aequinoctio.</strong></span> <span class='ocrx_word' id='word_1_485' title='bbox 1039 3476 1144 3524; x_wconf 92' lang='lat' dir='ltr'><strong>Has</strong></span> <span class='ocrx_word' id='word_1_486' title='bbox 1197 3474 1312 3523; x_wconf 90' lang='lat' dir='ltr'><strong>nodi</strong></span> <span class='ocrx_word' id='word_1_487' title='bbox 1361 3476 1697 3536; x_wconf 84' lang='lat' dir='ltr'><strong>elongationes</strong></span> <span class='ocrx_word' id='word_1_488' title='bbox 1745 3474 1879 3522; x_wconf 85' lang='lat' dir='ltr'><strong>aufer</strong></span> <span class='ocrx_word' id='word_1_489' title='bbox 1935 3488 1965 3519; x_wconf 93' lang='lat' dir='ltr'><strong>a</strong></span> <span class='ocrx_word' id='word_1_490' title='bbox 2018 3470 2147 3533; x_wconf 87' lang='lat' dir='ltr'><strong>long.</strong></span> <span class='ocrx_word' id='word_1_491' title='bbox 2199 3471 2391 3531; x_wconf 88' lang='lat' dir='ltr'><strong>stellae,</strong></span> 
     </span>
     <span class='ocr_line' id='line_1_47' title="bbox 141 3542 2392 3611; baseline -0.001 -19"><span class='ocrx_word' id='word_1_492' title='bbox 141 3558 267 3607; x_wconf 88' lang='lat' dir='ltr'><strong>quae</strong></span> <span class='ocrx_word' id='word_1_493' title='bbox 307 3546 536 3607; x_wconf 84' lang='lat' dir='ltr'><strong>competit</strong></span> <span class='ocrx_word' id='word_1_494' title='bbox 576 3546 731 3595; x_wconf 90' lang='lat' dir='ltr'><strong>eidem</strong></span> <span class='ocrx_word' id='word_1_495' title='bbox 768 3550 1002 3611; x_wconf 90' lang='lat' dir='ltr'><strong>tempori,</strong></span> <span class='ocrx_word' id='word_1_496' title='bbox 1041 3555 1096 3596; x_wconf 93' lang='lat' dir='ltr'><strong>ut</strong></span> <span class='ocrx_word' id='word_1_497' title='bbox 1131 3553 1299 3610; x_wconf 89' lang='lat' dir='ltr'><strong>pateat</strong></span> <span class='ocrx_word' id='word_1_498' title='bbox 1336 3547 1581 3609; x_wconf 89' lang='lat' dir='ltr'><strong>elongatio</strong></span> <span class='ocrx_word' id='word_1_499' title='bbox 1621 3562 1651 3594; x_wconf 89' lang='lat' dir='ltr'><strong>a</strong></span> <span class='ocrx_word' id='word_1_500' title='bbox 1687 3546 1816 3594; x_wconf 89' lang='lat' dir='ltr'><strong>nodo</strong></span> <span class='ocrx_word' id='word_1_501' title='bbox 1856 3542 2162 3592; x_wconf 88' lang='lat' dir='ltr'><strong>ascendente.</strong></span> <span class='ocrx_word' id='word_1_502' title='bbox 2238 3543 2392 3591; x_wconf 87' lang='lat' dir='ltr'><strong>Elon-</strong></span> 
     </span>
     <span class='ocr_line' id='line_1_48' title="bbox 141 3616 2391 3682; baseline -0 -18"><span class='ocrx_word' id='word_1_503' title='bbox 141 3617 353 3679; x_wconf 87' lang='lat' dir='ltr'><strong>gationis</strong></span> <span class='ocrx_word' id='word_1_504' title='bbox 391 3618 644 3679; x_wconf 85' lang='lat' dir='ltr'><strong>utriusque</strong></span> <span class='ocrx_word' id='word_1_505' title='bbox 681 3619 983 3680; x_wconf 87' lang='lat' dir='ltr'><strong>logarithmis</strong></span> <span class='ocrx_word' id='word_1_506' title='bbox 1021 3619 1148 3669; x_wconf 90' lang='lat' dir='ltr'><strong>adde</strong></span> <span class='ocrx_word' id='word_1_507' title='bbox 1184 3620 1282 3682; x_wconf 87' lang='lat' dir='ltr'><strong>log.</strong></span> <span class='ocrx_word' id='word_1_508' title='bbox 1310 3620 1479 3668; x_wconf 89' lang='lat' dir='ltr'><strong>semid.</strong></span> <span class='ocrx_word' id='word_1_509' title='bbox 1513 3619 1707 3679; x_wconf 89' lang='lat' dir='ltr'><strong>circelli,</strong></span> <span class='ocrx_word' id='word_1_510' title='bbox 1746 3619 1828 3680; x_wconf 90' lang='lat' dir='ltr'><strong>qui</strong></span> <span class='ocrx_word' id='word_1_511' title='bbox 1862 3618 2083 3680; x_wconf 89' lang='lat' dir='ltr'><strong>proprius</strong></span> <span class='ocrx_word' id='word_1_512' title='bbox 2112 3621 2186 3665; x_wconf 86' lang='lat' dir='ltr'><strong>est</strong></span> <span class='ocrx_word' id='word_1_513' title='bbox 2208 3616 2391 3664; x_wconf 88' lang='lat' dir='ltr'><strong>formae</strong></span> 
     </span>
     <span class='ocr_line' id='line_1_49' title="bbox 143 3688 2393 3755; baseline -0.002 -16"><span class='ocrx_word' id='word_1_514' title='bbox 143 3689 449 3752; x_wconf 78' lang='lat' dir='ltr'><strong>obliquitatis</strong></span> <span class='ocrx_word' id='word_1_515' title='bbox 488 3695 774 3752; x_wconf 82' lang='lat' dir='ltr'><strong>usurpatae3</strong></span> <span class='ocrx_word' id='word_1_516' title='bbox 819 3708 1035 3742; x_wconf 87' lang='lat' dir='ltr'><strong>summae</strong></span> <span class='ocrx_word' id='word_1_517' title='bbox 1072 3699 1127 3740; x_wconf 89' lang='lat' dir='ltr'><strong>ut</strong></span> <span class='ocrx_word' id='word_1_518' title='bbox 1151 3691 1432 3755; x_wconf 85' lang='lat' dir='ltr'><strong>logarithmi</strong></span> <span class='ocrx_word' id='word_1_519' title='bbox 1471 3692 1587 3740; x_wconf 90' lang='lat' dir='ltr'><strong>dant</strong></span> <span class='ocrx_word' id='word_1_520' title='bbox 1609 3690 1791 3754; x_wconf 87' lang='lat' dir='ltr'><strong>prosth.</strong></span> <span class='ocrx_word' id='word_1_521' title='bbox 1819 3688 2088 3737; x_wconf 87' lang='lat' dir='ltr'><strong>latitudinis</strong></span> <span class='ocrx_word' id='word_1_522' title='bbox 2114 3688 2176 3737; x_wconf 89' lang='lat' dir='ltr'><strong>ad</strong></span> <span class='ocrx_word' id='word_1_523' title='bbox 2202 3694 2393 3736; x_wconf 91' lang='lat' dir='ltr'><strong>utrum—</strong></span> 
     </span>
     <span class='ocr_line' id='line_1_50' title="bbox 144 3760 2390 3828; baseline 0 -19"><span class='ocrx_word' id='word_1_524' title='bbox 144 3776 238 3824; x_wconf 91' lang='lat' dir='ltr'><strong>que</strong></span> <span class='ocrx_word' id='word_1_525' title='bbox 276 3767 484 3826; x_wconf 72' lang='lat' dir='ltr'><strong>tempuS,</strong></span> <span class='ocrx_word' id='word_1_526' title='bbox 523 3761 808 3823; x_wconf 79' lang='lat' dir='ltr'><strong>indicanteS‚</strong></span> <span class='ocrx_word' id='word_1_527' title='bbox 848 3765 965 3826; x_wconf 89' lang='lat' dir='ltr'><strong>quid</strong></span> <span class='ocrx_word' id='word_1_528' title='bbox 1002 3771 1208 3828; x_wconf 90' lang='lat' dir='ltr'><strong>utroque</strong></span> <span class='ocrx_word' id='word_1_529' title='bbox 1234 3772 1449 3826; x_wconf 90' lang='lat' dir='ltr'><strong>tempore</strong></span> <span class='ocrx_word' id='word_1_530' title='bbox 1487 3765 1658 3812; x_wconf 84' lang='lat' dir='ltr'><strong>suisset</strong></span> <span class='ocrx_word' id='word_1_531' title='bbox 1680 3760 1953 3811; x_wconf 87' lang='lat' dir='ltr'><strong>addendum</strong></span> <span class='ocrx_word' id='word_1_532' title='bbox 1992 3761 2074 3811; x_wconf 83' lang='lat' dir='ltr'><strong>vel</strong></span> <span class='ocrx_word' id='word_1_533' title='bbox 2098 3761 2390 3811; x_wconf 88' lang='lat' dir='ltr'><strong>subtrahen-</strong></span> 
     </span>
     <span class='ocr_line' id='line_1_51' title="bbox 146 3830 1663 3900; baseline 0.001 -17"><span class='ocrx_word' id='word_1_534' title='bbox 146 3834 279 3897; x_wconf 88' lang='lat' dir='ltr'><strong>dum,</strong></span> <span class='ocrx_word' id='word_1_535' title='bbox 321 3837 364 3884; x_wconf 89' lang='lat' dir='ltr'><strong>si</strong></span> <span class='ocrx_word' id='word_1_536' title='bbox 400 3833 709 3885; x_wconf 87' lang='lat' dir='ltr'><strong>latitudinem</strong></span> <span class='ocrx_word' id='word_1_537' title='bbox 746 3835 918 3886; x_wconf 87' lang='lat' dir='ltr'><strong>stellae</strong></span> <span class='ocrx_word' id='word_1_538' title='bbox 956 3851 987 3886; x_wconf 88' lang='lat' dir='ltr'><strong>a</strong></span> <span class='ocrx_word' id='word_1_539' title='bbox 1023 3839 1106 3886; x_wconf 88' lang='lat' dir='ltr'><strong>via</strong></span> <span class='ocrx_word' id='word_1_540' title='bbox 1142 3838 1276 3900; x_wconf 86' lang='lat' dir='ltr'><strong>regia</strong></span> <span class='ocrx_word' id='word_1_541' title='bbox 1312 3838 1565 3886; x_wconf 74' lang='lat' dir='ltr'><strong>sciremus.</strong></span> <span class='ocrx_word' id='word_1_542' title='bbox 1662 3830 1663 3833; x_wconf 65' lang='grc'>’</span> 
     </span>
    </p>
   </div>
  </div>
 </body>
</html>
