2554 4140
793 151 1024 210 Excerpta
1053 165 1111 198 ex
1141 151 1328 198 Tabulis
1349 143 1665 209 Rudolphinis.
2162 183 2166 191 ..
2245 151 2346 203 603

987 254 1004 278 0

95 300 274 355 lemaei,
316 299 396 356 qui
425 297 602 343 omnino
633 297 812 342 videtur
841 311 1016 344 errasse
1045 300 1092 345 in
1123 297 1434 344 numeratione
1465 296 1637 342 dierum
1673 297 1778 342 anni
1808 296 2097 355 Aegyptiaci,
2140 295 2355 342 seductus

96 365 286 415 forsitan
326 364 398 408 vel
436 377 464 408 a
503 362 679 408 calculo
717 370 865 408 motus
898 365 1014 410 Solis
1045 363 1298 421 Hipparchi
1341 361 1412 407 vel
1450 375 1477 406 a
1516 362 1773 408 calendario
1813 368 1859 407 et
1896 362 2236 408 intercalatione
2267 362 2358 408 Ro-

95 442 239 475 mana.
300 427 445 484 Quam
475 427 779 483 coniecturam
810 428 958 474 firmat
987 429 1115 474 locus
1146 441 1263 472 unus
1295 426 1546 482 Censorini,
1589 428 1665 483 qui
1688 427 1782 472 >illo
1811 428 1911 485 ipso
1943 441 2087 485 anno,
2132 438 2220 484 quo
2252 427 2383 471 Pt0-.

11 543 18 548 ³
93 494 292 540 lemaeus
322 493 499 538 Lunam
521 494 677 538 ultimo
710 497 756 538 et
777 493 991 550 deinceps
1015 492 1369 550 (intercalatione
1390 491 1593 535 Romana
1614 492 1970 538 extraordinaria
1993 493 2090 550 jam
2109 493 2156 537 in
2176 492 2354 550 Aegyp-

95 565 191 605 tum
220 558 448 613 nunciata)
481 564 720 615 utrumque
742 559 1078 616 aequinoctium
1108 557 1376 613 observavit,
1406 555 1599 613 primum
1628 557 1793 602 mensis
1815 558 1968 603 Thoth
1987 559 2120 616 primi
2141 559 2357 616 Aegyptii

26 625 54 669 ,’
95 625 232 669 refert
262 624 319 669 ad
348 624 452 671 XII.
476 623 571 668 Cal.
603 624 736 681 Aug.,
767 623 963 669 debehat
995 617 1150 668 autem
1178 623 1235 668 ad
1256 622 1383 679 XIII,
1416 622 1454 666 si
1482 627 1613 666 tenor
1641 622 1761 667 idem
1790 623 1953 670 fuisset
1985 629 2188 671 servatus
2220 626 2354 670 inter-

43 687 46 691 ’
95 689 331 736 calationis
361 690 571 736 Julianae
602 692 679 748 qui
708 691 858 748 hodie,
889 703 1037 755 neque
1068 691 1308 748 quicquam
1337 701 1482 748 annus
1512 687 1590 732 ille
1621 694 1751 733 extra
1772 689 1973 734 ordinem
1994 690 2156 736 fuisset
2187 706 2213 737 a
2243 705 2355 749 pon·

51 763 55 770 '
93 755 287 803 tificibus
318 769 496 812 passus.
736 792 740 796 .

254 822 438 878 Quodsi
477 823 620 879 major
659 829 728 868 est
765 823 813 867 in
853 823 1114 868 Ptolemaeo
1146 820 1573 879 ¹circumspectionis
1615 821 1909 879 existimatio,
1958 835 2094 879 quam
2131 826 2183 867 ut
2221 822 2293 868 vel
2333 829 2360 868 a

93 887 265 935 calculo
307 887 379 932 vel
419 888 475 932 ab
509 902 635 933 anno
667 889 872 933 Romano
914 887 1067 933 deludi
1107 889 1338 944 potuerit,
1370 887 1428 931 ad
1468 891 1671 930 extrema
1711 887 2062 945 confugiendum
2094 889 2180 932 erit
2209 887 2359 946 dicen-

96 955 314 1010 dumque,
361 953 648 1009 aequinoctia
692 954 812 1013 circa
840 958 1046 1010 tempora
1074 954 1325 997 Ptolemaei
1371 952 1535 997 saltum
1566 952 1748 1008 fecisse,
1794 966 1928 1011 quem
1967 953 2173 1010 proxima
2205 953 2360 998 secula

97 1030 238 1075 nsque
270 1017 328 1062 ad
348 1018 559 1062 Proclum
589 1018 949 1076 pensaverint.*)
1011 1019 1192 1064 Etenim
1215 1013 1475 1065 certissimis
1508 1019 1869 1065 observationum
1891 1018 2202 1076 eclipticarum
2225 1018 2358 1062 docu-

91 1085 252 1131 mentis
284 1085 430 1142 probo
462 1084 580 1134 Solis
627 1085 692 1129 ad·
714 1085 838 1147 ipsas
871 1085 1008 1129 etiam
1037 1084 1152 1130 fixas
1185 1086 1571 1132 accessumcirca
1601 1086 1783 1130 minima
1812 1085 2112 1142 inaequalem.
2173 1084 2359 1129 Librum

46 1162 66 1197 5
91 1152 179 1197 hac
210 1151 266 1196 de
297 1144 347 1194 re
378 1151 672 1208 singularem,
705 1151 743 1195 si
773 1151 899 1195 Deus
930 1151 1145 1209 voluerit,
1176 1152 1224 1196 in
1253 1153 1487 1210 publicum
1520 1152 1663 1198 eclam.
2084 1192 2089 1196 .

51 1228 89 1268 ἡ,
266 1216 366 1271 Qua
411 1229 502 1260 una
544 1215 856 1260 observatione
902 1215 975 1261 vel
1015 1219 1210 1261 maxime
1259 1217 1621 1275 commendatur,
1667 1223 1734 1270 ut
1761 1230 2046 1274 „summopere
2090 1217 2361 1272 necessaria,

27 1262 64 1334 ἦ
92 1282 320 1341 Tychonis
349 1283 494 1327 nostri
525 1282 697 1337 cautio,
725 1286 865 1338 ‘quam
899 1295 956 1326 ex
989 1277 1175 1341 Origani
1204 1284 1336 1342 libro,
1365 1285 1459 1341 jam
1496 1285 1662 1331 dudum
1696 1285 1857 1341 edito,·
1877 1283 2059 1340 majoris
2091 1281 2198 1329 fidei
2229 1295 2368 1328 causa

0 1350 2 1398 k
35 1339 66 1405 J!
89 1348 433 1404 transscribam3
477 1349 616 1393 verba
660 1356 787 1393 sunt:
835 1349 1118 1396 Accuratum
1161 1351 1355 1409 (Tycho)
1389 1351 1511 1398 Solis
1541 1357 1736 1408 motum,
1778 1351 2170 1396 observationibus
2199 1350 2362 1396 horum

0 1401 2 1431 '
46 1416 74 1444 *¹⁸
91 1421 340 1472 temporum
368 1417 483 1460 satis
514 1416 734 1473 exquisite
762 1417 1106 1473 respondentem
1139 1418 1243 1473 (etsi
1265 1420 1523 1475 paucorum
1563 1418 1881 1464 tantummodo
1911 1417 2182 1472 seculorum)
2217 1420 2362 1461 osten-

56 1481 191 1548 ῥᾷον-ε
219 1483 380 1537 voluit,
413 1495 554 1539 eaque
583 1483 638 1526 de
668 1496 809 1528 causa
838 1497 933 1528 non
965 1483 1176 1541 exponit,
1211 1484 1436 1541 quomodo
1467 1499 1555 1530 sua
1584 1486 1802 1543 temporis
1825 1485 2040 1542 aequatio
2063 1497 2156 1541 pro
2188 1483 2362 1528 calculo

8 1551 10 1554 ’
40 1553 66 1599 ζτ,
89 1552 241 1593 notus
261 1547 383 1593 Solis
411 1548 474 1593 ad
503 1549 683 1595 diversa
712 1555 919 1607 tempora
948 1556 1167 1607 mutetur,
1198 1551 1389 1596 subinde
1409 1565 1599 1597 monens
1630 1557 1673 1596 et
1700 1551 1948 1605 inculcans,
1980 1555 2032 1594 ut
2051 1563 2135 1594 suo
2158 1548 2360 1605 exemplo

46 1613 67 1682 ᾖ
85 1614 262 1672 posteri
275 1619 467 1671 'quoque
495 1615 581 1659 hac
608 1616 660 1659 in
682 1621 822 1672 parte
852 1616 1029 1673 aliquid
1046 1622 1307 1674 praestent,
1345 1618 1618 1674 praesertim
1649 1631 1749 1662 eum
1779 1618 1830 1662 in
1859 1615 2128 1674 corporibus
2165 1615 2363 1660 coelesti-

47 1678 74 1742 ’ί
93 1676 176 1724 bus
215 1679 314 1724 'non
353 1680 565 1736 eandem,
608 1696 745 1739 quam
774 1683 983 1739 plerique
1004 1683 1393 1741 philosophorum
1436 1685 1487 1728 in
1516 1685 1638 1729 coelo
1674 1684 1764 1729 sibi
1791 1684 1971 1741 linqunt
1992 1682 2361 1745 perpetuitatem,

47 1745 77 1800 k
93 1751 294 1793 motuum
333 1746 722 1803 deprehendamus
760 1748 1059 1794 stabilitatem
1099 1754 1142 1794 et
1177 1750 1497 1794 constantiam.
1558 1749 1791 1794 Hactenus
1823 1747 2067 1804 Origanus,
2115 1760 2204 1803 quo
2244 1750 2365 1795 teste

52 1814 75 1861 ·.'
91 1823 192 1856 cum
220 1812 335 1857 haec
356 1812 647 1858 affirmaverit
690 1826 891 1858 summus
923 1813 1256 1858 astronomicae
1289 1813 1685 1870 contemplationis
1717 1813 1902 1867 artifex,
1940 1818 2015 1859 eat
2043 1825 2164 1856 nunc
2194 1811 2358 1870 aliquis

47 1868 270 1951 '3:'8toicae
301 1883 453 1923 sectae
473 1878 786 1936 philosophus
819 1884 865 1924 et
896 1892 1054 1925 sacrae
1082 1886 1266 1925 nostrae
1289 1880 1517 1935 historiae,
1548 1880 1737 1925 testanti
1768 1879 1824 1924 de
1856 1892 1993 1924 cursu
2020 1878 2137 1924 Solis
2169 1878 2360 1924 inhibito

12 1947 13 1954 ’
63 1943 169 1994 uwel
196 1950 317 1989 retro
352 1957 592 2003 converso,
624 1945 785 2003 fidem,
817 1946 1040 2003 pertinaci
1069 1952 1258 1991 naturae
1288 1947 1645 2004 praesumtione,
1680 1945 1917 1991 convellat.

51 2062 59 2080 ι
262 2041 342 2096 95)
373 2055 411 2094 p.
445 2045 545 2086 528.
607 2044 792 2084 Tabulae
823 2045 1117 2095 Rudolphinae
1150 2047 1284 2096 capite
1314 2044 1454 2086 XVII.
1486 2050 1709 2096 praecepta
1740 2045 1939 2085 exhibent
1978 2045 2034 2084 ad
2064 2045 2230 2085 tabulas
2260 2054 2356 2097 per-

51 2084 283 2156 Jssflnentia,
314 2103 468 2155 quibus
498 2103 762 2143 reductiones
794 2115 997 2143 annorum
1018 2105 1227 2143 variorum
1260 2105 1312 2144 ad
1343 2115 1476 2143 annos
1497 2103 1695 2144 Julianos
1726 2104 1956 2143 traduntur.
2016 2104 2184 2149 Partem
2204 2104 2355 2144 harum

37 2157 325 2204 &fibularum
362 2163 655 2212 proposuimus
694 2160 906 2202 volumine
936 2163 1007 2204 IV.
1038 2175 1082 2213 p.
1116 2163 1198 2204 505
1232 2175 1286 2203 ss,
1346 2163 1593 2203 Praemissis
1632 2164 1760 2202 variis
1799 2163 1931 2217 aeris,
1972 2163 2128 2215 quibus
2167 2163 2234 2202 usi
2265 2165 2351 2204 sint

78 2206 251 2295 {pi-tom
281 2221 523 2273 astronomi,
556 2222 616 2260 sic
646 2221 781 2272 pergit
810 2222 1057 2272 Keplerus01

54 2308 111 2343 ,2-
259 2283 312 2327 In
342 2282 413 2327 his
445 2283 613 2328 tabulis
646 2283 802 2341 Tycho
832 2284 1004 2340 primus
1038 2290 1210 2342 auctor,
1244 2283 1447 2340 quamvis
1479 2296 1506 2327 a
1536 2270 1782 2341 Rudolpho
1809 2284 2004 2329 Caesare
2034 2287 2120 2329 'eas
2154 2283 2350 2330 denomi-

57 2340 84 2389 :''
113 2344 148 2406 ¹,
174 2353 268 2405 set,
311 2348 437 2392 nulla
477 2362 591 2405 opus
644 2363 745 2394 esse
787 2350 965 2406 putavit
993 2363 1218 2408 περιεργιᾳ
1247 2350 1295 2395 in
1326 2363 1433 2394 aera
1462 2363 1580 2394 nova
1610 2349 1859 2407 Rudolpho
1898 2349 2102 2407 figenda,
2144 2349 2358 2397 sufficere

38 2347 266 2545 ἶὲυἰῐ
296 2427 448 2459 aeram
483 2414 671 2468 Christi,
713 2418 944 2472 receptam
985 2420 1031 2459 et
1070 2416 1285 2460 usitatam
1328 2417 1373 2460 in
1415 2420 1511 2460 toto
1556 2414 1791 2460 occidente
1833 2415 1972 2472 inque
2014 2415 2361 2462 occidentalium

61 2478 68 2539 ᾖ
113 2478 118 2484 ’
200 2496 243 2526 ιιι
273 2481 533 2526 ditionibus.
591 2481 722 2526 Hanc
752 2481 890 2536 igitur
920 2494 1071 2526 aeram
1101 2485 1340 2526 numerant
1370 2481 1485 2526 istae
1515 2480 1702 2526 tabulae
1732 2481 1950 2535 bifariam,
1981 2482 2174 2538 primum
2206 2483 2362 2529 ordine

85 2538 352 2605 Lfitrogrado
385 2561 413 2591 a
445 2548 626 2593 Christo
665 2560 823 2592 versus
855 2547 985 2592 initia
1015 2561 1170 2592 rerum
1204 2553 1248 2592 et
1280 2547 1428 2606 ultra,
1464 2560 1704 2604 quousque
1736 2547 1900 2604 cuique
1931 2547 2151 2605 lubuerit,
2194 2549 2358 2599 deinde

87 2613 244 2670 {urdine
273 2613 444 2658 directo
483 2625 510 2656 a
542 2612 722 2657 Christo
765 2611 822 2657 ad
861 2625 944 2657 nos
983 2626 1128 2670 usque
1168 2618 1214 2657 et
1253 2626 1406 2670 porro.
1438 2613 1443 2618 “
1469 2613 1673 2670 Suntque
1704 2612 1962 2659 bissextiles
1994 2620 2100 2671 post
2131 2614 2356 2660 Christum

91 2675 270 2753 sspidem
311 2692 465 2724 omnes
505 2679 678 2736 pariter
706 2692 862 2736 pares,
908 2684 1013 2724 ante
1045 2678 1274 2725 Christum
1306 2691 1412 2723 vero
1444 2678 1666 2735 impares,
1706 2679 1879 2736 primus
1912 2685 1958 2725 et
1989 2681 2046 2726 ab
2080 2695 2133 2727 eo
2166 2686 2356 2741 quartus

29 2775 32 2784 .
91 2740 281 2817 filisque
313 2759 508 2793 sursum.
947 2750 955 2755 '
1265 2741 1274 2746 ”
1386 2802 1392 2809 .

88 2835 104 2864 ρ
260 2813 405 2858 Acras
446 2811 751 2869 multiplicare
795 2826 898 2858 cum
939 2812 1200 2865 diversitate
1231 2811 1621 2870 numerationum,
1665 2811 1732 2856 uti
1772 2812 1978 2858 fecerunt
2009 2812 2284 2870 Alphonsini
2317 2818 2363 2860 et

24 2882 34 2920 l
90 2851 427 2930 *rutenicarum
443 2883 615 2936 auctor,
647 2892 738 2923 non
769 2892 1154 2936 supervacaneum
1175 2884 1366 2927 tantum,
1399 2878 1481 2924 sed
1511 2877 1780 2923 damnosum
1812 2878 1946 2924 etiam
1978 2880 2135 2925 censui
2156 2879 2362 2938 adeoque

28 2957 35 2988 ι
90 2934 150 3007 ’ρο
168 2943 377 2991 decorum
398 2943 593 3001 quidem,
616 2943 865 3001 singulares
887 2956 1015 2989 aeras
1039 2944 1253 2990 exhibere
1274 2944 1320 2989 in
1339 2957 1476 3001 opere
1497 2944 1756 3000 universali,
1777 2943 1935 3000 paucis
1950 2943 2195 3000 gratificari
2216 2946 2366 2991 natio-

29 3022 36 3052 ι
93 3007 236 3130 πε,
266 3009 472 3054 omnibus
504 3022 559 3053 ea
586 3021 636 3053 re
668 3008 929 3055 satisfacere
961 3023 1051 3056 non
1082 3022 1241 3067 posse,
1281 3010 1503 3067 quasdam
1544 3009 1740 3055 eximere
1781 3009 1959 3066 legibus
1999 3009 2247 3056 reducendi
2277 3026 2362 3059 sua

9 3085 37 3134 ἶι
186 3088 295 3134 pora
334 3074 391 3119 ad
422 3087 565 3119 annos
589 3074 756 3120 Christi
783 3074 1015 3130 Julian0s‚
1049 3081 1223 3121 ceteras
1254 3076 1301 3119 in
1331 3075 1418 3119 hac
1444 3075 1717 3119 necessitate
1746 3074 2013 3131 relinquere.
2077 3076 2186 3120 Cum
2214 3083 2366 3126 autem

0 3152 1 3181 ἲ
29 3143 36 3182 i
93 3136 143 3189 h
167 3153 314 3187 aeram
345 3140 528 3197 quidem
559 3139 888 3185 Incarnationis
911 3141 1049 3187 Verbi
1081 3140 1394 3187 consenserint
1425 3140 1632 3198 plerique
1657 3140 2027 3201 Christianorum,
2059 3141 2105 3186 in
2135 3144 2360 3203 principio

0 3230 1 3259 ς
32 3217 38 3248 ι
70 3202 250 3274 ,quen
284 3207 391 3253 anni
437 3206 718 3266 observando
762 3219 926 3262 magna
967 3207 1193 3253 exstiterit
1223 3207 1443 3262 varietas,
1483 3206 1626 3251 omnis
1659 3219 1736 3264 ea,
1778 3211 1996 3263 quantum
2026 3206 2221 3254 lectione
2254 3225 2358 3257 con-

95 3264 219 3331 fl'eqtii
246 3274 393 3332 potui,
423 3274 479 3319 ob
513 3273 667 3319 oculos
701 3273 913 3330 ponenda.
944 3273 1043 3332 fuit,
1076 3281 1126 3319 ut
1157 3280 1283 3320 tanto
1316 3274 1581 3330 signantiori
1612 3287 1713 3318 cum
1744 3273 1975 3318 notatione
2006 3274 2358 3323 calculatoribus

0 3306 1 3327 l

0 3349 41 3391 Γ]
153 3387 160 3394 ,
227 3339 456 3396 infigerem
480 3339 854 3397 observationem,
886 3339 1010 3396 ipsas
1043 3339 1133 3384 Cal.
1167 3339 1269 3384 Jan.
1300 3340 1346 3383 in
1372 3338 1541 3398 tabulis
1559 3338 1657 3383 istis
1690 3338 1850 3384 haberi
1870 3352 1952 3396 pro
1974 3340 2119 3398 prima
2141 3341 2212 3387 die
2235 3344 2356 3402 anni,

176 3416 231 3449 ue
268 3404 493 3451 discerent
534 3404 619 3450 sibi
662 3416 822 3449 cavere
862 3402 919 3449 ab
959 3404 1149 3449 aliorum
1181 3403 1591 3460 numerationibus,
1638 3403 1715 3461 qui
1746 3403 1868 3451 aliud
1898 3406 2004 3452 anni
2035 3413 2171 3465 caput
2204 3410 2358 3455 obser-

100 3469 215 3525 φὶ,
243 3483 334 3527 qua
362 3470 538 3515 ratione
569 3469 634 3523 fit,
664 3475 716 3515 ut
746 3469 971 3514 interdum
1004 3469 1176 3514 unitate
1206 3483 1234 3514 a
1264 3469 1394 3514 nobis
1427 3469 1637 3515 differant
1666 3469 1712 3515 in
1735 3483 1954 3519 annorum
1984 3476 2308 3522 numeratione.

259 3535 330 3580 De
364 3535 524 3581 harum
564 3546 768 3581 aerarum
801 3534 1051 3581 intervallis
1083 3533 1227 3591 deque
1267 3534 1489 3599 mensium
1521 3534 1926 3596 appellationibus,
1970 3541 2145 3592 ordine,
2178 3543 2353 3600 quanti-

23 3586 27 3626 3
98 3578 224 3725 &le
254 3600 412 3659 scripsi
444 3601 813 3647 commentarium
844 3600 1140 3658 peculiarem,
1173 3599 1219 3644 in
1252 3613 1341 3655 quo
1374 3600 1543 3656 omnia,
1578 3613 1693 3656 quae
1723 3600 1768 3647 in
1798 3601 1870 3649 his
1903 3603 2024 3652 foliis
2055 3607 2356 3657 continentur,

18 3433 24 3456 zv
13 3246 26 3426 ’σφων-,Ἀ

25 3670 29 3731 ³⁵
115 3711 118 3715 ,
169 3664 382 3721 toriarum
412 3668 712 3712 monumentis
745 3667 1086 3724 rationibusque
1118 3665 1293 3712 idoneis
1327 3667 1587 3714 demonstro
1619 3673 1666 3715 et
1696 3674 1854 3715 contra
1883 3675 2136 3717 ceterorum
2168 3671 2357 3717 chrono-

267 3842 311 3884 ⁴¹*)
334 3843 570 3883 Longimont.
598 3844 733 3878 Theor.
760 3844 864 3877 Antr.
892 3845 918 3877 1.
945 3827 974 3876 1⁴.
1003 3842 1056 3878 33.
1082 3852 1155 3875 non
1178 3844 1323 3878 tantum
1347 3852 1498 3881 errasse
1520 3844 1624 3879 illum
1649 3845 1743 3883 dixit
1766 3847 2019 3891 observando,
2055 3847 2121 3882 sed
2143 3849 2255 3890 plane
2279 3848 2344 3884 fln-

102 3878 203 3931 qiu·
224 3884 474 3934 obnervatum,
499 3888 596 3931 quod
619 3898 665 3926 ex
690 3888 903 3933 Hipparcho
928 3890 1221 3932 computaveram.
