2554 4140
231 130 334 179 330
1046 128 1282 186 Epitomes
1310 129 1626 174 Astronomiae
1679 194 1685 197 .

228 287 350 322 rum.
424 271 506 320 Sic
543 286 659 322 vero
698 287 873 338 corpus
910 274 1106 326 Saturni
1144 282 1229 325 aut
1266 276 1466 325 alterius
1502 276 1713 339 alicujus
1759 276 1986 339 planetae
2026 291 2336 340 nequaquam
2372 277 2475 326 fieri

228 350 390 408 potest
427 359 654 393 mensura
690 348 759 394 rei
798 348 1082 410 utriusque:
1136 350 1195 397 de
1232 362 1328 410 quo
1368 363 1555 395 rursum
1591 355 1742 397 testes
1779 349 2070 398 adduximus
2110 344 2476 400 observationes

230 418 568 466 diametrorum
608 425 779 475 certas.
853 419 971 469 Sola
1009 423 1152 484 igitur
1190 421 1339 469 Terra
1377 420 1489 468 talis
1524 436 1749 470 mensura
1785 430 1885 484 est3
1926 438 1955 470 a
1993 437 2218 470 mensura
2255 436 2371 470 vero
2399 421 2475 469 di-

229 490 527 538 mensionum
552 496 724 540 natura
749 492 968 555 postulat
1005 495 1192 541 initium
1233 492 1334 541 fieri
1372 494 1781 552 conformationis·

316 604 320 609 .
367 562 447 610 De
483 564 698 611 raritate
746 571 791 613 et
824 565 1063 614 densitate
1098 567 1282 613 horum
1318 579 1404 614 sex
1453 566 1718 627 9lob0rum
1764 566 1888 628 quid
1937 565 2245 614 tenendum?
2298 566 2475 625 Primo,

225 648 322 682 non
375 640 449 683 est
496 642 899 702 consentaneum,
954 638 1156 686 eandem
1208 639 1258 684 in
1299 638 1668 687 omnibus-esse
1702 637 1991 687 densitatem
2030 640 2276 687 materiae.
2352 638 2476 686 Nam

225 708 308 755 ubi
346 709 619 756 necessaria
656 715 730 757 est
767 710 933 771 aliqua
971 724 1224 772 corporum
1261 709 1549 770 multitudo,
1603 711 1670 760 ibi
1709 713 1856 759 etiam
1897 709 2227 758 conditionum
2266 712 2477 758 varietas

226 779 289 828 ad
338 778 694 830 distinctionem
732 781 1010 830 adhibenda
1047 783 1158 842 fuit,
1213 788 1265 830 ut
1314 789 1476 831 essent
1522 782 1606 837 illa
1656 798 1768 832 vere
1807 782 1975 831 multa.
2051 783 2322 845 Praecipua
2362 797 2476 831 vero

227 866 504 915 corporum,
546 859 610 915 ¹ut
651 869 878 916 corpora,
934 854 1146 903 conditio
1185 861 1260 904 est
1297 857 1487 903 interna
1525 855 1776 919 dispositio
1814 857 2035 918 partium.
2110 855 2234 903 Nam
2279 855 2478 903 molium

225 926 548 987 inaequalitas
598 926 956 988 quodammodo
996 929 1276 990 corporibus
1314 929 1432 989 ipsis
1482 928 1659 978 accidit
1698 935 1893 991 propter
1941 927 2248 990 superficies,
2300 927 2477 977 molem

226 997 522 1058 definientes,
562 1013 651 1048 nee
688 1014 800 1062 pars
839 1001 1026 1048 interna
1062 1002 1275 1063 eorporis
1314 1002 1455 1048 unius
1493 1015 1523 1048 a
1559 1007 1696 1063 parte
1734 1001 1932 1048 alterius
1973 1001 2062 1049 bae
2099 1001 2242 1049 molis
2272 1002 2479 1049 eircum-

228 1072 487 1132 scriptione
513 1070 684 1120 differt.
746 1071 1068 1134 Praecipuum
1106 1087 1221 1122 vero
1248 1078 1580 1135 argumentum
1622 1071 2024 1122 dissimilitudinis
2054 1074 2360 1122 materiarum
2387 1073 2480 1122 du-

139 1195 144 1199 ,
225 1145 347 1191 citur
384 1158 414 1191 a
452 1143 859 1205 contemplatione
898 1145 1251 1207 periodieorum
1290 1151 1574 1208 temporum,
1614 1153 1668 1194 ut
1691 1160 1816 1209 quae
1854 1159 1949 1193 non
1977 1145 2207 1208 procedit,
2246 1148 2287 1194 si
2324 1146 2480 1195 faeia-

193 1218 329 1264 “mus
356 1215 559 1264 eandem
595 1215 852 1278 globorum
879 1217 1182 1279 densitatem,
1222 1225 1275 1267 ut
1312 1219 1436 1268 insra
1460 1218 1729 1267 audiemus,

370 1287 617 1349 Secundo,
666 1296 1041 1339 consentaneum
1093 1297 1192 1350 est,
1254 1298 1309 1339 ut
1360 1291 1590 1354 quodque
1638 1305 1812 1353 eorpus
1861 1297 1934 1339 est
1973 1289 2078 1339 Soli
2124 1291 2358 1352 vicinius,
2412 1293 2480 1339 ita

227 1369 275 1411 et
325 1361 521 1410 densius
560 1376 682 1410 esse.
758 1362 882 1413 Nam
932 1371 980 1412 et
1019 1363 1103 1411 Sol
1152 1366 1256 1427 ipse
1295 1371 1369 1413 est
1421 1365 1636 1412 omnium
1675 1377 1927 1425 corporum
1967 1365 2117 1412 totius
2155 1363 2319 1412 mundi
2358 1363 2480 1412 den-

226 1435 493 1493 sissimum,
547 1434 687 1496 eujus
736 1437 805 1482 rei
845 1437 1175 1485 testimonium
1224 1436 1445 1499 perhibet
1497 1438 1732 1486 immensa
1769 1435 2023 1498 multiplex
2060 1437 2163 1494 vis,
2217 1451 2343 1498 quae
2381 1451 2476 1485 non

223 1512 386 1569 potest
434 1521 540 1555 esse
590 1509 694 1556 sine
747 1507 969 1570 subjecto
1007 1511 1403 1572 proportionat03
1459 1515 1507 1557 et
1544 1509 1653 1559 loca
1690 1510 1822 1572 ipsa,
1875 1516 2039 1557 centro
2078 1510 2262 1568 vicina,
2319 1508 2479 1558 ideam

225 1578 467 1642 quandam
521 1581 776 1642 angustiae
827 1586 1026 1643 gerunt,
1077 1582 1237 1644 qualis
1283 1587 1358 1630 est
1404 1583 1453 1629 in
1504 1582 1882 1631 condensatione
1933 1583 2165 1631 materiae
2207 1581 2392 1632 multae
2430 1584 2479 1631 in
2536 1625 2539 1628 .

222 1653 384 1701 locum
421 1659 696 1715 angustum.

366 1725 561 1774 Tertio:
600 1739 760 1789 neque
786 1731 947 1775 tamen
974 1726 1297 1788 magnitudini
1324 1740 1577 1790 corporum
1603 1726 2030 1790 proportionaliter
2056 1728 2145 1774 erit
2169 1725 2482 1778 admetienda

223 1800 416 1859 raritaS‚
468 1800 699 1861 parvitati
747 1797 977 1848 densitas.
1055 1800 1204 1849 Verbi
1253 1814 1424 1859 causa,
1481 1799 1712 1849 distantia
1757 1798 1902 1848 simul
1950 1805 1997 1847 et
2034 1799 2304 1862 amplitudo
2340 1799 2476 1862 globi

224 1873 438 1921 Saturnii
486 1886 572 1934 per
607 1873 858 1935 superiora
907 1878 981 1921 est
1028 1872 1091 1921 ad
1138 1872 1416 1921 distantiam
1457 1872 1618 1935 adque
1666 1871 2033 1936 amplitudinem
2085 1871 2222 1935 globi
2268 1871 2480 1922 Jovialis

222 1952 276 1994 ut
322 1947 384 1994 10
423 1943 485 1992 ad
528 1946 556 1993 5
597 1945 711 1995 fere.
787 1945 911 1993 Dico
965 1943 1254 1995 densitatem
1301 1946 1531 1995 materiae
1577 1948 1624 1993 in
1663 1945 1812 2008 globo
1851 1944 2047 1994 Saturni
2087 1944 2150 1994 ad
2188 1943 2475 1994 densitatem

227 2020 275 2065 in
314 2018 461 2082 globo
490 2016 634 2066 Jovis
671 2032 767 2066 non
808 2033 914 2067 esse
953 2019 1000 2065 in
1030 2033 1089 2067 ea
1124 2021 1438 2081 proportione
1465 2018 1787 2080 statuendam,
1828 2032 1954 2080 quae
1981 2024 2055 2066 est
2093 2019 2216 2067 inter
2243 2019 2272 2066 5
2300 2017 2362 2068 ad
2394 2021 2473 2071 10.

221 2092 346 2141 Nam
371 2093 413 2138 si
441 2092 548 2152 quis
586 2090 679 2139 hoc
715 2097 1010 2153 sequeretur,
1050 2093 1091 2139 is
1128 2098 1353 2154 peccaret
1384 2091 1487 2154 jam
1526 2092 1574 2137 in
1614 2092 1764 2140 aliam
1803 2091 2054 2139 varietatis
2093 2090 2272 2153 legem,
2322 2093 2477 2141 intro-

224 2164 404 2213 ducens
453 2164 643 2225 copiam
690 2165 922 2212 materiae
967 2177 1064 2212 non
1115 2163 1448 2226 inaequalem,
1500 2163 1588 2213 sed
1640 2164 1846 2213 eandem
1893 2177 1979 2225 per
2031 2175 2198 2212 omnes
2234 2163 2473 2226 planetas.

221 2235 552 2299 Multiplieata
590 2237 716 2284 enim
757 2236 884 2284 mole
924 2235 1119 2284 Saturni
1163 2238 1227 2285 10
1265 2238 1315 2284 in
1367 2236 1655 2286 densitatem
1696 2238 1755 2297 5,
1811 2234 2025 2298 prodiret
2063 2237 2204 2298 eopia
2243 2239 2474 2286 materiae

225 2311 307 2370 50,
347 2308 629 2357 tantundem
657 2309 858 2370 scilieet,
898 2316 1147 2370 quantum,
1187 2310 1228 2357 si
1268 2309 1446 2358 molem
1472 2308 1618 2358 Jovis
1659 2310 1688 2357 5
1730 2311 1776 2356 in
1806 2309 2095 2357 densitatem
2121 2309 2233 2371 ejus
2260 2311 2323 2358 10
2348 2309 2476 2358 mul-

222 2382 509 2446 tiplicasses,
589 2382 652 2430 At
689 2381 1034 2445 praestabilius
1074 2388 1123 2432 et
1161 2383 1378 2431 ornatius
1417 2396 1523 2430 esse
1563 2381 1782 2442 videtur,
1836 2386 1888 2429 ut
1934 2394 2092 2444 neque
2140 2381 2294 2431 moles
2339 2383 2475 2445 ipsae
2510 2401 2511 2404 ¹

220 2455 475 2518 globorum
515 2453 735 2503 diversae
775 2455 1029 2503 densitatis
1067 2456 1163 2503 sint
1202 2456 1326 2504 inter
1365 2469 1417 2503 se
1455 2454 1703 2517 aequales,
1747 2467 1904 2516 neque
1927 2452 2141 2503 densitas
2180 2456 2228 2501 in
2267 2453 2476 2505 molibus

219 2527 474 2588 globorum
526 2528 867 2590 inaequalibus
906 2527 969 2576 sit
1007 2527 1203 2587 eadem,
1256 2542 1415 2590 neque
1455 2529 1601 2576 etiam
1640 2529 1782 2592 eopia
1818 2528 2051 2576 materiae
2090 2527 2378 2589 aequalibus
2412 2529 2475 2576 sit
2530 2571 2538 2581 „

222 2600 478 2649 distributa
514 2602 820 2662 portionibus
858 2614 943 2663 per
981 2615 1149 2650 omnes
1187 2599 1376 2663 globos,
1415 2599 1542 2649 mole
1581 2606 1628 2649 et
1654 2600 1892 2649 densitate
1930 2601 2160 2648 materiae
2197 2599 2474 2650 distinctos:

224 2675 340 2735 quin
381 2674 541 2736 potius
581 2679 634 2722 ut
671 2676 833 2722 omnia
870 2675 1072 2733 varient,
1114 2679 1168 2722 ut
1206 2687 1304 2736 quo
1343 2672 1510 2722 ordine
1548 2672 1680 2734 globi
1720 2671 1927 2722 mobiles
1967 2671 2078 2720 inde
2118 2689 2147 2720 a
2185 2678 2347 2722 centro
2379 2674 2471 2722 sibi

222 2747 428 2795 invicem
465 2745 746 2807 succedunt,
787 2745 955 2795 eodem
996 2747 1142 2795 etiam
1181 2746 1385 2809 (ordine,
1425 2747 1640 2808 inquam,
1678 2760 1773 2794 non
1813 2741 2142 2810 proportione)
2180 2759 2276 2794 non
2315 2747 2474 2809 spatia

222 2824 409 2867 tantum
456 2833 708 2882 corporum
747 2821 894 2882 inque
932 2820 991 2866 iis
1032 2821 1300 2879 raritatem,
1353 2818 1439 2868 sed
1477 2820 1629 2881 ipsam
1672 2821 1818 2867 etiam
1856 2819 2086 2867 materiae
2125 2819 2314 2880 copiam
2354 2820 2472 2881 ipsis

222 2891 563 2940 admetiamur:
617 2899 671 2941 ut
720 2894 760 2940 si
811 2893 1048 2942 Saturnus
1101 2892 1302 2940 haberet
1351 2893 1542 2954 copiam
1591 2894 1823 2940 materiae
1865 2892 1959 2950 50,
2012 2889 2133 2939 Jovi
2170 2891 2472 2954 relinquatur

223 2965 379 3012 minus
426 2965 620 3027 quidem
660 2980 807 3027 quam
843 2968 924 3023 50,
964 2965 1074 3027 plus
1111 2971 1274 3014 tamen
1315 2979 1463 3027 quam
1502 2963 1753 3012 dimidium
1794 2964 1888 3023 25,
1938 2963 2217 3025 puta·forte
2261 2965 2352 3012 36:
2403 2965 2472 3012 sic

225 3038 351 3083 enim
393 3043 530 3085 erunt
568 3052 770 3100 corpora
805 3037 999 3100 quidem
1039 3043 1093 3084 ut
1132 3038 1234 3086 50:
1266 3038 1359 3097 25,
1402 3039 1544 3100 eopia
1581 3039 1813 3085 materiae
1852 3042 1904 3083 ut
1944 3036 2171 3094 50:36,
2211 3038 2381 3085 raritas
2420 3042 2486 3085 ιιι·

227 3110 292 3156 50
320 3124 331 3156 :
362 3111 427 3157 36
467 3110 548 3159 vel
588 3113 654 3159 36
683 3126 695 3158 ι
726 3112 810 3171 25,
847 3126 937 3168 seu
976 3111 1216 3159 contraria
1253 3109 1467 3158 densitas
1506 3115 1560 3158 ut
1599 3111 1664 3158 25
1693 3125 1705 3157 :
1736 3111 1802 3157 36
1845 3108 1923 3157 vel
1963 3109 2029 3156 36
2060 3124 2072 3155 :
2104 3108 2187 3156 50.

366 3181 623 3231 Praeterea
649 3198 758 3232 cum
785 3183 993 3232 antehae
1018 3183 1363 3245 aequalitatem
1394 3183 1564 3244 copiae
1591 3180 1853 3231 materialis
1892 3195 2049 3230 essem
2073 3187 2282 3241 secutus,
2323 3194 2486 3230 coac-5
2551 3200 2554 3244 3

172 3252 181 3260 '
224 3259 302 3301 tus
327 3268 434 3301 sum
460 3256 802 3305 transscribere
840 3255 1162 3318 magnitudini
1188 3269 1441 3318 corporum
1467 3257 1827 3318 proportionem
1864 3255 2080 3315 ipsorum
2117 3253 2487 3316 periodieorum=
2547 3269 2554 3308 ς

224 3332 507 3388 temporum,
550 3333 602 3374 ut
640 3330 765 3377 sicut
789 3329 1027 3379 Saturnus
1066 3328 1214 3377 habet
1254 3330 1321 3376 30
1342 3342 1511 3388 annos,
1551 3327 1746 3390 Jupiter
1788 3329 1868 3383 12,
1907 3327 1977 3373 sic
2017 3326 2164 3373 etiam
2201 3325 2487 3389 amplitudo«,
2548 3318 2554 3329 '

223 3399 477 3460 globorum
504 3398 716 3446 Saturnii
754 3401 827 3448 ad1
853 3401 1103 3450 Jovialem
1141 3407 1270 3450 esset
1307 3408 1360 3448 ut
1400 3402 1466 3449 30
1505 3399 1568 3448 ad
1613 3403 1693 3448 12.
1767 3397 1909 3446 Hanc
1950 3411 2061 3446 vero
2088 3401 2486 3461 proportionem,·
2543 3413 2551 3451 ε

225 3476 279 3518 ut
314 3472 528 3529 nimiam,
568 3471 932 3522 observationes
970 3474 1315 3523 diametrorum
1352 3487 1489 3522 meae
1529 3479 1578 3521 et
1616 3473 1755 3521 Remi
1791 3470 2156 3532 redarguerunt.
2486 3521 2491 3524 ,
2546 3466 2548 3472 ’

370 3542 578 3604 Quarto:
630 3541 987 3604 proportionem
1038 3548 1209 3609 copiae
1255 3545 1519 3594 materialis
1567 3560 1674 3594 esse
1719 3542 2024 3592 statuendam
2070 3545 2286 3605 praecise
2325 3543 2467 3592 dimi-

225 3617 354 3667 diam
401 3616 728 3678 proportionis
774 3617 972 3665 molium
1022 3633 1108 3667 seu
1147 3618 1519 3682 amplitudinum
1570 3618 1639 3681 (et
1675 3618 1746 3665 sic
1783 3615 2081 3677 sesquiplam
2127 3615 2467 3664 diametrorum
2538 3659 2543 3671 ,

226 3693 274 3737 in
313 3689 472 3751 globis
512 3693 559 3736 et
597 3686 879 3735 dodrantem
916 3689 1293 3757 superficierum)
1338 3693 1433 3739 ista
1483 3690 1702 3738 suadent.
1776 3688 1902 3736 Nam
1953 3690 2107 3749 primo
2147 3690 2217 3737 sic
2255 3688 2361 3748 fiet,
2413 3692 2465 3735 ut
2535 3697 2542 3738 ὅ

226 3771 326 3812 tam
363 3761 485 3812 haec
523 3761 692 3822 copiae
729 3762 1001 3822 proportio,
1055 3778 1200 3823 quam
1239 3763 1515 3823 densitatis,
1563 3768 1766 3823 utraque
1806 3762 1868 3807 sit
1907 3759 2107 3808 dimidia
2143 3761 2480 3823 proportionis.
2533 3771 2541 3791 ²

224 3833 592 3886 intervallorum
629 3848 660 3882 a
695 3831 823 3894 Sole,
865 3837 1011 3895 atque
1047 3835 1118 3885 sie
1156 3836 1443 3900 aequalibus
1481 3834 1783 3901 portionibus
1833 3832 1962 3884 illius
1999 3834 2324 3901 proportionis
2372 3831 2476 3884 sibt
2532 3829 2538 3873 ἕ
