2554 4140
601 153 740 198 Liber
773 151 1019 199 Secundus.
1080 153 1150 199 De
1181 151 1384 210 Sphaera
1413 157 1459 198 et
1488 152 1665 199 circulis
1698 152 1810 220 ejus.
2225 155 2325 206 195

78 307 203 352 sunt.
278 302 340 350 Et
377 299 599 348 dicuntur
635 302 848 365 tropicus
888 301 1081 364 Cancri,
1135 303 1346 367 tropicus
1388 275 1693 365 Capricorni,
1735 303 1943 366 quilibet
1979 316 2010 352 a
2047 315 2136 351 suo
2176 300 2329 367 eclip-

77 378 202 424 ticae
238 378 434 438 puncto,
474 374 523 420 in
564 387 660 436 quo
701 377 857 438 tangit
895 356 1047 423 illam.

164 483 173 493 ·
224 459 483 523 Quomodo
521 460 669 510 aliter
707 461 988 509 dicuntur?
1025 460 1319 510 Solstitiales
1342 473 1414 520 e0,
1455 459 1601 523 quod,
1645 462 1927 524 priusquam
1950 463 2203 512 conversio
2241 460 2327 510 illa

79 547 245 581 cursus
292 531 420 580 Solis
468 532 821 595 qualiscunque
869 549 954 583 seu
1006 536 1169 596 potius
1220 533 1471 582 conversio
1525 526 1866 582 declinationis
1917 535 2022 597 ejus
2075 552 2104 584 a
2162 534 2325 583 media

76 603 354 668 aequatoris
390 605 522 653 linea
561 608 823 667 sentiatur,
875 606 958 655 Sol
997 609 1187 655 interim
1226 621 1311 670 per
1349 605 1452 655 dies
1491 606 1681 669 aliquot
1718 608 1766 653 in
1807 607 1976 657 eadem
2017 608 2327 670 elongatione

74 678 137 727 ab
174 683 438 741 aequatore
477 692 633 741 eoque
673 682 820 728 etiam
857 681 906 727 in
945 679 1116 728 eadem
1154 678 1410 728 altitudine
1447 681 1747 744 temporibus
1786 679 2065 728 meridianis
2101 682 2328 729 invenia—

74 756 165 812 tur,
205 753 349 800 etsie
385 760 605 814 respectu
632 751 779 814 hujus
817 752 1120 801 invariabilis
1148 751 1486 802 declinationis
1523 760 1571 802 et
1597 752 1883 813 altitudinis,
1925 752 1988 802 ad
2016 768 2162 816 quam
2201 767 2327 816 quo-

73 823 191 873 tidie
219 825 415 872 enititur
451 825 500 871 in
524 825 737 887 meridie,
778 824 1138 888 quodammodo
1177 831 1305 874 stare
1334 824 1569 875 videatur.
1646 826 1874 874 Lucanus
1914 825 1997 874 lib.
2032 825 2129 874 IX.
2168 825 2326 876 Phar-

76 896 229 945 saliae
278 899 516 961 tropicum
556 897 728 947 Cancri
777 899 993 963 appellat
1037 897 1266 947 circulum
1304 898 1391 947 alti
1428 898 1650 960 solstitii,
1706 913 1912 962 eumque
1954 900 2023 947 ait
2066 896 2328 963 percutere,

74 969 124 1016 id
161 976 236 1018 est
271 977 471 1034 tangere
508 971 721 1019 medium
761 973 927 1020 orbem
965 973 1227 1034 signorum,
1270 970 1320 1018 id
1358 977 1431 1020 est
1457 971 1742 1035 eclipticam,
1782 987 1867 1036 per
1903 971 2113 1021 mediam
2139 971 2328 1020 zodiaci

72 1040 383 1092 latitudinem
421 1043 629 1093 ductam.
708 1045 770 1093 Et
806 1045 1065 1108 respondet
1102 1044 1267 1105 locus;
1307 1044 1540 1109 templum
1581 1047 1707 1094 enim
1746 1044 2035 1094 Hammonis
2073 1046 2121 1092 in
2151 1044 2329 1105 Africa,

22 1111 26 1116 ’
73 1114 134 1164 de
173 1130 271 1178 quo
310 1116 391 1165 hic
428 1117 681 1178 Lucanus,
721 1117 1035 1166 Ptolemaeus
1075 1119 1212 1181 ponit
1248 1116 1427 1169 habere
1463 1117 1548 1169 lat.
1589 1117 1695 1180 280,
1749 1117 1881 1181 quod
1916 1118 2144 1168 Lucanus
2183 1132 2328 1166 usur-

73 1191 210 1252 pavit
246 1204 333 1254 pro
375 1187 558 1257 23¹s2⁰·
634 1191 836 1239 Frustra
873 1189 1111 1253 Sulpitius
1142 1189 1284 1249 ‚aliud
1321 1191 1687 1255 subtintelligit,
1727 1191 1938 1241 solstitia
1967 1189 2330 1255 multiplicans;

72 1263 276 1310 nimium
313 1262 420 1311 fidit
455 1263 681 1325 Lucano,
738 1266 822 1327 qui
861 1264 1118 1312 verborum
1158 1262 1390 1328 prodigus
1427 1264 1581 1313 multa
1617 1264 1696 1313 hie
1745 1265 2008 1328 glomerat,
2059 1279 2183 1328 quae
2224 1278 2332 1312 cum

73 1337 171 1399 ipsi
209 1337 394 1399 tropico
422 1335 615 1402 Cancri,
653 1343 757 1385 tum
795 1338 885 1385 toti
922 1351 1074 1386 zonae
1101 1335 1340 1396 torridae,
1365 1336 1596 1401 pleraque
1620 1336 1810 1387 mediae
1849 1340 2128 1402 aequatoris
2153 1337 2328 1397 lineae,

76 1407 320 1472 quaedam
359 1411 505 1458 etiam
545 1412 730 1474 tropico
771 1409 1052 1474 Capricorni
1092 1416 1140 1458 et
1175 1409 1297 1459 locis
1336 1409 1705 1460 australioribus
1747 1417 2041 1477 competunt.
2073 1406 2135 1478 ¹⁹)

67 1545 69 1548 ,
223 1496 367 1560 Quae
405 1497 515 1546 loca
560 1497 745 1545 Terrae
782 1497 995 1546 subsunt
1030 1500 1219 1561 tropico
1264 1496 1488 1546 Cancri?
1537 1497 1738 1547 Initium
1778 1499 1884 1562 ejus
1921 1504 1996 1548 est
2033 1500 2081 1545 in
2122 1497 2332 1547 citeriori

72 1575 209 1632 parte
245 1569 464 1632 Africae,
512 1570 641 1619 ultra
679 1570 957 1631 Atlantem,
1010 1572 1280 1634 transitque
1332 1585 1417 1635 per
1455 1570 1664 1620 confinia
1700 1571 1890 1636 Libyae
1930 1578 1977 1621 et
2001 1586 2100 1636 ,per
2138 1571 2330 1635 Syenen

72 1642 381 1706 Aethiopiae.
456 1643 577 1692 Inde
616 1643 819 1706 trajecto
858 1644 976 1692 mari
1008 1643 1177 1693 Rubro
1217 1643 1344 1691 ultra
1381 1649 1595 1693 montem
1621 1644 1759 1694 Sinai
1798 1652 1845 1694 et
1870 1644 2111 1706 Mecham,
2149 1642 2334 1693 Maho-

0 1716 3 1799 ᾗ
75 1718 217 1763 metis
256 1717 480 1779 patriam,
521 1715 694 1765 exinde
731 1716 966 1765 Arabiam
1003 1717 1207 1778 felicem,
1246 1716 1550 1769 Nabataeam
1590 1717 1769 1767 dictam
1794 1714 1876 1783 20),
1916 1718 2126 1767 mediam
2165 1722 2330 1779 secat3

0 1811 3 1844 Ι
77 1788 422 1852 ingressusque
461 1803 696 1838 oceanum
735 1790 959 1838 Indicum
996 1790 1124 1839 ultra
1161 1793 1321 1838 sinum
1358 1789 1624 1855 Persicum,
1661 1791 1886 1840 litoribus
1927 1791 2245 1858 Caramaniae
2286 1795 2335 1838 et

1 1847 4 1867 '
59 1862 212 1917 ,ostiis
249 1861 359 1910 Indi
398 1862 552 1924 fluvii,
591 1862 893 1925 trajectaque
931 1863 1073 1911 India
1113 1865 1251 1911 ostiis
1291 1861 1478 1926 Gangis
1517 1865 1840 1927 propinquat3
1882 1879 2170 1928 rursumque
2211 1877 2332 1912 con-

71 1935 305 1983 tinentem
355 1950 614 1999 aggressus
662 1935 854 1984 Indiam
912 1942 1048 1985 extra
1087 1934 1309 1999 Gangem
1347 1937 1547 1999 trajicit,
1600 1936 1882 2001 ultimisque
1922 1937 2049 1986 Sinis
2105 1936 2334 1986 salutatis

0 2044 7 2058 ,,
73 2021 310 2056 oceanum
344 2009 604 2058 australem
632 2010 1040 2072 spatiosissimum
1065 2009 1244 2072 trajicit
1271 2015 1318 2058 et
1350 2009 1455 2071 jam
1480 2009 1736 2060 Americae
1775 2012 2172 2076 appropinquans
2210 2009 2334 2058 infra

0 2087 7 2106 ³
74 2079 403 2130 Calisormiam
439 2097 641 2145 regnum
690 2082 1002 2131 Mexicanum
1040 2082 1268 2142 adoritur,
1308 2082 1579 2132 Mechoaca
1618 2089 1666 2132 et
1703 2083 1903 2139 Mexico,
1936 2083 2084 2149 paulo
2124 2084 2330 2145 citerior,

6 2186 9 2222 3
72 2167 388 2218 egressusque
428 2157 476 2202 in
514 2157 673 2204 sinum
699 2155 1025 2218 Mexicanum,
1064 2156 1210 2205 litora
1247 2155 1647 2221 septentrionalia
1674 2157 1842 2208 Cubae
1876 2157 2058 2221 legem,
2099 2159 2148 2205 in
2186 2171 2332 2206 ocea-

8 2287 9 2290 ,
71 2240 187 2276 num
224 2228 527 2279 Atlanticum
564 2243 673 2279 sese
710 2228 939 2280 revolvit.

10 2355 11 2371 2
221 2315 363 2378 Quae
401 2315 512 2365 loca
558 2316 741 2365 Terrae
789 2317 1002 2365 subsunt
1051 2318 1253 2380 tropico·
1285 2315 1621 2380 Capricorni?
1668 2316 1765 2366 Hic
1802 2317 1851 2364 in
1893 2331 2077 2367 oceano
2119 2312 2330 2366 Aethio-

9 2374 13 2397 *
70 2387 181 2449 pico
236 2383 409 2437 ultimo
462 2391 585 2438 inter
632 2389 842 2438 insulam
880 2389 929 2438 S.
968 2389 1188 2439 Helenae
1239 2395 1288 2439 et
1335 2395 1482 2454 caput
1518 2390 1688 2440 Bonae
1727 2390 1868 2454 Spei,
1925 2405 2011 2439 seu
2066 2390 2329 2440 australem

11 2453 13 2522 ᾗ
71 2460 265 2510 Africae
305 2464 672 2523 extremitatem,
710 2463 929 2524 linguam
967 2463 1102 2511 illam
1141 2462 1336 2512 Africae
1375 2477 1460 2511 seu
1501 2459 1879 2528 Monamotapae
1917 2478 2118 2527 regnum
2157 2470 2206 2514 et
2242 2477 2335 2512 au-

12 2534 15 2596 ]
71 2532 267 2582 stralem
315 2541 503 2598 partem
551 2535 739 2585 insulae
777 2535 1100 2598 Madagascar
1152 2542 1286 2585 secat
1340 2550 1688 2600 oceanumque
1721 2536 2004 2586 orientalem
2041 2537 2328 2600 longissimo

12 2597 15 2605 ’
72 2599 228 2656 tractu
275 2607 572 2671 pervadens,
618 2623 903 2671 rursumque
952 2609 1169 2672 linguam
1219 2623 1334 2658 orae
1382 2609 1739 2672 Magellanicae
1778 2611 1901 2659 infra
1938 2609 2095 2659 Javas
2133 2609 2334 2670 insulas,

16 2726 17 2742 ¹
73 2684 122 2728 et
157 2686 270 2744 post
308 2681 664 2744 aliquantulum
703 2684 873 2731 oceani
922 2681 1071 2731 aliam
1107 2681 1464 2744 Magellanicae
1504 2696 1660 2745 oram,
1713 2684 1905 2732 Novam
1946 2683 2186 2732 Guineam
2226 2682 2329 2730 dic-

16 2784 18 2786 -
75 2758 190 2812 tam,
230 2754 437 2816 trajicit3
477 2760 592 2803 tunc
629 2755 890 2804 australem
937 2769 1172 2804 oceanum
1210 2755 1338 2803 ultra
1363 2754 1639 2805 Salomonis
1679 2755 1862 2804 insulas
1899 2759 2143 2819 ingressus
2179 2753 2328 2818 paulo

72 2827 231 2874 minus
280 2826 480 2875 dimidia
527 2829 601 2875 sui
654 2826 955 2891 longitudine
1007 2829 1175 2877 oceani
1213 2827 1440 2877 fluctibus
1478 2831 1732 2893 mergitur,
1774 2829 1927 2877 donec
1966 2830 2013 2875 in
2053 2827 2330 2877 Americam

74 2898 304 2960 evadens,
345 2900 566 2949 ultimam
607 2901 712 2963 ejus
749 2901 969 2963 linguam
1005 2907 1269 2964 praesecat,
1312 2901 1558 2964 ingressus
1599 2917 1658 2951 ex
1697 2908 1831 2965 parte
1869 2903 2150 2964 provinciae
2186 2899 2328 2962 Chili,

74 2983 394 3036 egressusque
431 2974 479 3020 in
521 2987 758 3023 oceanum
795 2974 1098 3024 Atlanticum
1137 2976 1206 3024 cis
1246 2974 1371 3024 ostia
1419 2973 1557 3023 fluvii
1597 2975 1829 3039 Argentei
1880 2976 1929 3022 in
1965 2973 2206 3038 Brasilia3
2261 2974 2331 3023 sic

74 3045 273 3095 minima
309 3052 386 3095 sui
424 3053 561 3111 parte
601 3046 776 3097 Terras
815 3046 929 3096 adit.

868 3178 976 3229 VII.
1031 3178 1167 3227 v111.
1222 3179 1260 3226 P
1282 3178 1395 3228 ola
1414 3193 1436 3226 r
1457 3193 1482 3227 e
1502 3193 1539 3226 S.

227 3295 365 3345 Unde
402 3299 645 3346 oriuntur
684 3294 931 3344 Polares?
977 3294 1218 3357 Ecliptica
1254 3294 1345 3343 sub
1385 3293 1493 3342 fixis
1532 3293 1680 3343 habet
1719 3308 1835 3343 suos
1873 3294 2040 3357 polos,
2096 3293 2328 3345 distantes

80 3381 112 3416 a
145 3368 270 3433 polis
309 3369 492 3419 mundi.
568 3369 722 3431 Finge
763 3382 876 3430 ergo
917 3366 1036 3415 duas
1074 3372 1229 3415 rectas
1268 3381 1326 3416 ex
1368 3372 1530 3415 centro
1571 3366 1749 3417 Terrae
1790 3382 1942 3431 usque
1981 3367 2045 3417 ad
2082 3368 2218 3428 fixas,
2261 3383 2328 3417 sc.

80 3441 128 3488 in
151 3441 292 3504 polos
331 3442 581 3506 eclipticas
624 3442 837 3501 eductas,
881 3453 1004 3502 quae
1041 3440 1360 3501 quiescenteS,
1399 3438 1722 3489 intercedente
1762 3446 1898 3490 motu
1923 3441 2101 3491 Terrae
2141 3440 2329 3503 diurne,

80 3515 311 3564 secabunt
359 3515 661 3580 superficiem
700 3514 930 3573 Telluris,
989 3512 1227 3560 sectiones
1278 3518 1418 3561 erunt
1470 3511 1633 3562 circuli
1687 3515 1827 3579 parvi
1886 3516 2013 3563 circa
2069 3520 2327 3577 utrumque

21 3545 27 3642 ι
81 3584 258 3638 Terrae
297 3588 491 3653 polum3
530 3588 702 3637 horum
742 3588 928 3650 effigies
969 3584 1163 3649 depingi
1203 3583 1360 3634 solent
1395 3586 1443 3632 in
1470 3585 1670 3649 globulo
1709 3579 1945 3652 sphaerae
1972 3587 2148 3636 medio.
2208 3586 2329 3634 Affi-

22 3673 27 3696 ·
82 3665 254 3722 gantur
299 3662 402 3724 jam
453 3663 578 3718 istae
624 3661 783 3710 lineae
833 3662 882 3706 in
923 3672 1017 3706 uno
1060 3657 1224 3719 aliquo
1265 3657 1428 3707 circuli
1478 3663 1653 3709 terreni
1691 3667 1897 3723 punct0,
1946 3675 2134 3709 rursum
2180 3660 2328 3722 igitur

24 3701 55 3777 ξ’
82 3732 406 3784 intercedente
444 3742 579 3785 motu
620 3734 789 3782 diurno
836 3733 966 3780 linea
1005 3732 1128 3790 ista,
1187 3744 1283 3779 una
1321 3745 1429 3780 cum
1466 3731 1717 3787 volutione
1755 3733 1966 3782 Telluris
2005 3734 2326 3791 circumtorta,

84 3802 184 3870 tub]
236 3807 345 3856 fixis
401 3807 644 3857 describet
708 3805 912 3855 circulos
973 3801 1317 3865 respondentes
1376 3803 1470 3853 illis
1529 3805 1845 3855 terrestribus.
1936 3804 2098 3869 Atque
2159 3803 2332 3852 horum

23 3864 31 3943 ζ
86 3877 270 3942 effigies
307 3886 420 3930 sunt
455 3880 648 3944 polares
687 3878 802 3929 dicti
840 3880 888 3927 in
927 3876 1134 3939 sphaera
1171 3876 1424 3926 materiali.

1851 3965 1963 4013 13*
