2554 4140
938 91 1166 138 Praefatio
1197 97 1243 138 et
1270 92 1510 150 Epistolae
1951 112 1954 116 ’
2239 83 2345 149 '647
2368 127 2373 132 .
2410 141 2413 143 .

365 241 446 290 18.
482 241 627 290 Febr.
665 242 823 290 1616.
902 240 1074 304 Quae
1111 244 1175 290 in
1215 242 1386 290 Luna
1422 246 1664 289 restent
1702 244 2098 305 emendanda.

264 345 316 404 1)
354 343 411 390 In
460 343 879 393 transformatione
925 344 1092 394 valent
1128 345 1350 404 tabulae,
1402 343 1578 406 quibus
1616 345 1813 394 minutis
1859 349 1971 393 ante
2011 344 2156 393 finem
2192 357 2348 392 anno-

99 428 206 463 rum
244 414 590 478 completorum
628 413 730 478 (qui
756 415 864 464 finis
903 417 1190 481 intelligitur
1227 419 1277 464 in
1315 416 1513 466 meridie
1558 418 1601 464 1.
1630 415 1742 465 Jan.
1776 420 1889 465 anni
1915 414 2182 483 sequentis)
2210 416 2348 464 Luna

99 489 148 534 in
195 501 416 550 apogaeo
465 488 632 548 fuerit,
687 493 734 536 et
780 490 864 537 ubi
916 496 1031 539 tunc
1078 503 1352 553 apogaeum
1402 494 1449 538 et
1498 487 1668 536 nodus.
1745 490 1931 538 Diebus
1979 490 2076 538 illis
2131 496 2178 539 et
2215 490 2345 538 horis
2395 506 2432 524 w

100 559 343 608 adduntur
378 559 606 623 completi
654 560 755 609 dies
795 567 842 610 et
877 562 1026 612 horae
1074 563 1132 611 de
1170 577 1296 610 anno
1335 567 1576 620 currente,
1632 561 1690 609 de
1735 578 1923 610 summa
1969 545 2248 611 auferuntur
2287 566 2347 611 ex

98 633 282 680 tabella
318 633 578 695 subjuncta
615 633 718 682 dies
757 640 804 683 et
839 634 988 684 horae
1039 641 1087 685 et
1130 637 1317 683 minuta
1364 634 1722 683 revolutionum
1773 635 2090 698 integrarum,
2144 650 2346 698 quarum

97 720 284 754 summa
322 711 396 754 est
431 707 648 768 proxime
687 708 856 755 minor.
2145 716 2148 720 ’

241 780 298 843 2)
336 778 771 826 Transformationi
819 779 1082 842 subjuncta
1130 784 1217 828 est
1239 794 1348 828 mea
1376 764 1529 827 manu
1574 778 1745 827 tabula
1782 779 1975 841 gemina.
2023 758 2184 827 motus
2222 775 2346 842 apo-

95 852 230 912 gaei‚
287 851 403 899 nodi
444 857 491 899 et
542 851 812 901 anomaliae
851 851 1040 900 mediae
1085 866 1185 915 pro
1214 852 1385 901 diebus
1435 859 1482 900 et
1520 851 1674 912 horiS,
1724 857 1770 899 et
1819 851 2016 910 sufficit,
2071 855 2146 899 ut
2145 848 2251 903 illa
2283 852 2345 900 ad

36 975 41 979 ,
96 919 160 970 2Ἴ
208 923 310 972 dies
347 930 642 987 prorogetur.
723 925 794 972 Ex
833 924 920 972 illa
957 928 1277 1008 excerpuntur
1313 925 1548 973 himotus
1585 938 1672 988 pro
1703 924 1907 972 residuis
1935 915 2104 971 diebus
2144 930 2192 972 et
2217 925 2346 989 horis
2418 917 2421 921 ¹

94 1002 143 1044 et
179 997 250 1044 sic
286 995 557 1045 absolvitur
595 1003 753 1051 motus
792 998 999 1059 apogaei
1040 1003 1088 1046 et
1125 997 1254 1046 nodi.

235 1065 294 1135 3)
336 1069 458 1117 Cum
497 1070 742 1118 anomalia
780 1071 1025 1132 quaeritm
1064 1075 1335 1132 coaequata
1373 1084 1432 1119 ex
1457 1084 1588 1118 nova
1611 1070 1781 1120 tabula
1817 1053 2175 1131 aequationum,
2218 1083 2343 1131 quae
2444 1116 2446 1118 .

92 1139 286 1203 adjecta
335 1147 409 1190 est
456 1144 506 1188 in
558 1144 770 1206 paginis
790 1143 1041 1205 separatis,
1117 1142 1194 1190 Ibi
1231 1148 1344 1190 sunt
1387 1139 1432 1208 a)
1464 1142 1744 1191 anomaliae
1784 1143 1991 1190 eccentri
2028 1143 2075 1188 in
2114 1133 2347 1204 gradibus
2422 1163 2424 1166 ·

92 1214 293 1276 integris
356 1229 464 1262 cum
526 1215 798 1285 subjunctis
860 1215 1233 1286 aequationibus
1292 1214 1530 1278 physiciS,
1595 1213 1644 1281 b)
1692 1214 1971 1264 anomaliae
2025 1220 2342 1277 coaequatae,

90 1282 135 1351 c)
173 1288 490 1349 aequationes
528 1293 675 1345 totae.

234 1373 289 1436 4)
328 1372 617 1436 Apogaeum
645 1373 813 1423 Lunae
853 1374 1065 1423 aufertur
1102 1391 1132 1424 a
1169 1375 1278 1424 loco
1305 1371 1399 1441 Θ,
1439 1371 1555 1424 tunc
1586 1376 1634 1423 in
1660 1377 1851 1438 postica
1876 1365 2114 1424 involucri
2142 1335 2341 1423 tabulae
2397 1439 2399 1441 ι
2455 1390 2457 1394 ·

2 1491 6 1496 ,
86 1460 331 1508 expansae
380 1452 455 1495 est
499 1446 668 1494 tabula
716 1446 976 1497 distantiae
1016 1446 1085 1514 Θ
1126 1449 1188 1496 ab
1211 1463 1448 1512 apogaeo
1487 1449 1685 1510 Lunae,
1736 1451 1782 1495 in
1824 1448 1926 1517 qua'
1961 1449 2184 1511 quaesita
2219 1447 2342 1496 haec

87 1518 318 1568 distantia
355 1519 552 1567 exhibet
588 1520 815 1583 scrupula
854 1535 962 1569 cum
1000 1521 1159 1570 titulo.
1734 1541 1739 1546 ·
1895 1550 1897 1553 ·

236 1593 290 1653 5)
331 1591 560 1640 Aufertur
596 1591 738 1641 locus
765 1593 826 1655 (ο)
866 1594 947 1643 vel
986 1592 1353 1660 oppositum&
1393 1609 1422 1643 a
1459 1594 1566 1642 loco
1593 1594 1776 1655 Lunae,
1819 1609 1927 1643 cum
1951 1592 2144 1643 residuo
2174 1570 2340 1643 excer-

87 1666 217 1728 pitur
255 1680 314 1714 ex
352 1665 545 1725 tabula,
598 1666 707 1714 loco
747 1668 887 1715 tertio
929 1667 1080 1728 dicta,
1131 1669 1358 1730 aequatio
1397 1673 1500 1716 tota
1538 1672 1586 1715 et
1621 1667 1970 1731 multiplicatur
2007 1669 2055 1714 in
2110 1667 2337 1731 scrupula

84 1751 171 1800 pro
210 1739 503 1801 aequatione
541 1744 803 1788 menstrua.
2398 1741 2403 1746 ’

247 1827 298 1889 6)
354 1822 643 1899 Duplicatur
705 1826 937 1875 distantia
983 1823 1052 1892 Q
1104 1841 1134 1875 a
1185 1827 1246 1890 Θ
1284 1831 1348 1876 et
1398 1841 1506 1876 curn
1565 1826 1656 1875 hac
1707 1842 1766 1876 ex
1816 1828 1984 1876 tabula
2034 1829 2339 1891 aequationis

83 1904 356 1948 menstruae
407 1895 676 1962 excerpitur
734 1901 943 1948 variatio
998 1914 1107 1948 cum
1156 1899 1299 1948 titulo
1359 1905 1407 1948 et
1454 1900 1680 1963 scrupula
1732 1901 2002 1950 latitudinis
2052 1908 2099 1950 et
2151 1916 2339 1994 aequa-

0 1989 9 1995 ·
83 1974 151 2021 tio
189 1971 323 2021 nodi.

226 2056 277 2123 7)
314 2058 474 2107 Locus
525 2057 639 2106 nodi
677 2065 915 2121 aequatus
955 2059 1169 2108 aufertur
1206 2075 1237 2108 a
1270 2059 1379 2108 loco
1406 2055 1500 2126 Q,
1553 2074 1660 2108 cum
1697 2061 1889 2110 residuo
1930 2078 1987 2111 ex
2015 2063 2182 2113 tabula
2220 2063 2344 2113 lati--

0 2174 1 2177 ,
82 2132 280 2194 tudinis,
318 2146 445 2193 quae
483 2132 727 2180 invenitur
764 2134 812 2178 in
851 2131 1127 2181 Lunaribus
1166 2132 1440 2196 TychoniS‚
1468 2136 1739 2198 excerpitur
1772 2135 1980 2185 latitudo
2021 2142 2068 2185 et
2108 2152 2338 2188 excessus

5 2267 10 2270 Δ
80 2208 131 2254 in
169 2205 395 2268 quadris,
433 2198 828 2267 multiplicandus
866 2207 914 2252 in
952 2205 1181 2269 scrupula
1219 2205 1504 2263 latitudinis,

229 2289 287 2359 8)
327 2293 401 2340 Ex
426 2289 595 2340 tabula
618 2291 913 2341 reductionis
940 2292 1009 2341 ad
1030 2292 1336 2356 eclipticam
1323 2307 1373 2340 m
1394 2291 1668 2343 Lunaribus
1691 2294 1938 2358 Tychonis
1970 2310 2078 2349 cum
2104 2296 2334 2349 distantia

86 2362 153 2432 ᾧ
194 2381 224 2414 a
259 2356 389 2414 nodo
429 2366 701 2427 excerpitur
737 2363 882 2414 haec
897 2360 1289 2428 aequatiuncula.

230 2437 370 2487 Haec
407 2439 555 2499 igitur
593 2437 892 2486 commodius
933 2445 980 2487 et
1016 2439 1212 2487 brevius
1251 2445 1300 2488 et
1334 2439 1592 2506 perfectius
1630 2441 1700 2489 sic
1737 2438 1942 2503 possunt
1980 2409 2186 2506 disponi.

136 2511 141 2516 '
228 2511 391 2559 Prima
427 2510 597 2559 tabula
635 2513 683 2557 in
722 2511 903 2559 tabulis
940 2511 1187 2575 Rudolphi
1225 2512 1613 2561 accommodetur
1647 2513 1709 2561 ad
1734 2515 1945 2579 mediam
1970 2523 2175 2583 noctem,
2216 2520 2341 2567 sub-
2422 2529 2426 2533 ’

83 2585 250 2632 tractis
306 2584 367 2632 ab
419 2586 631 2651 omnium
685 2598 919 2631 annorum
964 2584 1058 2634 fine
1108 2585 1237 2633 horis
1281 2588 1361 2634 12.
1438 2585 1737 2654 Extendatur
1780 2576 1943 2636 autem
1981 2590 2150 2655 tabula
2189 2593 2334 2640 etiam
2397 2625 2400 2629 -

0 2694 3 2698 .
83 2657 146 2705 ad
185 2657 282 2705 alia
320 2663 554 2719 tempora,
597 2658 871 2706 examinato
920 2659 1053 2720 prius
1091 2663 1225 2706 motu
1264 2658 1569 2722 Tychonico·
1587 2673 1673 2721 per
1711 2662 2072 2723 antiquissimas
2094 2662 2334 2728 eclipses·

0 2722 3 2725 ’
82 2729 389 2792 Quaerantur
426 2744 494 2778 sc
533 2729 719 2793 periodi
759 2730 1030 2780 anomaliae
1069 2745 1126 2779 ex
1165 2731 1451 2780 Prutenicis.

252 2860 355 2899 Dies
385 2859 427 2898 in
459 2861 502 2901 4.
533 2857 715 2899 Julianis
745 2859 889 2899 insunt
918 2861 975 2900 24
1007 2860 1153 2909 Sexag
1187 2862 1254 2901 21
1295 2830 1405 2932 124
1427 2833 1467 2872 5
1506 2784 1679 2933 12·Ξί
1711 2833 1781 2931 {ss
1815 2834 1887 2934 g}-
1919 2834 1978 2933 ΞΖ

1379 2949 2056 3007 ,π’

3 3008 5 3010 ’
84 3021 131 3059 ln
162 3020 284 3059 annis
319 3021 402 3061 180
434 3022 589 3058 rest-ant
618 3018 668 3059 2⁰
696 3019 769 3061 40‘
804 3019 884 3061 15¹
889 3049 899 3059 .
964 3022 1006 3061 2.
1038 3021 1109 3060 40.
1146 3021 1198 3060 15
1276 3050 1281 3057 .
1329 3023 1513 3070 sexagies

957 3079 998 3118 5.
1033 3080 1100 3119 20.
1136 3080 1190 3119 30
1324 3079 1545 3120 duodecies
1592 3120 1597 3124 ,

1029 3139 1099 3177 40.
1164 3140 1203 3177 3.
1236 3137 1291 3177 45
1325 3139 1565 3190 quindecies
1627 3141 1668 3180 3.
1702 3140 1769 3181 58
1807 3140 1964 3180 13.10
2009 3140 2149 3180 tricies

938 3195 1343 3253 W
1626 3200 1666 3239 1.
1698 3199 1767 3238 59.
1829 3199 1869 3239 6.
1902 3198 1963 3237 35
2004 3193 2246 3252 quindecies
2286 3251 2293 3258 1

1625 3271 1767 3313 5.57.
1802 3273 1868 3312 19.
1899 3273 1955 3312 45
1997 3270 2111 3312 45¹e=

0 3407 2 3410 v
226 3354 352 3415 Ergo
390 3351 476 3400 fiat
514 3354 730 3401 extensio
769 3352 967 3404 tabulae
1005 3371 1091 3420 per
1129 3370 1280 3406 annos
1328 3358 1442 3417 180,
1493 3358 1653 3406 lineae
1690 3358 1804 3407 fient
1841 3373 1936 3408 non
1976 3359 2103 3409 ultra
2142 3361 2209 3430 40
2248 3361 2327 3410 vel

0 3480 1 3483 Ἴ
82 3427 165 3476 50.
244 3425 574 3487 Quadriennia
623 3441 736 3474 vero
790 3427 836 3472 in
887 3430 1025 3476 annis
1079 3430 1144 3477 80
1195 3429 1373 3478 facient
1421 3430 1577 3479 lineas
1618 3426 1711 3492 45,
1762 3433 1847 3481 sed
1879 3436 2109 3496 praestat
2160 3427 2325 3483 ornnes

86 3502 186 3549 180
225 3512 379 3548 annos
418 3498 583 3548 ordine
623 3499 860 3547 collocare
895 3501 1094 3550 totidem
1133 3501 1288 3550 lineis.
1348 3522 1413 3563 0

225 3571 449 3621 Secunda
485 3572 654 3621 tabula
694 3578 867 3622 manet

224 3652 390 3699 Tertia
427 3663 523 3699 non
563 3652 752 3702 videtur
791 3666 913 3715 opus
950 3653 1159 3715 habere3
1201 3654 1425 3705 columna
1451 3651 1794 3719 aequationum
1826 3629 2014 3707 tantum
2041 3659 2324 3708 absolvatur

82 3738 189 3772 cum
244 3724 522 3773 differentiis
575 3721 628 3774 ut
682 3725 887 3775 aliorum
940 3726 1255 3791 planetarum.
1331 3728 1501 3779 Potest
1555 3729 1865 3814 multiplicari
1919 3727 2084 3817 facile,
2140 3738 2192 3781 ut
2233 3737 2324 3805 cat

11 3824 13 3826 ·
84 3796 146 3860 ad
186 3797 304 3846 360.
