2560 4100
199 134 233 180 4
799 125 852 171 In
893 125 1134 184 Epitomen
1162 126 1474 175 Astronomiae
1505 126 1838 195 Copernieanae

198 276 329 324 tibus
367 279 415 323 et
451 276 500 322 in
535 271 804 323 Harmonia
841 290 972 326 nova
1009 279 1297 335 astronomis
1335 277 1512 326 tradita
1548 283 1706 336 erant,
1765 282 1813 326 et
1851 289 1975 339 quae
2014 288 2104 338 ope
2143 276 2247 324 tubi
2286 275 2436 337 optici

201 347 451 397 Galilaeus
499 352 564 395 et
592 345 675 395 Jo
716 347 966 398 Fabricius
1017 353 1065 397 in
1115 352 1256 409 coelo
1304 353 1536 400 memoria
1583 351 1730 413 digna
1769 349 1831 398 ad
1867 347 2248 412 promovendam
2285 353 2437 406 artem

197 423 495 470 invenerant.
570 419 741 468 Insunt
787 421 932 484 igitur
969 423 1082 471 huic
1120 426 1254 487 operi
1306 425 1503 487 „leges“
1555 440 1586 472 a
1628 423 1840 486 Keplero
1892 423 2143 483 inventae,
2199 421 2446 485 Tychonis

199 495 590 543 observationum
627 493 842 556 historia,
883 495 1063 558 placita
1099 490 1344 560 Tychonis
1374 489 1432 546 de
1459 503 1593 545 motu
1621 503 1668 545 et
1696 496 1893 544 orbibus
1917 494 2220 557 planetarum
2247 509 2441 543 eorum-

199 582 291 628 que
331 562 570 613 distantiis
609 581 640 614 a
675 565 789 615 Sole
827 573 875 616 et
912 568 1075 630 Terra,
1115 577 1163 617 et
1190 570 1355 618 Lunae
1383 570 1570 618 theoria
1595 568 1827 631 ejusdem,
1866 567 2069 615 historia
2094 582 2273 627 eorum,
2315 581 2440 629 quae

198 638 447 688 Galilaeus
474 644 522 687 et
545 638 711 687 Simon
737 639 924 688 Marius
951 643 999 688 in
1023 642 1192 690 Lunae
1218 643 1485 705 superficie,
1524 643 1574 690 in
1598 642 1803 691 Veneris
1841 645 1889 688 et
1918 640 2153 688 Mercurii
2193 640 2442 687 illumina-

196 714 351 772 tione,
400 713 449 758 in
499 710 628 761 Jove
677 718 724 761 et
771 713 981 762 Saturno
1035 714 1340 774 detexerant,
1391 729 1480 764 nec
1527 728 1624 762 non
1673 713 1872 778 Kepleri
1911 714 2063 776 ipsius
2102 714 2344 761 sententia
2381 711 2440 759 de
2483 705 2486 708 ’

198 790 333 832 motu
371 783 500 833 Solis
539 787 664 833 circa
701 800 841 835 axem
881 802 1036 847 suum,
1077 803 1223 849 quam
1259 781 1491 837 fulciebat
1528 786 1745 848 maculiS,
1788 800 1909 848 quas
1947 785 2031 836 J0.
2059 785 2311 834 Fabricius
2336 786 2439 847 pri-

193 873 300 905 mus
347 858 395 904 in
443 857 557 906 Sole
603 865 942 921 conspexerat,
995 875 1080 922 per
1125 860 1253 908 Solis
1300 861 1603 923 superficiem
1652 875 1702 909 se
1752 859 2168 922 promoventibus
2244 858 2437 907 Novam

172 931 401 993 ‘denique
442 930 656 979 condidit
681 931 921 994 Keplerus
958 934 1006 979 in
1044 933 1138 980 hoc
1176 926 1321 995 opere
1358 934 1595 983 theoriam
1634 938 1853 982 motuum
1883 931 2052 980 Lunae
2091 930 2441 993 deliquiorum-

197 1019 290 1067 que
328 1003 569 1052 Solarium
608 1011 655 1052 et
692 1004 972 1067 Lunarium,
1014 1005 1275 1077 emendans
1314 1013 1362 1056 et
1398 1006 1702 1070 locupletans
1741 1021 1813 1067 ea,
1856 1020 1982 1068 quae
2008 1003 2182 1068 Tycho
2209 1007 2256 1052 in
2288 1004 2443 1067 „Pro-
2485 1007 2517 1030 ·’

197 1078 647 1142 gymnasmatibus“
691 1077 920 1136 edixerat.

337 1149 404 1199 Ut
443 1149 613 1198 eadem
649 1153 835 1199 ratione
882 1166 980 1212 qua
1036 1152 1084 1199 in
1135 1153 1413 1214 praemissis
1450 1152 1779 1201 voluminibus
1827 1149 2172 1243 procedamuS‚
2231 1150 2439 1213 singula,

166 1238 323 1286 quae
360 1225 524 1271 insunt
562 1227 784 1284 sequenti
823 1226 970 1286 operi,
1012 1224 1179 1274 ordine
1220 1227 1594 1275 recensebimus.

343 1295 494 1344 Liber
533 1296 575 1343 1.
617 1298 829 1359 quinque
867 1298 1088 1359 partibus
1126 1300 1365 1362 principia
1401 1298 1550 1348 tradit
1591 1298 1947 1360 „astronomiae
1983 1299 2034 1345 in
2059 1311 2233 1360 genere
2262 1295 2442 1345 doctri-

197 1384 385 1431 naeque
436 1368 716 1431 sphaericae
764 1372 812 1417 in
864 1360 1075 1432 spedef‘
1152 1371 1438 1421 Praemissis
1487 1370 1846 1421 definitionibus
1884 1371 1987 1419 adit
2023 1370 2263 1433 Keplerus
2296 1376 2446 1431 parte

194 1445 367 1504 prima
417 1445 760 1490 astronomiam
810 1445 999 1505 ipsam,
1048 1444 1250 1507 figuram
1298 1445 1476 1506 Terrae
1526 1444 1782 1493 rotundam
1832 1443 2158 1504 demonstrat,
2224 1442 2442 1505 ejusdem

195 1514 576 1579 magnitudinem
612 1516 955 1565 dimetiendam
994 1517 1160 1579 docet,
1207 1520 1376 1580 paucis
1424 1532 1650 1567 enarrans
1689 1524 1908 1567 veterum
1960 1516 2020 1565 de
2074 1515 2230 1579 figura
2265 1516 2446 1565 Terrae

196 1590 448 1651 opiniones
488 1595 536 1637 et
575 1595 777 1638 conatus
815 1589 950 1638 illam
989 1590 1284 1642 dimetiendi.
1316 1649 1321 1654 ·
1362 1591 1518 1640 Parte
1553 1591 1773 1640 secunda
1809 1591 1982 1639 transit
2024 1587 2087 1638 ad
2111 1588 2278 1637 stellas
2306 1588 2444 1650 fixas,

195 1661 254 1710 de
295 1661 812 1725 earumdispositione
859 1665 986 1711 circa
1023 1664 1247 1725 Terram,
1301 1679 1466 1713 earum
1516 1664 1850 1728 magnitudine
1867 1667 1901 1729 ,J
1932 1663 2189 1724 distantia,
2240 1676 2440 1710 numero

195 1737 311 1783 certi
348 1734 543 1797 quidem
579 1750 666 1798 pro
702 1750 754 1785 re
781 1742 897 1784 nata
921 1736 1039 1784 nihil
1059 1738 1399 1800 pronuncians,
1438 1737 1712 1801 probabilia
1736 1742 1926 1786 tantum
1953 1749 2244 1799 proponens;
2306 1734 2444 1784 Haec

195 1808 516 1857 consideratio
553 1807 752 1857 abducit
789 1808 1051 1872 Keplerum
1091 1811 1153 1859 ad
1191 1813 1527 1873 quaestionem
1565 1810 1626 1861 de
1663 1810 1796 1859 finito
1835 1815 1884 1877 et
1919 1809 2122 1871 infinito,
2164 1807 2224 1857 de
2262 1814 2439 1857 natura

195 1895 463 1944 corporum,
491 1881 651 1945 planis
691 1889 738 1931 et
776 1882 1041 1945 sphaericis
1081 1884 1427 1947 superficiebus
1468 1884 1934 1947 comprehensorum,
1976 1897 2074 1944 qua
2111 1882 2446 1945 speculatione

193 1954 434 2018 Keplerus
470 1961 728 2006 revocatur
763 1955 827 2004 ad
864 1956 1255 2006 mathematicam
1292 1964 1341 2015 et
1367 1958 1578 2021 opticam
1604 1957 2077 2017 demonstrationem,
2118 1955 2298 2016 Solem,
2338 1954 2457 2002 Lu-

193 2042 307 2077 nam
345 2033 403 2077 et·
429 2028 650 2091 planetas
689 2043 795 2078 esse
833 2029 1006 2091 globos
1055 2030 1255 2079 solidos.
1335 2032 1468 2080 Pars
1504 2033 1679 2080 tertia.-
1729 2031 1806 2079 De
1854 2035 2030 2079 natura
2080 2034 2128 2078 et
2179 2026 2442 2077 altitudine

195 2103 334 2150 ae‘riS.
408 2102 647 2165 Keplerus
700 2101 952 2165 distinguit
999 2105 1125 2154 inter
1169 2107 1355 2166 aeirem,
1413 2105 1531 2167 „qui
1577 2106 1660 2154 vix
1710 2103 1901 2153 excedit
1938 2116 2164 2166 suprema
2199 2101 2440 2151 montium

190 2175 344 2238 juga“
387 2180 436 2224 et
474 2176 732 2236 aetherem,
771 2190 855 2239 per
887 2181 1043 2226 totum
1083 2178 1366 2226 universum
1410 2178 1570 2226 fusum
1606 2174 1707 2244 (cfr.
1737 2175 1962 2261 Opticam
1987 2175 2084 2225 vol.
2115 2174 2181 2223 ΙΙ.
2208 2176 2445 2238 passim)3

195 2252 355 2298 ae'rem
393 2248 510 2296 dicit
548 2249 705 2298 colore
743 2249 964 2299 caeruleo
1005 2252 1235 2312 tinctum,
1275 2251 1461 2300 aetheri
1498 2250 1789 2314 quandoque
1826 2251 2084 2298 immisceri
2122 2247 2308 2311 aliquid
2346 2249 2441 2296 im-

195 2336 395 2384 purum,
448 2322 571 2371 alias
621 2322 748 2371 hunc
786 2337 892 2371 esse
928 2325 1265 2390 purissimum,
1317 2326 1652 2374 tenuissimum
1689 2330 1738 2373 et
1773 2320 1919 2387 plane
1959 2320 2273 2385 pellucidum.
2349 2321 2443 2369 Hic

194 2396 355 2444 locum
401 2397 587 2444 invenit
633 2394 911 2459 disputandi
953 2398 1012 2446 de
1051 2403 1159 2446 ortu
1199 2403 1247 2446 et
1285 2404 1460 2447 natura
1497 2402 1817 2458 cometarum,
1873 2401 2023 2458 negat
2061 2407 2169 2444 cum
2207 2392 2445 2458 Tychone

198 2469 429 2530 sphaeras
466 2474 686 2517 veterum
724 2468 939 2532 solidas,
987 2476 1034 2519 et
1087 2471 1199 2519 hinc
1236 2473 1411 2520 transit
1449 2470 1514 2520 ad
1548 2470 1887 2520 refractionem
1923 2469 2327 2527 astronomicam,
2383 2465 2446 2516 ad

198 2541 423 2605 Opticam
460 2556 599 2590 suam
637 2544 926 2605 respiciens3
966 2543 1112 2592 tradit
1149 2543 1348 2593 modum
1387 2543 1699 2607 computandi
1737 2557 1797 2593 ex
1820 2542 2190 2592 retractionibus
2221 2539 2446 2590 altitudi-
2519 2606 2522 2609 .

199 2631 310 2664 nem
347 2615 497 2676 aeris,
551 2621 599 2664 et
637 2617 956 2678 quantitatem
995 2617 1410 2680 crepusculorum,
1461 2619 1577 2667 item
1621 2617 1858 2666 rationem
1894 2615 2098 2663 nubium
2137 2613 2445 2663 altitudinem

202 2687 493 2737 dimetiendi.
569 2689 740 2751 Finem
776 2689 891 2737 facit
927 2692 1177 2754 proposita
1215 2695 1364 2740 causa
1396 2690 1800 2775 crepusculorum,
1841 2687 2199 2738 scintillationis
2223 2686 2444 2748 fixarum,

204 2762 424 2811 diversae
483 2756 829 2825 magnitudinis
891 2762 1017 2812 Solis
1075 2770 1165 2812 etc.
1217 2765 1267 2811 in
1317 2765 1565 2813 horizonte
1619 2769 1669 2812 et
1716 2765 1775 2810 in
1812 2763 1992 2812 vertice
2036 2762 2199 2824 positi.
2312 2761 2445 2808 Pars

203 2841 406 2898 quarta.
480 2834 557 2883 De
594 2835 704 2884 loco
743 2835 920 2885 Terrae
956 2837 1007 2883 in
1034 2835 1230 2886 mundo.
1307 2837 1387 2886 Ad
1425 2837 1798 2901 explicationem
1837 2836 2011 2898 „primi
2037 2833 2229 2884 motus“
2259 2829 2444 2901 (diurni

203 2907 413 2963 visibilis
452 2909 577 2956 circa
614 2905 838 2975 Terram)
877 2904 1070 2972 sufficit,
1109 2916 1164 2959 ut
1200 2896 1351 2960 Terra
1388 2911 1652 2960 collocetur
1687 2912 1738 2957 in
1777 2914 1937 2958 centro
1962 2907 2121 2970 hujus
2135 2911 2312 2968 motus,
2353 2907 2446 2954 etsi

200 2995 298 3029 non
337 2982 399 3029 sit
435 2983 485 3027 in
524 2986 686 3031 centro
722 2984 873 3031 totius
910 2985 1148 3046 universi3
1188 2983 1542 3034 semidiameter
1578 2983 1755 3033 Terrae
1791 2996 1908 3045 prae
1924 2981 2132 3043 ingenti
2169 2979 2377 3028 fixarum
2416 2994 2447 3027 a

122 3106 125 3109 ,
201 3055 351 3103 Terra
389 3053 619 3103 distantia
654 3069 740 3117 pro
774 3055 925 3103 nihilo
965 3063 1053 3107 est.
1127 3057 1399 3107 Recensitis
1438 3058 1587 3108 variis
1624 3056 1893 3116 rationibus
1930 3054 2289 3115 astronomicis,
2330 3052 2444 3114 qui·
2514 3056 2518 3062 ’

203 3129 294 3177 bus
333 3129 611 3185 evincatur,
651 3128 848 3177 Terram
885 3144 983 3178 non
1023 3145 1128 3180 esse
1166 3133 1216 3179 in
1252 3130 1412 3180 medio
1451 3129 1643 3191 mundi,
1683 3129 1782 3179 alia
1818 3131 2103 3191 argumenta
2141 3141 2200 3175 ex
2235 3126 2442 3190 physica

203 3205 507 3263 repetuntur,
560 3205 614 3247 ut
666 3201 759 3250 hoc
805 3203 1059 3265 probetur,
1116 3204 1174 3254 de
1226 3195 1401 3254 natura
1436 3205 1658 3267 gravium
1696 3208 1744 3252 et
1779 3201 1959 3251 levium
1999 3199 2239 3249 desumta.
2313 3200 2445 3253 Pars

203 3276 398 3336 quinta.
475 3274 550 3321 De
588 3279 722 3321 motu
760 3275 936 3324 Terrae
976 3276 1160 3326 diurno.
1235 3278 1384 3326 Visus
1432 3277 1615 3326 fallitur
1660 3277 1787 3325 circa
1834 3279 2020 3322 motum
2064 3275 2295 3336 primum,
2346 3285 2443 3320 non

203 3347 363 3395 sidera
400 3361 514 3396 vere
551 3346 816 3395 ascendunt
853 3363 999 3411 supra
1037 3356 1249 3411 monteS,
1309 3349 1396 3399 sed
1449 3351 1501 3399 hi
1556 3363 1664 3399 cum
1718 3353 1822 3396 toto
1860 3346 2071 3395 Telluris
2119 3346 2268 3408 globo
2319 3346 2446 3393 circa
2519 3341 2555 3387 ἰ

205 3434 345 3469 axem
383 3419 513 3467 illius
551 3426 893 3469 convertuntur
931 3436 960 3469 a
997 3421 1146 3485 plaga
1180 3437 1385 3472 voccasus
1424 3424 1486 3472 ad
1510 3423 1706 3486 plagam
1730 3421 1955 3481 orientis3
1994 3419 2088 3467 hoc
2113 3424 2247 3466 motu
2274 3431 2442 3465 omnes

205 3495 518 3556 apparentiae
567 3499 727 3541 motus
772 3492 915 3557 primi
951 3497 1254 3544 exactissime
1293 3496 1608 3558 explicantur.
1681 3494 1919 3543 Probatur
1955 3491 2034 3540 hic
2069 3497 2230 3540 motus
2265 3490 2445 3538 Terrae

205 3572 392 3629 septem
431 3568 749 3628 argumentis·
794 3563 849 3633 1)
887 3573 1059 3615 natura
1097 3583 1297 3631 semper,
1339 3569 1470 3632 quod
1506 3572 1667 3633 potest
1701 3581 1786 3630 per
1822 3564 2056 3627 faciliora,
2094 3578 2191 3613 non
2230 3565 2331 3626 agit
2361 3576 2446 3625 per

208 3639 439 3702 ambages
478 3638 727 3702 difficiles,
765 3653 914 3701 quare
950 3642 1260 3689 verisimilius
1299 3649 1397 3703 est,
1438 3642 1635 3692 Terram
1672 3645 1859 3697 rotare,
1898 3653 2043 3700 quam
2081 3642 2233 3686 totam
2270 3635 2440 3684 mundi

207 3713 481 3762 machinam
527 3711 691 3772 volvi3
748 3713 803 3772 2)
858 3712 1078 3762 celeritas
1110 3719 1285 3763 motus
1330 3717 1477 3764 totius
1523 3711 1690 3764 mundi
1726 3709 2071 3782 incredibiliter
2106 3710 2262 3772 major
2299 3714 2440 3771 esset,

209 3801 354 3848 quam
388 3790 549 3835 motus
586 3784 721 3847 globi
756 3783 978 3844 Telluris,
1017 3788 1100 3849 qui
1137 3802 1235 3836 non
1270 3787 1423 3836 multo
1463 3789 1618 3852 maj0r
1653 3791 1740 3847 est,
1780 3799 1926 3848 quam
1957 3783 2178 3833 celeritas
2204 3787 2440 3844 motuum,

209 3861 292 3921 qui
327 3861 375 3907 in
411 3858 662 3923 superficie
698 3856 874 3908 Terrae
913 3859 1258 3923 observantur3
1299 3856 1357 3927 3)
1395 3866 1554 3912 motus
1591 3858 1789 3910 diurnus
1824 3873 1910 3923 per
1947 3858 2062 3908 anni
2098 3857 2310 3922 spatium
2343 3869 2445 3905 non
