2554 4140
855 148 996 196 Liber
1023 113 1207 195 Sextus.
1262 149 1376 195 Pars
1404 148 1566 196 Prima.
2237 153 2340 203 431

90 297 219 346 Solis
254 295 546 347 meridianas
582 294 873 358 respondere
912 295 1297 360 digressionibus
1336 297 1443 360 ejus
1492 298 1555 347 ab
1594 297 1761 361 aliqua
1798 295 1940 347 stella
1976 297 2095 360 fixa,
2146 312 2206 348 ex
2238 297 2346 362 lege

87 370 285 433 perfecti
324 367 487 419 circuli
525 367 590 417 ad
626 376 939 431 aequatorem
978 367 1182 433 obliqui.

229 441 638 504 Deprehenditur
687 444 846 504 iyitur
883 442 971 492 Sol
1006 444 1254 492 circulum
1291 442 1427 490 hunc
1473 442 1564 491 sub
1599 442 1713 504 fiaeis
1742 442 2026 506 perfectum
2077 449 2223 492 motu
2259 445 2344 492 in-

88 516 369 578 aequaliter
406 515 551 562 celeri
587 513 853 564 absolvere.
932 513 1142 565 Omnino
1180 513 1456 577 inaequali3
1498 515 1678 578 quippe
1704 528 1802 564 non
1825 515 2121 580 respondent
2158 530 2347 580 aequa-

84 588 156 637 les
193 587 340 649 hujus
378 586 544 635 circuli
581 600 722 635 arcus
759 589 1059 651 temporibus
1097 587 1401 652 aequalibus.
2376 604 2379 607 ·

239 659 428 722 Quibus
464 663 779 722 aryumentis
837 662 926 710 hoc
959 661 1206 723 patescit?
1282 662 1326 708 1.
1381 658 1503 708 Cum
1556 659 1682 707 enim
1731 659 1974 708 bisecetur
2018 661 2098 711 hic
2136 662 2343 712 circulus

83 734 147 782 ab
184 739 464 795 aequatore‚
503 739 558 780 ut
594 731 719 781 libro
745 733 811 781 ΙΙ.
852 734 1031 783 dictum
1060 740 1148 795 est,
1187 732 1274 783 Sol
1310 739 1473 781 tamen
1511 733 1559 778 in
1597 731 1683 780 illo
1720 732 2039 796 semicirculo,
2080 736 2165 797 qui
2202 736 2343 784 nobis

83 808 315 869 superior,
353 812 567 873 moratur
606 805 779 855 diebus
821 803 1027 873 186³s4,
1068 809 1118 854 in
1155 806 1368 856 inferiori
1406 804 1577 854 dicbus
1622 799 1823 873 178¹s23
1863 805 1995 867 quod
2033 813 2213 856 certum
2251 808 2344 856 ba-

82 879 252 927 bemus
303 893 362 927 ex
411 877 583 927 diebus
622 885 672 927 et
716 879 869 941 horis,
928 881 976 926 in
1035 879 1211 942 quibus
1266 878 1583 928 observamus
1641 878 2004 940 aequinoctium
2068 886 2340 943 utrumque,

81 957 267 1001 attento
308 954 538 1015 temporis
576 951 864 1013 intervallo,
920 952 1052 1014 quod
1088 952 1269 1001 labitur
1305 967 1336 1000 a
1373 950 1558 1000 vernali
1595 948 1660 999 ad
1697 950 1978 1002 autumnale
2029 959 2077 1002 et
2114 955 2343 1002 vicissim.

226 1024 280 1088 2)
318 1023 400 1073 Sic
438 1038 548 1073 cum
584 1030 768 1088 puncta
802 1024 1081 1073 solstitialia
1118 1024 1340 1073 dividant
1376 1021 1703 1073 semicirculos
1738 1025 1789 1070 in
1827 1022 1924 1072 duo
1962 1025 2191 1088 aequalia
2228 1041 2344 1090 seg-

80 1102 259 1158 menta,
301 1096 482 1145 diutius
520 1094 682 1146 tamen
721 1098 769 1144 in
810 1111 907 1146 uno
945 1103 1162 1146 moratur
1198 1096 1313 1158 Sol,
1366 1112 1509 1160 quam
1554 1097 1604 1143 in
1641 1096 1812 1145 altero.
1888 1095 2028 1147 Idem
2065 1100 2212 1147 etiam
2250 1113 2344 1162 pa-

81 1172 222 1220 tescit
259 1170 631 1233 quibuscunque
668 1169 778 1219 aliis
816 1170 946 1219 Solis
986 1170 1367 1234 digressionibus
1412 1185 1443 1219 a
1479 1170 1576 1218 fixa
1615 1183 1930 1232 quacunque,
1979 1171 2188 1236 utplus
2224 1186 2342 1235 pto-

76 1242 209 1293 ficiat
247 1244 295 1290 in
336 1244 506 1292 itinere
544 1257 634 1291 suo
673 1244 725 1290 in
762 1257 860 1294 uua
898 1245 1012 1292 anni
1051 1250 1202 1307 parte,
1242 1257 1390 1306 quam
1426 1244 1476 1290 in
1514 1242 1710 1305 aequali
1746 1242 1916 1292 altera.

234 1319 374 1378 Quae
426 1330 583 1364 causa
631 1316 806 1379 efficit,
862 1323 922 1364 ut
959 1316 1047 1366 Sol
1078 1317 1358 1380 perfeetum
1397 1318 1669 1378 circulum,
1721 1316 2023 1380 eclipticam,
2077 1319 2343 1382 inaequali

76 1389 327 1438 eeleritate
363 1388 601 1437 videatur
637 1389 935 1437 decurrere?
1008 1388 1138 1451 Quia
1163 1387 1346 1448 Tellus,
1387 1403 1496 1437 cum
1531 1403 1628 1437 non
1667 1389 1759 1438 sub
1797 1389 1906 1437 fixis
1934 1391 2066 1452 ipsis,
2105 1391 2191 1440 sed
2229 1392 2340 1440 lon-

81 1462 280 1525 gissime
319 1461 518 1511 inferius
558 1468 607 1510 et
642 1463 860 1525 proxime
900 1463 1027 1512 circa
1062 1461 1227 1511 Solem
1278 1461 1496 1524 incedat,
1549 1476 1719 1512 verum
1757 1462 1988 1511 circulum
2027 1477 2169 1512 suum
2207 1463 2342 1531 FPG

78 1534 288 1584 decurrit
324 1549 356 1583 a
390 1534 507 1584 Sole
547 1533 590 1583 O
630 1537 965 1596 eccentricum,
1004 1535 1076 1584 sic
1112 1541 1167 1584 ut
1203 1535 1331 1584 linea
1367 1550 1455 1598 per
1491 1543 1707 1585 centrum
1740 1534 1885 1597 Solis,
1924 1536 2338 1600 perpendicularis

76 1607 138 1656 ad
174 1607 353 1656 lineam
391 1606 508 1669 FG,
539 1607 786 1671 'apsidum
822 1607 1032 1657 Telluris
1071 1610 1200 1671 (esto
1233 1608 1338 1671 jam
1379 1609 1514 1670 ΕΒ),
1566 1607 1757 1657 dividat
1795 1610 2002 1658 orbitam
2041 1609 2249 1658 Telluris
2289 1613 2337 1658 in

75 1686 237 1744 partes
275 1680 573 1743 inaequaleS,
614 1695 723 1730 cum
763 1680 951 1730 dividat
986 1681 1260 1744 eclipticam
1298 1682 1347 1729 in
1385 1690 1549 1744 partes
1576 1681 1828 1744 aequales.
1902 1682 2031 1746 Ergo
2069 1683 2343 1746 secundum,

75 1753 340 1802 doctrinam
377 1753 486 1802 libri
527 1755 682 1816 quinti
708 1753 878 1803 Tellus
915 1753 1107 1803 duobus
1144 1755 1423 1803 nominibus
1462 1754 1642 1804 diutius
1669 1762 1890 1804 versatur
1927 1756 2017 1804 sub
2043 1771 2140 1804 uno
2180 1757 2334 1820 eclip-

4 1839 7 1843 ’
74 1828 198 1876 ticae
235 1826 539 1876 semicirculo
582 1828 668 1884 ὲ
714 1827 774 1892 [ὅ
826 1826 920 1889 Y,
972 1841 1098 1888 uno,
1151 1830 1268 1889 quia
1315 1826 1453 1876 EGD
1499 1843 1611 1891 pars
1665 1828 1851 1877 orbitae
1902 1843 2020 1878 suae
2071 1836 2144 1878 est
2181 1830 2337 1892 maj0r

73 1899 401 1960 semicircu10,
441 1899 617 1960 altero,
659 1902 776 1963 quia
812 1901 1042 1949 remotior
1078 1900 1143 1950 ab
1183 1898 1225 1949 Ο
1265 1899 1407 1962 Sole,
1456 1900 1589 1950 fonte
1626 1906 1812 1962 motae,
1865 1902 2031 1965 itaque
2071 1908 2119 1969 et
2155 1903 2339 1953 tardior

73 1978 148 2022 est
181 1971 352 2021 Tellus
390 1987 531 2033 vere,
570 1986 658 2036 per
693 1972 826 2021 illam
863 1973 1106 2022 incedens.
1185 1972 1347 2035 Quare
1387 1975 1533 2023 etiam
1561 1973 1648 2023 Sol
1685 1974 1776 2023 sub
1816 1976 2042 2038 opposito
2081 1975 2336 2040 eclipticae

71 2044 372 2095 semicirculo
403 2046 459 2106 Υ
496 2043 562 2112 ὓ
599 2047 686 2103 ss
717 2045 910 2094 videtur
950 2045 1133 2095 diutius
1170 2047 1363 2108 morari,
1402 2047 1590 2097 scilicet
1621 2053 1722 2096 tam
1750 2046 1847 2110 din,
1888 2062 2037 2111 quam
2076 2048 2160 2097 diu
2186 2049 2337 2100 Terra

2 2143 5 2167 ι
70 2124 285 2168 moratur
320 2120 371 2166 in
407 2125 545 2182 parte
581 2133 701 2168 suae
739 2119 925 2168 orbitae
964 2117 1102 2167 EGD
1141 2119 1328 2182 maJori.
1993 2143 2000 2145 -

231 2191 366 2252 Quid
410 2197 480 2240 est
515 2193 574 2240 in
611 2194 925 2242 astronomia
968 2191 1234 2254 Oopernici
1281 2193 1413 2242 orbis
1448 2192 1709 2255 maanus?
1769 2192 1850 2242 Sic
1888 2193 2109 2257 appellat
2148 2193 2335 2258 Coper-

70 2265 208 2314 nicus
245 2264 371 2314 hanc
406 2266 566 2328 ipsam
604 2265 810 2314 orbitam
848 2280 1014 2315 veram
1045 2265 1258 2316 Telluris
1295 2267 1425 2315 circa
1462 2264 1642 2327 Solem,
1681 2266 1824 2315 sitam
1863 2266 2023 2316 medio
2062 2266 2171 2316 loco
2210 2270 2336 2318 inter

0 2381 34 2390 ,.
78 2338 262 2387 orbitas
299 2337 472 2387 Martis
511 2340 798 2387 exteriorem
836 2344 885 2387 et
923 2338 1129 2387 Veneris
1166 2341 1469 2400 interiorem,
1509 2345 1558 2388 et
1594 2353 1824 2402 magnum
1863 2339 2092 2404 appellat,
2132 2354 2230 2390 non
2271 2343 2334 2390 ob

73 2412 409 2473 quantitatem,
449 2425 558 2460 cum
595 2414 897 2474 superiorum
923 2412 1111 2461 orbitae
1152 2412 1409 2462 circulares
1446 2412 1544 2462 sint
1576 2412 1730 2461 multo
1756 2413 2032 2476 ampliores,
2071 2413 2157 2463 sed
2182 2428 2334 2478 prop-

72 2489 146 2533 ter
181 2497 322 2533 usum
363 2483 615 2544 eximium,
668 2498 813 2547 quem
849 2483 998 2532 habet
1035 2485 1085 2531 in
1125 2484 1377 2534 salvandis
1415 2484 1629 2535 motibus
1679 2487 2029 2550 apparentibus
2067 2501 2163 2537 non
2201 2487 2332 2537 Solis

0 2595 1 2598 η
75 2561 288 2617 tantum,
327 2555 414 2605 sed
453 2558 668 2605 omnium
706 2556 1011 2620 planetarum
1048 2558 1397 2620 primariorum.

224 2633 365 2691 Quae
411 2635 482 2678 est
528 2630 682 2690 hujus
728 2629 863 2678 orbis
903 2632 1174 2692 proportio
1238 2631 1308 2679 ad
1355 2631 1625 2694 sphaerdm
1682 2631 1950 2694 fictarum?
2034 2631 2330 2694 Copernicus

71 2703 208 2764 ponit
253 2717 363 2752 eam
412 2699 560 2765 plane
610 2700 943 2751 insensibilem
999 2702 1062 2751 ob
1113 2703 1336 2766 planetas
1391 2703 1620 2768 reliquos.
1695 2703 1868 2766 Itaque
1919 2718 2066 2767 supra
2114 2705 2199 2755 lib.
2238 2706 2328 2759 IV.
2397 2714 2400 2717 ’

0 2804 2 2827 ι
71 2773 154 2824 tol.
195 2776 318 2825 331.
358 2773 607 2838 proportio
644 2774 962 2837 probabiliter
997 2775 1286 2838 introducta,
1325 2778 1442 2840 quia
1479 2784 1528 2827 et
1565 2778 1674 2841 ipsa
1698 2776 1992 2827 insensibilis
2032 2782 2081 2827 et
2105 2779 2330 2829 inobser-

71 2846 254 2897 vabilis
293 2854 394 2908 est,
435 2861 543 2896 cum
582 2845 837 2911 Copernici
874 2850 1117 2911 positione
1156 2849 1280 2899 bene
1318 2855 1429 2898 stat.

215 2920 384 2969 Habes
421 2919 634 2982 aliquod
670 2919 870 2969 evidens
905 2928 1290 2983 aryumentum,
1343 2924 1657 2971 verissimam
1696 2936 1792 2970 esse
1833 2923 2126 2985 hypothesin
2163 2939 2330 2974 eccen-

71 2994 199 3049 traci.
237 3007 323 3041 seu
362 2992 628 3041 variabilis
663 2992 934 3041 distantiae
965 2993 1150 3043 Terrae
1187 3010 1220 3043 a
1247 2994 1395 3045 Sole?
1468 2993 1678 3043 Omnino
1716 2994 1811 3043 hoe
1848 2994 1911 3044 ad
1950 2996 2144 3046 oculum
2166 3004 2330 3061 potest

73 3064 288 3126 ostendi,
328 3064 458 3114 Solis
498 3063 783 3113 diametrum
822 3072 1007 3115 aestate
1047 3082 1281 3130 apparere
1330 3069 1562 3117 minorem
1613 3081 1759 3129 quam
1807 3066 1992 3129 hieme,
2040 3070 2084 3118 si
2122 3076 2329 3135 utroque

0 3151 1 3155 ’
74 3142 295 3202 tempore
333 3136 462 3186 idem
501 3137 868 3187 instrumentum
906 3152 1209 3211 usurpemus.
1284 3140 1359 3188 Ex
1395 3139 1490 3189 hoc
1528 3141 1656 3189 enirn
1694 3144 1875 3189 certum
1913 3148 2002 3204 est,
2045 3141 2325 3193 distantiam

0 3240 1 3243 =
73 3207 251 3259 Terrae
305 3225 334 3257 a
372 3208 488 3258 Sole
526 3207 620 3259 OG
664 3211 791 3258 circa
828 3209 1088 3259 solstitium
1144 3226 1250 3261 esse
1289 3212 1545 3274 majorem,
1600 3225 1746 3276 quam
1785 3210 1871 3262 OF
1918 3216 2046 3264 circa
2083 3216 2318 3267 brumam.

75 3280 158 3331 Sic
205 3283 332 3330 enim
381 3294 523 3330 sonat
573 3284 621 3330 in
675 3282 891 3331 Euclidis
939 3281 1125 3347 Opticis
1171 3286 1440 3348 propositio
1499 3286 1595 3334 56:
1651 3285 1792 3336 oculo
1842 3301 1992 3351 prope
2041 3295 2314 3353 spectatum

0 3368 3 3420 Ι
74 3354 360 3415 accedente,
399 3353 448 3402 id
486 3356 651 3418 augeri
690 3355 952 3418 putabitur.

0 3430 1 3433 ’
222 3427 330 3475 Cur
363 3441 470 3476 non
505 3430 685 3476 statuis
721 3434 913 3476 motum
939 3427 1150 3476 Telluris
1187 3431 1243 3476 in
1278 3443 1374 3477 sua
1410 3429 1575 3479 orbita
1601 3444 1710 3480 vere
1733 3433 2047 3497 aequabilem
2085 3450 2325 3485 causam-

0 3556 2 3568 .
76 3513 171 3561 que
206 3500 586 3561 inaequalitatis
622 3503 917 3564 apparentis
970 3502 1026 3548 in
1062 3501 1220 3549 solam
1260 3503 1694 3566 eccentricitatem,
1739 3507 2032 3569 simpliciter
2074 3515 2120 3558 et
2149 3512 2324 3571 primo

0 3608 3 3614 ,
76 3570 223 3620 modo
259 3571 648 3633 consideratam,
697 3574 923 3634 conjicis,
970 3578 1030 3620 ut
1065 3578 1247 3622 veteres
1279 3575 1510 3638 fecerunt
1543 3577 1600 3624 in
1636 3577 1826 3628 theoria
1866 3579 2035 3631 Solis?
2112 3585 2154 3630 1.
2197 3581 2324 3644 Quia

79 3645 445 3693 eccentricitatis
482 3643 567 3694 OC
606 3648 875 3708 quantitas,
925 3659 1050 3708 quae
1087 3645 1277 3695 elicitur
1322 3661 1379 3696 ex
1418 3651 1670 3712 apparenti
1716 3654 2112 3715 augmentatione
2161 3661 2207 3703 et
2247 3654 2322 3702 di-

1 3735 3 3757 1
80 3717 347 3764 minutione
384 3715 604 3767 diametri
644 3718 787 3778 Solis,
828 3732 921 3767 non
963 3717 1139 3767 sufficit
1175 3717 1238 3767 ad
1278 3720 1635 3783 exprimendam
1683 3728 2006 3788 quantitatem
2043 3728 2323 3791 apparentis

1 3814 5 3848 ,
82 3786 441 3850 inaequalitatis
478 3792 525 3837 in
564 3798 714 3853 motu,
753 3793 844 3839 nisi
883 3789 1054 3838 saltem
1093 3805 1151 3841 ex
1191 3791 1406 3843 dimidio.
1484 3796 1531 3843 2.
1573 3795 1700 3858 Quia
1739 3800 1884 3847 etiam
1922 3799 2149 3862 planetae
2177 3802 2321 3848 ceteri

2 3873 3 3882 ¹
79 3873 165 3909 seu
205 3874 368 3910 eorum
405 3862 649 3914 secundae
687 3863 1059 3928 inaequalitates
1097 3878 1192 3915 non
1229 3865 1389 3917 serunt
1424 3872 1608 3918 tantam
1645 3869 1855 3922 Telluris
1899 3874 2319 3936 eccentricitatem,
