2554 4140
201 167 300 217 196
1029 158 1267 215 Epitomes
1295 156 1611 202 Astronomiae

193 373 244 429 Ο
275 307 377 416 1)Ιὲ
407 305 638 350 schemate
667 303 737 349 28
770 306 876 348 sunt
915 302 992 348 TO
1025 305 1070 348 et
1099 303 1196 359 PV,
1233 301 1353 346 cirea
1394 300 1524 356 polos
1565 297 1822 376 aequatoris
1853 299 1904 354 B,
1939 298 1972 343 C
2010 310 2037 342 a
2065 298 2182 355 polis
2215 297 2450 355 eclipticae
2540 291 2554 317 ³

375 371 571 428 escripti,
2534 370 2554 387 ·'

348 453 490 516 Quae
528 453 638 502 loca
685 450 870 499 Terrae
906 452 1119 500 subsunt
1156 450 1343 498 circulo
1375 450 1550 510 potari
1585 448 1810 498 arctico?
1884 448 2101 498 Mediam
2154 447 2334 510 trajicit
2362 446 2449 493 -Is-
2531 497 2554 512 Α

193 525 438 587 landiam‚
478 524 669 573 Thulen
709 525 955 574 veteribus
995 523 1199 583 dictam,
1251 524 1396 570 sitam
1433 524 1483 568 in
1523 535 1707 569 oceano
1746 521 2112 584 septentrionali
2149 534 2299 582 supra
2334 519 2448 567 Bri-

195 601 427 648 tanniam.
506 597 744 647 Emensus
794 603 956 645 autem
995 596 1132 643 illum
1171 609 1430 678 oceanum,
1484 609 1758 656 supremam
1806 595 2119 657 NorWegiam
2171 591 2451 655 ingreditur,
2535 596 2546 602 ”

194 672 308 721 inde
365 671 590 720 ultimum
645 684 888 720 recessum
946 671 1081 717 sinus
1120 667 1321 728 Bodici,
1378 668 1426 714 in
1482 682 1626 729 quem
1676 681 1736 716 ex
1781 670 1903 715 mari
1940 667 2130 716 Baltico
2179 666 2452 727 navigatur,
2528 707 2530 709 .

192 751 558 815 praetervectus
595 743 933 806 Lappiamque
979 755 1224 801 emensuS‚
1281 741 1328 786 in
1369 742 1527 788 sinum
1565 739 1942 789 Moseoviticum
1978 739 2223 800 illabitur3
2273 737 2454 786 Tarta-

198 819 317 865 riam
356 823 519 866 autem
559 823 821 865 extremam
861 822 908 863 et
947 813 1199 877 Cathayae
1237 812 1383 862 litora
1421 813 1671 873 delibans,
1719 813 1893 862 fretum
1931 813 2093 861 Anian
2148 824 2332 861 oceano
2372 809 2454 859 Si-

195 891 334 939 nensi
372 892 653 974 contiguum
691 890 895 950 trajicit,
948 893 995 934 et
1034 886 1091 935 de
1130 886 1317 948 reliquo
1357 900 1410 934 se
1448 883 1707 948 incognitis
1754 886 2007 935 Americae
2045 886 2166 934 locis
2207 883 2386 944 condit,
2427 898 2456 931 e

196 964 372 1026 quibus
422 963 471 1010 iu
509 963 629 1010 freto
672 962 827 1010 Davis
879 962 1051 1008 iterum
1103 961 1304 1022 emergit
1354 961 1699 1022 proximasque
1739 957 2072 1008 Gronlandiae
2111 972 2222 1007 oras
2261 956 2455 1019 trajicit,
2528 998 2530 1002 .

197 1037 247 1083 in
285 1050 338 1085 se
376 1035 568 1084 rediens
607 1034 738 1097 apud
776 1032 984 1081 Thulen.

349 1108 493 1171 Quae
532 1109 639 1157 loca
673 1106 858 1155 Terrae
894 1104 1130 1153 incidunt
1166 1107 1222 1153 in
1253 1106 1487 1166 potarem
1514 1106 1892 1154 antarcticum?
1939 1105 2017 1154 Ad
2042 1104 2128 1153 illa
2153 1118 2310 1166 usque
2347 1103 2458 1151 loca

143 1190 149 1193 ⁷
199 1182 537 1244 navigantium
575 1179 813 1227 industria
850 1178 1057 1227 necdum
1098 1184 1172 1227 est
1206 1185 1520 1241 perventum3
1571 1184 1785 1227 ceterum
1836 1184 1939 1227 tota
1988 1177 2073 1227 illa
2110 1179 2245 1239 regio
2284 1191 2458 1239 super-
2521 1229 2527 1236 ,

203 1253 333 1303 ficiei
371 1253 582 1301 Telluris
622 1251 869 1301 obsidetur
907 1253 1091 1300 incerta
1129 1253 1359 1315 opinione
1396 1256 1659 1317 perpetuae
1699 1253 2006 1312 continentis,
2047 1265 2174 1314 quae
2214 1249 2458 1313 Magella-

203 1327 314 1376 nica
354 1325 590 1388 appellari
642 1326 802 1388 coepit
854 1339 1077 1387 quaeque
1126 1330 1239 1389 post
1275 1330 1491 1373 nostram
1530 1324 1665 1373 illam
1714 1326 1764 1372 in
1802 1330 1898 1373 tres
1950 1330 2140 1388 partes),
2194 1323 2456 1386 Europam,

204 1399 420 1447 Africam
459 1404 508 1447 et
545 1398 731 1459 Asiam,
771 1399 1039 1460 antiquitus
1076 1396 1400 1459 subdivisam,
1442 1404 1490 1445 et
1528 1403 1641 1460 post
1679 1398 1952 1446 Americam
1990 1399 2133 1446 tertia
2171 1403 2245 1446 est
2282 1411 2343 1446 ex
2381 1397 2457 1457 iis,

200 1486 326 1535 quae
367 1472 676 1521 circumcirca
715 1486 744 1520 a
781 1485 832 1519 se
873 1471 1108 1533 invicem,
1162 1473 1312 1520 instar
1350 1470 1644 1532 insularum,
1698 1484 1882 1520 oceano
1933 1471 2136 1535 ejusque
2175 1469 2311 1520 fretis
2347 1474 2460 1518 sunt
2551 1493 2554 1503 =

202 1543 453 1594 diremtae.

350 1615 611 1681 Quomodo
648 1615 865 1682 sphaera
903 1615 1151 1665 dividitur
1185 1631 1278 1678 per
1315 1618 1530 1678 tropicos
1567 1623 1613 1664 et
1629 1617 1849 1679 potares,
1889 1631 1976 1666 seu
2004 1615 2131 1679 quid
2163 1615 2257 1665 sibi
2283 1616 2460 1665 volunt
2495 1600 2500 1602 ’
2551 1628 2554 1639 ·

201 1691 276 1738 illi
314 1689 682 1739 diversicolores
733 1689 873 1737 limbi
910 1692 967 1737 in
1002 1689 1204 1751 ylobulo
1241 1689 1486 1751 sphaerae
1534 1688 1753 1740 intimo?
1802 1689 2091 1753 Superficies
2130 1687 2340 1739 Telluris
2376 1702 2461 1751 per
2516 1725 2519 1733 .

205 1763 327 1812 duos
366 1764 578 1826 tropicos
618 1767 666 1810 et
705 1761 828 1810 duos
866 1761 1058 1825 polares
1097 1761 1330 1810 dividitur
1367 1761 1417 1810 in
1457 1764 1673 1826 quinque
1721 1769 1913 1826 partes,
1964 1777 2169 1827 quarum
2219 1768 2315 1811 tres
2354 1775 2461 1810 me-

205 1835 313 1885 diae
351 1842 465 1885 sunt
502 1829 639 1883 limbi
679 1834 962 1897 circulares;
1015 1841 1210 1900 propter
1247 1834 1381 1898 quod
1419 1842 1581 1899 partes
1620 1835 1733 1885 illae
1773 1850 1941 1886 omnes
1979 1836 2202 1885 dicuntur
2247 1836 2463 1899 quinque

206 1923 376 1958 zonae.
466 1907 581 1957 Jam
632 1922 785 1956 zonae
834 1907 1025 1958 mediae
1083 1907 1215 1957 color
1265 1908 1444 1958 rubeus
1494 1909 1737 1972 significat
1786 1924 1962 1958 zonam
2009 1907 2239 1958 torridam
2291 1914 2463 1971 estque

207 1988 391 2046 tractus
443 1980 524 2031 ille
574 1973 829 2043 terrarum,
886 1996 1007 2043 quas
1057 1996 1204 2045 supra
1254 1980 1354 2030 dixi
1408 1984 1660 2044 aequatori
1713 1987 1762 2031 et
1807 1985 2006 2046 tropicis
2052 1981 2300 2045 subjectas
2353 1995 2462 2030 cum

204 2056 482 2119 interceptis
521 2054 699 2103 Terrae
751 2055 986 2118 partibus.
1062 2054 1283 2103 Duarum
1333 2053 1607 2103 lateralium
1658 2053 1829 2105 viridis
1877 2055 2010 2105 color
2059 2070 2208 2104 zonas
2263 2054 2464 2104 denotat
2512 2068 2544 2099 .·

205 2134 527 2192 temperatae,
582 2141 786 2190 quarum
839 2127 1040 2176 alteram
1091 2142 1181 2176 nos
1220 2127 1465 2191 Europaei
1503 2133 1722 2178 tenemus
1762 2135 1810 2178 et
1850 2129 1999 2178 Asiae
2039 2128 2296 2191 potissima
2332 2136 2461 2191 pars,

205 2215 296 2250 nee
334 2202 510 2264 exigua
548 2199 756 2260 Africae,
799 2199 1005 2263 denique
1035 2198 1286 2249 Americae
1328 2199 1577 2249 dimidium
1617 2217 1764 2265 supra
1801 2217 1981 2251 novam
2009 2201 2276 2251 Granatam
2301 2200 2463 2250 Mexi-
2552 2250 2554 2253 ,

209 2288 407 2336 canam3
456 2278 781 2322 extremarum
821 2287 936 2322 vero
974 2287 1229 2334 zonarum,
1283 2287 1410 2336 quae
1451 2274 1743 2338 patellarum
1781 2277 1948 2338 potius
2003 2276 2215 2338 speciem
2263 2274 2461 2333 habent,
2544 2307 2550 2317 .

210 2346 344 2396 color
383 2345 632 2395 caeruleus
666 2345 747 2394 vel
785 2345 927 2395 albus
966 2346 1207 2409 significat
1243 2361 1395 2395 zonas
1432 2346 1634 2411 frigidas
1675 2354 1722 2398 et
1762 2354 1943 2398 tractus
1983 2354 2242 2410 terrarum,
2282 2348 2465 2397 cinctos
2544 2390 2549 2404 ,

148 2445 150 2449 f
213 2420 272 2468 iis
311 2419 449 2480 locis,
490 2433 614 2482 quae
653 2408 904 2498 polaribus
943 2420 1166 2482 subjecta
1205 2418 1430 2468 diximus.

361 2492 504 2556 Quae
541 2506 697 2541 eausa
734 2498 803 2541 est
837 2494 1106 2542 nominum
1145 2499 1191 2541 et
1215 2492 1479 2542 colorum?
1515 2491 1720 2542 Torrida
1749 2492 1923 2543 dicitur
1961 2493 2026 2543 ab·
2051 2498 2192 2543 aestu
2231 2493 2465 2552 immenso
2537 2511 2554 2557 j

213 2571 261 2615 et
298 2562 608 2626 intolerabili,
650 2567 733 2627 qui
773 2564 932 2614 adurit
972 2572 1019 2615 et
1056 2559 1271 2615 arescere
1310 2566 1426 2615 facit
1464 2571 1630 2627 terras,
1670 2571 1725 2614 ut
1749 2567 1957 2616 brunum
1995 2566 2208 2617 colorem
2234 2565 2467 2627 induant;
2530 2568 2554 2626 ,ᾖ

212 2637 414 2702 frigidae
454 2652 484 2686 a
521 2637 710 2702 frigoris
749 2652 977 2700 excessa,
1031 2637 1163 2702 quod
1201 2644 1370 2688 enecat
1408 2645 1560 2687 terras
1611 2643 1659 2688 et
1696 2638 1879 2704 pallere
1916 2641 2053 2701 facit,
2107 2646 2192 2690 aut
2230 2638 2495 2704 spoliatas.
2538 2659 2554 2691 ,.ι

213 2711 466 2761 arboribus
514 2717 562 2760 et
611 2710 790 2776 plantis
838 2713 951 2761 nive
1004 2711 1227 2773 dealbat3
1285 2717 1580 2775 temperatae
1633 2728 1664 2760 a
1711 2715 2155 2777 contemperatione
2208 2713 2381 2763 caloris
2419 2716 2467 2762 et
2549 2703 2552 2748 ἕ

211 2784 416 2847 frigoris,
456 2790 594 2848 grata
629 2783 810 2848 plantis
849 2791 898 2834 et
936 2785 1289 2847 animantibus,
1343 2783 1471 2835 unde
1511 2786 1674 2834 omnia
1711 2785 1882 2835 florent
1921 2794 1969 2837 et
2006 2787 2165 2836 virent
2201 2788 2302 2836 suis
2340 2772 2550 2860 tem-4¹25

211 2858 426 2920 poribus.
1859 2870 1864 2883 ⁶

359 2931 562 2993 Eryone
595 2931 805 2994 friyoris
842 2945 1060 2980 eaecessus
1097 2929 1249 2979 index
1286 2936 1354 2978 est
1389 2944 1547 2980 zonae
1568 2930 1803 2994 friyidae,
1844 2934 2024 2983 caloris
2061 2934 2273 2982 intensio
2310 2945 2468 2982 zonae
2502 2918 2519 2990 es
2546 2958 2554 2974 ι

216 3003 474 3051 torridae?
524 3003 848 3067 Nequaquam
900 3004 971 3058 sic
1007 3002 1290 3067 simpliciter
1335 3018 1386 3051 se
1433 3017 1508 3051 res
1554 3003 1718 3052 habet.
1795 3005 1921 3054 Nam
1973 3020 2081 3055 cum
2120 3020 2210 3055 nos
2254 3005 2303 3053 in
2341 3017 2470 3058 zona
2500 3026 2545 3064 i«

212 3080 480 3138 temperata
518 3078 683 3138 simuS‚
725 3082 913 3126 aestate
941 3082 1103 3126 tamen
1142 3081 1279 3124 aestu
1306 3090 1589 3139 gravamur,
1626 3075 1785 3125 hieme
1823 3078 1952 3139 gelu,
1993 3093 2150 3142 neque
2190 3085 2351 3127 tamen
2388 3078 2466 3124 in·
2492 3123 2511 3142 ³
2544 3081 2545 3087 ’

215 3145 356 3196 te'rim
395 3149 453 3197 de
491 3164 588 3198 una
625 3165 753 3198 zona
788 3151 835 3197 in
876 3150 1022 3198 aliam
1061 3149 1406 3198 transferimur.
1480 3150 1543 3198 Et
1588 3155 1700 3198 sunt
1743 3153 1792 3197 in
1829 3150 1922 3199 hac
1969 3152 2138 3201 eadem
2178 3166 2303 3200 zona
2340 3156 2465 3199 tem-
2501 3198 2514 3211 ,

217 3299 329 3341 sunt
379 3295 427 3339 in
475 3308 600 3342 zona
644 3297 820 3357 frigida
858 3296 1085 3346 florentes
1125 3302 1302 3354 terrae,
1355 3302 1410 3343 ut
1461 3302 1534 3346 est
1573 3294 1874 3345 Gronlandia
1922 3313 1952 3345 a
2001 3299 2157 3346 virore
2196 3297 2463 3346 Teutonico
2499 3325 2502 3330 -

217 3367 585 3429 cognominata3
636 3374 749 3415 sunt
802 3368 1009 3432 denique
1052 3371 1110 3416 --in
1159 3368 1341 3417 torrida
1379 3369 1688 3418 beatissimae
1740 3375 1788 3418 et
1825 3371 2260 3433 temperatissimae
2307 3367 2463 3429 sedes,

214 3444 290 3510 ut·>
323 3441 373 3486 in
424 3437 588 3487 Africa
640 3434 1106 3505 occidentalissima‚
1173 3444 1220 3489 in
1271 3441 1498 3491 Peruana
1554 3443 1702 3505 inque
1762 3441 1932 3492 insulis
1987 3445 2158 3493 oceani
2216 3442 2365 3492 indici
2407 3444 2469 3489 et
2499 3460 2505 3498 χ

216 3510 480 3562 orientalis,

364 3584 468 3633 Gur
506 3599 622 3646 erqo
659 3586 881 3635 torridae
918 3588 1163 3636 tribuitur
1203 3593 1383 3652 aestus,
1418 3587 1619 3651 friqidis
1653 3588 1842 3651 friyus,
1885 3593 2171 3652 temperatis
2207 3580 2473 3653 temperies
2495 3612 2498 3614 -

212 3672 308 3719 per
343 3655 465 3705 haec
499 3659 713 3706 nomina
751 3665 796 3707 et
833 3660 1056 3709 colores?
1109 3659 1236 3722 Quia
1275 3675 1382 3709 cum
1424 3660 1579 3722 calor,
1627 3660 1781 3723 frigus
1819 3667 1866 3709 et
1905 3677 2032 3725 quae
2071 3662 2161 3712 has
2201 3661 2470 3730 qualitates

217 3731 473 3779 comitatur
521 3729 718 3779 ubertas
768 3737 852 3781 aut
899 3731 1128 3780 sterilitas
1177 3739 1407 3781 terrarum
1459 3735 1621 3782 varias
1659 3733 1842 3782 habeat
1880 3749 2080 3796 causas,
2141 3735 2377 3785 coelestes
2415 3736 2473 3781 etS

217 3808 486 3852 terrestres:
543 3802 776 3852 coelestes
824 3803 1019 3867 quidem
1070 3805 1369 3855 universales
1421 3812 1534 3854 sunt
1586 3811 1634 3855 et
1681 3804 2008 3871 praepollent,
2060 3814 2308 3859 terrestres
2345 3814 2469 3855 vero*

215 3875 529 3939 particulares
577 3882 625 3925 et
667 3878 715 3924 in
767 3877 1069 3939 quorundam
1116 3877 1331 3926 locorum
1381 3885 1750 3943 temporumque
1778 3883 2050 3944 'angustias
2086 3883 2312 3933 redactae
2349 3881 2469 3928 sunv
