<?xml version="1.0" encoding="UTF-8"?>
<!DOCTYPE html PUBLIC "-//W3C//DTD XHTML 1.0 Transitional//EN"
    "http://www.w3.org/TR/xhtml1/DTD/xhtml1-transitional.dtd">
<html xmlns="http://www.w3.org/1999/xhtml" xml:lang="en" lang="en">
 <head>
  <title>
</title>
<meta http-equiv="Content-Type" content="text/html;charset=utf-8" />
  <meta name='ocr-system' content='tesseract 3.04.00' />
  <meta name='ocr-capabilities' content='ocr_page ocr_carea ocr_par ocr_line ocrx_word'/>
</head>
<body>
  <div class='ocr_page' id='page_1' title='image "./operaomniaedidit06kepluoft_0713.png"; bbox 0 0 2554 4140; ppageno 0'>
   <div class='ocr_carea' id='block_1_1' title="bbox 3 1046 14 1975">
    <p class='ocr_par' dir='ltr' id='par_1_1' title="bbox 3 1046 14 1975">
     <span class='ocr_line' id='line_1_1' title="bbox 3 1046 14 1975; baseline 0 0"><span class='ocrx_word' id='word_1_1' title='bbox 3 1046 14 1975; x_wconf 95' lang='lat' dir='ltr'> </span> 
     </span>
    </p>
   </div>
   <div class='ocr_carea' id='block_1_2' title="bbox 0 0 17 4140">
    <p class='ocr_par' dir='ltr' id='par_1_2' title="bbox 0 0 17 4140">
     <span class='ocr_line' id='line_1_2' title="bbox 0 0 17 4140; baseline 0 0"><span class='ocrx_word' id='word_1_2' title='bbox 0 0 17 4140; x_wconf 95' lang='lat' dir='ltr'> </span> 
     </span>
    </p>
   </div>
   <div class='ocr_carea' id='block_1_3' title="bbox 1097 103 2438 161">
    <p class='ocr_par' dir='ltr' id='par_1_3' title="bbox 1097 103 2438 161">
     <span class='ocr_line' id='line_1_3' title="bbox 1097 103 2438 161; baseline 0.004 -10"><span class='ocrx_word' id='word_1_3' title='bbox 1097 103 1360 161; x_wconf 86' lang='lat' dir='ltr'>Praecepta.</span> <span class='ocrx_word' id='word_1_4' title='bbox 2334 108 2438 158; x_wconf 76' lang='lat'>699</span> 
     </span>
    </p>
   </div>
   <div class='ocr_carea' id='block_1_4' title="bbox 154 249 2439 2356">
    <p class='ocr_par' dir='ltr' id='par_1_4' title="bbox 171 249 2439 970">
     <span class='ocr_line' id='line_1_4' title="bbox 177 249 2434 309; baseline -0.001 -13"><span class='ocrx_word' id='word_1_5' title='bbox 177 252 325 297; x_wconf 83' lang='lat' dir='ltr'><strong>Aliter</strong></span> <span class='ocrx_word' id='word_1_6' title='bbox 351 251 497 309; x_wconf 85' lang='lat' dir='ltr'>prima</span> <span class='ocrx_word' id='word_1_7' title='bbox 527 250 737 308; x_wconf 80' lang='lat' dir='ltr'>aequatio</span> <span class='ocrx_word' id='word_1_8' title='bbox 768 253 866 295; x_wconf 89' lang='lat' dir='ltr'>tota</span> <span class='ocrx_word' id='word_1_9' title='bbox 894 251 941 296; x_wconf 90' lang='lat' dir='ltr'>in</span> <span class='ocrx_word' id='word_1_10' title='bbox 970 250 1042 296; x_wconf 88' lang='lat' dir='ltr'>his</span> <span class='ocrx_word' id='word_1_11' title='bbox 1073 249 1380 297; x_wconf 74' lang='lat' dir='ltr'><strong>schematibus</strong></span> <span class='ocrx_word' id='word_1_12' title='bbox 1408 262 1499 295; x_wconf 91' lang='lat' dir='ltr'>non</span> <span class='ocrx_word' id='word_1_13' title='bbox 1530 249 1817 308; x_wconf 80' lang='lat' dir='ltr'><strong>exprimitur,</strong></span> <span class='ocrx_word' id='word_1_14' title='bbox 1858 263 1911 296; x_wconf 88' lang='lat' dir='ltr'>ac</span> <span class='ocrx_word' id='word_1_15' title='bbox 1940 253 2183 307; x_wconf 80' lang='lat' dir='ltr'>propterea</span> <span class='ocrx_word' id='word_1_16' title='bbox 2221 249 2357 294; x_wconf 90' lang='lat' dir='ltr'>etiam</span> <span class='ocrx_word' id='word_1_17' title='bbox 2386 249 2434 294; x_wconf 92' lang='lat' dir='ltr'>in</span> 
     </span>
     <span class='ocr_line' id='line_1_5' title="bbox 179 315 2435 374; baseline 0 -13"><span class='ocrx_word' id='word_1_18' title='bbox 179 316 348 362; x_wconf 90' lang='lat' dir='ltr'>tabulis</span> <span class='ocrx_word' id='word_1_19' title='bbox 378 331 470 362; x_wconf 92' lang='lat' dir='ltr'>non</span> <span class='ocrx_word' id='word_1_20' title='bbox 501 315 808 372; x_wconf 88' lang='lat' dir='ltr'>aequationes,</span> <span class='ocrx_word' id='word_1_21' title='bbox 840 316 920 360; x_wconf 88' lang='lat' dir='ltr'>sed</span> <span class='ocrx_word' id='word_1_22' title='bbox 951 316 1104 374; x_wconf 90' lang='lat' dir='ltr'>potius</span> <span class='ocrx_word' id='word_1_23' title='bbox 1139 319 1415 373; x_wconf 83' lang='lat' dir='ltr'>coaequatae</span> <span class='ocrx_word' id='word_1_24' title='bbox 1446 315 1572 372; x_wconf 81' lang='lat' dir='ltr'>ipsae</span> <span class='ocrx_word' id='word_1_25' title='bbox 1610 316 1682 359; x_wconf 85' lang='lat' dir='ltr'>vel</span> <span class='ocrx_word' id='word_1_26' title='bbox 1715 329 1871 360; x_wconf 89' lang='lat' dir='ltr'>earum</span> <span class='ocrx_word' id='word_1_27' title='bbox 1901 316 2230 374; x_wconf 87' lang='lat' dir='ltr'>complementa</span> <span class='ocrx_word' id='word_1_28' title='bbox 2258 329 2435 373; x_wconf 91' lang='lat' dir='ltr'>ponun-</span> 
     </span>
     <span class='ocr_line' id='line_1_6' title="bbox 178 379 2431 440; baseline -0.001 -12"><span class='ocrx_word' id='word_1_29' title='bbox 178 388 266 429; x_wconf 87' lang='lat' dir='ltr'><strong>tur.</strong></span> <span class='ocrx_word' id='word_1_30' title='bbox 328 383 503 440; x_wconf 77' lang='lat' dir='ltr'><strong>Quodsi</strong></span> <span class='ocrx_word' id='word_1_31' title='bbox 532 384 715 427; x_wconf 91' lang='lat' dir='ltr'>daretur</span> <span class='ocrx_word' id='word_1_32' title='bbox 744 388 895 427; x_wconf 87' lang='lat' dir='ltr'>certus</span> <span class='ocrx_word' id='word_1_33' title='bbox 926 396 1058 429; x_wconf 87' lang='lat' dir='ltr'>arcus</span> <span class='ocrx_word' id='word_1_34' title='bbox 1090 395 1172 427; x_wconf 89' lang='lat' dir='ltr'>seu</span> <span class='ocrx_word' id='word_1_35' title='bbox 1203 379 1428 427; x_wconf 88' lang='lat' dir='ltr'>anomalia</span> <span class='ocrx_word' id='word_1_36' title='bbox 1459 381 1669 439; x_wconf 90' lang='lat' dir='ltr'>eccentri,</span> <span class='ocrx_word' id='word_1_37' title='bbox 1703 387 1749 427; x_wconf 88' lang='lat' dir='ltr'>et</span> <span class='ocrx_word' id='word_1_38' title='bbox 1780 397 1881 428; x_wconf 92' lang='lat' dir='ltr'>cum</span> <span class='ocrx_word' id='word_1_39' title='bbox 1912 396 1966 428; x_wconf 94' lang='lat' dir='ltr'>eo</span> <span class='ocrx_word' id='word_1_40' title='bbox 1998 382 2243 428; x_wconf 81' lang='lat' dir='ltr'>calculator</span> <span class='ocrx_word' id='word_1_41' title='bbox 2270 381 2431 426; x_wconf 92' lang='lat' dir='ltr'>immit-</span> 
     </span>
     <span class='ocr_line' id='line_1_7' title="bbox 175 446 2439 506; baseline -0 -13"><span class='ocrx_word' id='word_1_42' title='bbox 175 453 350 494; x_wconf 84' lang='lat' dir='ltr'>teretur</span> <span class='ocrx_word' id='word_1_43' title='bbox 385 450 432 494; x_wconf 88' lang='lat' dir='ltr'>in</span> <span class='ocrx_word' id='word_1_44' title='bbox 469 448 672 504; x_wconf 83' lang='lat' dir='ltr'>tabulas,</span> <span class='ocrx_word' id='word_1_45' title='bbox 719 448 776 493; x_wconf 92' lang='lat' dir='ltr'>ad</span> <span class='ocrx_word' id='word_1_46' title='bbox 818 448 1146 506; x_wconf 85' lang='lat' dir='ltr'>excerpendam</span> <span class='ocrx_word' id='word_1_47' title='bbox 1186 448 1290 493; x_wconf 89' lang='lat' dir='ltr'>hinc</span> <span class='ocrx_word' id='word_1_48' title='bbox 1328 446 1598 492; x_wconf 90' lang='lat' dir='ltr'>anomaliam</span> <span class='ocrx_word' id='word_1_49' title='bbox 1636 447 1851 504; x_wconf 89' lang='lat' dir='ltr'>mediam,</span> <span class='ocrx_word' id='word_1_50' title='bbox 1898 448 2002 494; x_wconf 91' lang='lat' dir='ltr'>inde</span> <span class='ocrx_word' id='word_1_51' title='bbox 2034 452 2356 506; x_wconf 85' lang='lat' dir='ltr'>coaequatam,</span> <span class='ocrx_word' id='word_1_52' title='bbox 2384 448 2439 494; x_wconf 74' lang='lat' dir='ltr'>vei</span> 
     </span>
     <span class='ocr_line' id='line_1_8' title="bbox 175 509 2436 577; baseline -0 -18"><span class='ocrx_word' id='word_1_53' title='bbox 175 519 328 570; x_wconf 85' lang='lat' dir='ltr'>partes</span> <span class='ocrx_word' id='word_1_54' title='bbox 358 514 475 559; x_wconf 91' lang='lat' dir='ltr'>istae</span> <span class='ocrx_word' id='word_1_55' title='bbox 506 516 623 560; x_wconf 87' lang='lat' dir='ltr'>duae</span> <span class='ocrx_word' id='word_1_56' title='bbox 655 514 984 560; x_wconf 87' lang='lat' dir='ltr'>contrariarum</span> <span class='ocrx_word' id='word_1_57' title='bbox 1015 509 1616 577; x_wconf 29' lang='lat' dir='ltr'>obvenirent-affectionum.</span> <span class='ocrx_word' id='word_1_58' title='bbox 1676 514 1792 558; x_wconf 88' lang='lat' dir='ltr'>Nam</span> <span class='ocrx_word' id='word_1_59' title='bbox 1814 527 1919 558; x_wconf 86' lang='lat' dir='ltr'>area</span> <span class='ocrx_word' id='word_1_60' title='bbox 1959 514 2140 571; x_wconf 86' lang='lat' dir='ltr'>quidem</span> <span class='ocrx_word' id='word_1_61' title='bbox 2171 513 2326 560; x_wconf 89' lang='lat' dir='ltr'>addita</span> <span class='ocrx_word' id='word_1_62' title='bbox 2354 529 2436 558; x_wconf 91' lang='lat' dir='ltr'>nu-</span> 
     </span>
     <span class='ocr_line' id='line_1_9' title="bbox 174 579 2437 637; baseline 0.001 -15"><span class='ocrx_word' id='word_1_63' title='bbox 174 591 299 624; x_wconf 91' lang='lat' dir='ltr'>mero</span> <span class='ocrx_word' id='word_1_64' title='bbox 330 593 475 636; x_wconf 87' lang='lat' dir='ltr'>arcus,</span> <span class='ocrx_word' id='word_1_65' title='bbox 512 580 704 636; x_wconf 88' lang='lat' dir='ltr'>angulus</span> <span class='ocrx_word' id='word_1_66' title='bbox 735 592 840 625; x_wconf 82' lang='lat' dir='ltr'>vero</span> <span class='ocrx_word' id='word_1_67' title='bbox 872 579 1134 626; x_wconf 87' lang='lat' dir='ltr'>subtractus</span> <span class='ocrx_word' id='word_1_68' title='bbox 1166 593 1193 624; x_wconf 89' lang='lat' dir='ltr'>a</span> <span class='ocrx_word' id='word_1_69' title='bbox 1214 593 1398 626; x_wconf 91' lang='lat' dir='ltr'>numero</span> <span class='ocrx_word' id='word_1_70' title='bbox 1423 593 1570 635; x_wconf 87' lang='lat' dir='ltr'>arcus,</span> <span class='ocrx_word' id='word_1_71' title='bbox 1603 579 1901 624; x_wconf 80' lang='lat' dir='ltr'>constitueret</span> <span class='ocrx_word' id='word_1_72' title='bbox 1926 579 2187 637; x_wconf 88' lang='lat' dir='ltr'>anomalias,</span> <span class='ocrx_word' id='word_1_73' title='bbox 2219 579 2309 623; x_wconf 90' lang='lat' dir='ltr'>illic</span> <span class='ocrx_word' id='word_1_74' title='bbox 2340 580 2437 637; x_wconf 92' lang='lat' dir='ltr'>qui-</span> 
     </span>
     <span class='ocr_line' id='line_1_10' title="bbox 175 642 2434 706; baseline 0.002 -19"><span class='ocrx_word' id='word_1_75' title='bbox 175 642 276 688; x_wconf 86' lang='lat' dir='ltr'>dem</span> <span class='ocrx_word' id='word_1_76' title='bbox 305 644 511 702; x_wconf 87' lang='lat' dir='ltr'>mediam,</span> <span class='ocrx_word' id='word_1_77' title='bbox 543 646 617 690; x_wconf 89' lang='lat' dir='ltr'>hic</span> <span class='ocrx_word' id='word_1_78' title='bbox 647 652 957 706; x_wconf 85' lang='lat' dir='ltr'>coaequatam,</span> <span class='ocrx_word' id='word_1_79' title='bbox 987 647 1181 693; x_wconf 83' lang='lat' dir='ltr'>invicem</span> <span class='ocrx_word' id='word_1_80' title='bbox 1201 645 1546 705; x_wconf 73' lang='lat' dir='ltr'>respondentes.</span> <span class='ocrx_word' id='word_1_81' title='bbox 1601 644 1691 690; x_wconf 86' lang='lat' dir='ltr'>Sed</span> <span class='ocrx_word' id='word_1_82' title='bbox 1723 646 1829 701; x_wconf 90' lang='lat' dir='ltr'>quia</span> <span class='ocrx_word' id='word_1_83' title='bbox 1858 645 1905 691; x_wconf 92' lang='lat' dir='ltr'>in</span> <span class='ocrx_word' id='word_1_84' title='bbox 1935 646 2156 703; x_wconf 91' lang='lat' dir='ltr'>principio</span> <span class='ocrx_word' id='word_1_85' title='bbox 2191 646 2322 691; x_wconf 90' lang='lat' dir='ltr'>datur</span> <span class='ocrx_word' id='word_1_86' title='bbox 2343 660 2434 692; x_wconf 92' lang='lat' dir='ltr'>non</span> 
     </span>
     <span class='ocr_line' id='line_1_11' title="bbox 171 710 2435 771; baseline 0.001 -18"><span class='ocrx_word' id='word_1_87' title='bbox 171 710 399 757; x_wconf 87' lang='lat' dir='ltr'>anomalia</span> <span class='ocrx_word' id='word_1_88' title='bbox 429 713 649 771; x_wconf 86' lang='lat' dir='ltr'>eccentri,</span> <span class='ocrx_word' id='word_1_89' title='bbox 691 712 773 756; x_wconf 90' lang='lat' dir='ltr'>sed</span> <span class='ocrx_word' id='word_1_90' title='bbox 803 713 1028 758; x_wconf 83' lang='lat' dir='ltr'>anomalia</span> <span class='ocrx_word' id='word_1_91' title='bbox 1057 713 1206 758; x_wconf 88' lang='lat' dir='ltr'>media</span> <span class='ocrx_word' id='word_1_92' title='bbox 1238 726 1294 758; x_wconf 87' lang='lat' dir='ltr'>ex</span> <span class='ocrx_word' id='word_1_93' title='bbox 1323 719 1552 770; x_wconf 84' lang='lat' dir='ltr'>tempore,</span> <span class='ocrx_word' id='word_1_94' title='bbox 1594 717 1641 756; x_wconf 91' lang='lat' dir='ltr'>et</span> <span class='ocrx_word' id='word_1_95' title='bbox 1671 724 1772 756; x_wconf 89' lang='lat' dir='ltr'>cum</span> <span class='ocrx_word' id='word_1_96' title='bbox 1805 724 1859 756; x_wconf 88' lang='lat' dir='ltr'>ea</span> <span class='ocrx_word' id='word_1_97' title='bbox 1890 714 1940 756; x_wconf 90' lang='lat' dir='ltr'>flt</span> <span class='ocrx_word' id='word_1_98' title='bbox 1969 713 2200 769; x_wconf 87' lang='lat' dir='ltr'>ingressus</span> <span class='ocrx_word' id='word_1_99' title='bbox 2234 711 2435 770; x_wconf 87' lang='lat' dir='ltr'>excerpi-</span> 
     </span>
     <span class='ocr_line' id='line_1_12' title="bbox 171 776 2436 835; baseline 0 -15"><span class='ocrx_word' id='word_1_100' title='bbox 171 781 335 834; x_wconf 85' lang='lat' dir='ltr'>turque</span> <span class='ocrx_word' id='word_1_101' title='bbox 365 778 463 823; x_wconf 88' lang='lat' dir='ltr'>sola</span> <span class='ocrx_word' id='word_1_102' title='bbox 493 785 755 835; x_wconf 63' lang='lat' dir='ltr'>coaequata,</span> <span class='ocrx_word' id='word_1_103' title='bbox 786 792 871 823; x_wconf 89' lang='lat' dir='ltr'>nec</span> <span class='ocrx_word' id='word_1_104' title='bbox 901 778 1398 835; x_wconf 76' lang='lat' dir='ltr'>exquirituraequatio</span> <span class='ocrx_word' id='word_1_105' title='bbox 1428 779 1544 835; x_wconf 91' lang='lat' dir='ltr'>ipsa,</span> <span class='ocrx_word' id='word_1_106' title='bbox 1575 777 1628 822; x_wconf 88' lang='lat' dir='ltr'>fit</span> <span class='ocrx_word' id='word_1_107' title='bbox 1657 781 1707 821; x_wconf 92' lang='lat' dir='ltr'>ut</span> <span class='ocrx_word' id='word_1_108' title='bbox 1728 777 1843 821; x_wconf 88' lang='lat' dir='ltr'>haec</span> <span class='ocrx_word' id='word_1_109' title='bbox 1873 776 2162 822; x_wconf 87' lang='lat' dir='ltr'>affectionum</span> <span class='ocrx_word' id='word_1_110' title='bbox 2192 777 2436 822; x_wconf 88' lang='lat' dir='ltr'>contrarie-</span> 
     </span>
     <span class='ocr_line' id='line_1_13' title="bbox 171 842 2434 902; baseline 0.001 -16"><span class='ocrx_word' id='word_1_111' title='bbox 171 848 242 886; x_wconf 84' lang='lat' dir='ltr'>tas</span> <span class='ocrx_word' id='word_1_112' title='bbox 283 857 376 888; x_wconf 93' lang='lat' dir='ltr'>non</span> <span class='ocrx_word' id='word_1_113' title='bbox 412 845 710 902; x_wconf 86' lang='lat' dir='ltr'>expendatur.</span> <span class='ocrx_word' id='word_1_114' title='bbox 769 846 869 891; x_wconf 90' lang='lat' dir='ltr'>Hoc</span> <span class='ocrx_word' id='word_1_115' title='bbox 909 851 1060 889; x_wconf 87' lang='lat' dir='ltr'>tamen</span> <span class='ocrx_word' id='word_1_116' title='bbox 1106 844 1346 901; x_wconf 85' lang='lat' dir='ltr'>diligenter</span> <span class='ocrx_word' id='word_1_117' title='bbox 1387 850 1458 890; x_wconf 87' lang='lat' dir='ltr'>est</span> <span class='ocrx_word' id='word_1_118' title='bbox 1495 842 1744 890; x_wconf 88' lang='lat' dir='ltr'>notandum</span> <span class='ocrx_word' id='word_1_119' title='bbox 1781 843 2150 902; x_wconf 86' lang='lat' dir='ltr'>infigendumque</span> <span class='ocrx_word' id='word_1_120' title='bbox 2180 844 2434 902; x_wconf 85' lang='lat' dir='ltr'>memoriae,</span> 
     </span>
     <span class='ocr_line' id='line_1_14' title="bbox 173 911 2176 970; baseline 0 -15"><span class='ocrx_word' id='word_1_121' title='bbox 173 911 342 968; x_wconf 87' lang='lat' dir='ltr'>quippe</span> <span class='ocrx_word' id='word_1_122' title='bbox 372 911 419 955; x_wconf 91' lang='lat' dir='ltr'>in</span> <span class='ocrx_word' id='word_1_123' title='bbox 451 911 748 970; x_wconf 88' lang='lat' dir='ltr'>sequentibus</span> <span class='ocrx_word' id='word_1_124' title='bbox 779 913 865 957; x_wconf 90' lang='lat' dir='ltr'>erit</span> <span class='ocrx_word' id='word_1_125' title='bbox 895 913 993 969; x_wconf 74' lang='lat' dir='ltr'>ejus</span> <span class='ocrx_word' id='word_1_126' title='bbox 1025 912 1189 970; x_wconf 82' lang='lat' dir='ltr'>aliquis</span> <span class='ocrx_word' id='word_1_127' title='bbox 1221 925 1347 957; x_wconf 85' lang='lat' dir='ltr'>usus.</span> <span class='ocrx_word' id='word_1_128' title='bbox 2173 930 2176 934; x_wconf 34' lang='lat'>⁸</span> 
     </span>
    </p>

    <p class='ocr_par' dir='ltr' id='par_1_5' title="bbox 154 974 2435 2356">
     <span class='ocr_line' id='line_1_15' title="bbox 285 974 2433 1036; baseline 0 -15"><span class='ocrx_word' id='word_1_129' title='bbox 285 978 413 1023; x_wconf 89' lang='lat' dir='ltr'>Haec</span> <span class='ocrx_word' id='word_1_130' title='bbox 449 979 588 1036; x_wconf 89' lang='lat' dir='ltr'>igitur</span> <span class='ocrx_word' id='word_1_131' title='bbox 618 983 688 1022; x_wconf 89' lang='lat' dir='ltr'>est</span> <span class='ocrx_word' id='word_1_132' title='bbox 729 983 821 1021; x_wconf 86' lang='lat' dir='ltr'>tam</span> <span class='ocrx_word' id='word_1_133' title='bbox 853 978 1012 1024; x_wconf 84' lang='lat' dir='ltr'>Lunae</span> <span class='ocrx_word' id='word_1_134' title='bbox 1055 991 1191 1035; x_wconf 90' lang='lat' dir='ltr'>quam</span> <span class='ocrx_word' id='word_1_135' title='bbox 1229 977 1516 1034; x_wconf 87' lang='lat' dir='ltr'>planetarum</span> <span class='ocrx_word' id='word_1_136' title='bbox 1561 980 1815 1022; x_wconf 87' lang='lat' dir='ltr'>ceterorum</span> <span class='ocrx_word' id='word_1_137' title='bbox 1843 974 1988 1020; x_wconf 86' lang='lat' dir='ltr'>forma</span> <span class='ocrx_word' id='word_1_138' title='bbox 2026 975 2248 1027; x_wconf 85' lang='lat' dir='ltr'>theoriae,</span> <span class='ocrx_word' id='word_1_139' title='bbox 2295 976 2433 1021; x_wconf 90' lang='lat' dir='ltr'>veluti</span> 
     </span>
     <span class='ocr_line' id='line_1_16' title="bbox 171 1041 2435 1102; baseline 0.001 -17"><span class='ocrx_word' id='word_1_140' title='bbox 171 1041 419 1090; x_wconf 87' lang='lat' dir='ltr'>intrinseca</span> <span class='ocrx_word' id='word_1_141' title='bbox 451 1051 493 1090; x_wconf 88' lang='lat' dir='ltr'>et</span> <span class='ocrx_word' id='word_1_142' title='bbox 524 1044 790 1094; x_wconf 86' lang='lat' dir='ltr'>essentialis.</span> <span class='ocrx_word' id='word_1_143' title='bbox 853 1042 1066 1100; x_wconf 82' lang='lat' dir='ltr'>Sequitur</span> <span class='ocrx_word' id='word_1_144' title='bbox 1095 1057 1230 1100; x_wconf 91' lang='lat' dir='ltr'>nunc,</span> <span class='ocrx_word' id='word_1_145' title='bbox 1262 1048 1313 1088; x_wconf 93' lang='lat' dir='ltr'>ut</span> <span class='ocrx_word' id='word_1_146' title='bbox 1343 1043 1590 1097; x_wconf 89' lang='lat' dir='ltr'>videamus,</span> <span class='ocrx_word' id='word_1_147' title='bbox 1623 1041 1732 1098; x_wconf 91' lang='lat' dir='ltr'>quid</span> <span class='ocrx_word' id='word_1_148' title='bbox 1764 1042 1804 1102; x_wconf 87' lang='lat' dir='ltr'>ei</span> <span class='ocrx_word' id='word_1_149' title='bbox 1834 1041 2006 1086; x_wconf 84' lang='lat' dir='ltr'>formae</span> <span class='ocrx_word' id='word_1_150' title='bbox 2035 1041 2082 1084; x_wconf 92' lang='lat' dir='ltr'>in</span> <span class='ocrx_word' id='word_1_151' title='bbox 2106 1041 2238 1085; x_wconf 91' lang='lat' dir='ltr'>Luna</span> <span class='ocrx_word' id='word_1_152' title='bbox 2268 1042 2435 1087; x_wconf 83' lang='lat' dir='ltr'>extrin-</span> 
     </span>
     <span class='ocr_line' id='line_1_17' title="bbox 167 1107 2434 1168; baseline 0 -16"><span class='ocrx_word' id='word_1_153' title='bbox 167 1121 298 1154; x_wconf 87' lang='lat' dir='ltr'>secus</span> <span class='ocrx_word' id='word_1_154' title='bbox 329 1111 519 1165; x_wconf 89' lang='lat' dir='ltr'>accidat,</span> <span class='ocrx_word' id='word_1_155' title='bbox 551 1112 673 1168; x_wconf 89' lang='lat' dir='ltr'>quod</span> <span class='ocrx_word' id='word_1_156' title='bbox 703 1109 998 1166; x_wconf 84' lang='lat' dir='ltr'>aequationes</span> <span class='ocrx_word' id='word_1_157' title='bbox 1031 1114 1241 1154; x_wconf 86' lang='lat' dir='ltr'>causetur</span> <span class='ocrx_word' id='word_1_158' title='bbox 1261 1109 1473 1166; x_wconf 88' lang='lat' dir='ltr'>reliquas.</span> <span class='ocrx_word' id='word_1_159' title='bbox 1524 1108 1743 1154; x_wconf 88' lang='lat' dir='ltr'>Nimirum</span> <span class='ocrx_word' id='word_1_160' title='bbox 1766 1107 1867 1164; x_wconf 89' lang='lat' dir='ltr'>ipsa</span> <span class='ocrx_word' id='word_1_161' title='bbox 1889 1120 2128 1164; x_wconf 86' lang='lat' dir='ltr'>corporum</span> <span class='ocrx_word' id='word_1_162' title='bbox 2149 1111 2241 1152; x_wconf 89' lang='lat' dir='ltr'>tam</span> <span class='ocrx_word' id='word_1_163' title='bbox 2263 1107 2434 1153; x_wconf 88' lang='lat' dir='ltr'>Terrae</span> 
     </span>
     <span class='ocr_line' id='line_1_18' title="bbox 166 1169 2429 1232; baseline 0 -14"><span class='ocrx_word' id='word_1_164' title='bbox 166 1188 302 1232; x_wconf 88' lang='lat' dir='ltr'>quam</span> <span class='ocrx_word' id='word_1_165' title='bbox 322 1176 482 1221; x_wconf 89' lang='lat' dir='ltr'>Lunae</span> <span class='ocrx_word' id='word_1_166' title='bbox 503 1175 771 1220; x_wconf 90' lang='lat' dir='ltr'>illuminatio</span> <span class='ocrx_word' id='word_1_167' title='bbox 802 1174 993 1231; x_wconf 90' lang='lat' dir='ltr'>ipsaque</span> <span class='ocrx_word' id='word_1_168' title='bbox 1015 1173 1223 1219; x_wconf 90' lang='lat' dir='ltr'>diametri</span> <span class='ocrx_word' id='word_1_169' title='bbox 1242 1173 1584 1218; x_wconf 89' lang='lat' dir='ltr'>illuminationis</span> <span class='ocrx_word' id='word_1_170' title='bbox 1605 1172 1765 1217; x_wconf 89' lang='lat' dir='ltr'>Lunae</span> <span class='ocrx_word' id='word_1_171' title='bbox 1795 1177 1841 1218; x_wconf 89' lang='lat' dir='ltr'>et</span> <span class='ocrx_word' id='word_1_172' title='bbox 1862 1169 2252 1224; x_wconf 84' lang='lat' dir='ltr'>circumferentiae</span> <span class='ocrx_word' id='word_1_173' title='bbox 2276 1186 2429 1219; x_wconf 88' lang='lat' dir='ltr'>eccen-</span> 
     </span>
     <span class='ocr_line' id='line_1_19' title="bbox 162 1237 2426 1298; baseline 0.001 -14"><span class='ocrx_word' id='word_1_174' title='bbox 162 1240 263 1285; x_wconf 89' lang='lat' dir='ltr'>trici</span> <span class='ocrx_word' id='word_1_175' title='bbox 299 1242 672 1288; x_wconf 90' lang='lat' dir='ltr'>intersectionum</span> <span class='ocrx_word' id='word_1_176' title='bbox 714 1241 985 1298; x_wconf 88' lang='lat' dir='ltr'>permutatio</span> <span class='ocrx_word' id='word_1_177' title='bbox 1027 1239 1171 1286; x_wconf 92' lang='lat' dir='ltr'>vicem</span> <span class='ocrx_word' id='word_1_178' title='bbox 1213 1244 1418 1297; x_wconf 87' lang='lat' dir='ltr'>praestat</span> <span class='ocrx_word' id='word_1_179' title='bbox 1448 1240 1647 1284; x_wconf 88' lang='lat' dir='ltr'>motibus</span> <span class='ocrx_word' id='word_1_180' title='bbox 1678 1239 1836 1284; x_wconf 88' lang='lat' dir='ltr'>Lunae</span> <span class='ocrx_word' id='word_1_181' title='bbox 1876 1237 2115 1284; x_wconf 88' lang='lat' dir='ltr'>eceentrici</span> <span class='ocrx_word' id='word_1_182' title='bbox 2159 1242 2426 1286; x_wconf 84' lang='lat' dir='ltr'>secundarii.</span> 
     </span>
     <span class='ocr_line' id='line_1_20' title="bbox 162 1305 2427 1363; baseline 0.001 -13"><span class='ocrx_word' id='word_1_183' title='bbox 162 1305 232 1351; x_wconf 92' lang='lat' dir='ltr'>De</span> <span class='ocrx_word' id='word_1_184' title='bbox 261 1307 395 1352; x_wconf 92' lang='lat' dir='ltr'>modo</span> <span class='ocrx_word' id='word_1_185' title='bbox 428 1308 702 1353; x_wconf 84' lang='lat' dir='ltr'>causationis</span> <span class='ocrx_word' id='word_1_186' title='bbox 733 1306 845 1352; x_wconf 89' lang='lat' dir='ltr'>nihil</span> <span class='ocrx_word' id='word_1_187' title='bbox 876 1312 946 1351; x_wconf 88' lang='lat' dir='ltr'>est</span> <span class='ocrx_word' id='word_1_188' title='bbox 975 1306 1063 1352; x_wconf 92' lang='lat' dir='ltr'>hoc</span> <span class='ocrx_word' id='word_1_189' title='bbox 1093 1306 1193 1351; x_wconf 92' lang='lat' dir='ltr'>loco</span> <span class='ocrx_word' id='word_1_190' title='bbox 1225 1306 1484 1357; x_wconf 65' lang='lat' dir='ltr'>dicendum</span> <span class='ocrx_word' id='word_1_191' title='bbox 1516 1305 1725 1351; x_wconf 87' lang='lat' dir='ltr'>videatur</span> <span class='ocrx_word' id='word_1_192' title='bbox 1754 1305 1876 1363; x_wconf 88' lang='lat' dir='ltr'>Epit.</span> <span class='ocrx_word' id='word_1_193' title='bbox 1908 1305 1984 1351; x_wconf 91' lang='lat' dir='ltr'>lib.</span> <span class='ocrx_word' id='word_1_194' title='bbox 2016 1305 2094 1351; x_wconf 88' lang='lat' dir='ltr'><strong>IV.</strong></span> <span class='ocrx_word' id='word_1_195' title='bbox 2127 1305 2157 1350; x_wconf 83' lang='lat' dir='ltr'>f.</span> <span class='ocrx_word' id='word_1_196' title='bbox 2190 1305 2290 1356; x_wconf 82' lang='lat'><strong>383.</strong></span> <span class='ocrx_word' id='word_1_197' title='bbox 2359 1309 2427 1353; x_wconf 95' lang='lat' dir='ltr'>De</span> 
     </span>
     <span class='ocr_line' id='line_1_21' title="bbox 163 1372 2112 1445; baseline 0.001 -30"><span class='ocrx_word' id='word_1_198' title='bbox 163 1372 388 1418; x_wconf 81' lang='lat' dir='ltr'>mensuris</span> <span class='ocrx_word' id='word_1_199' title='bbox 407 1387 528 1420; x_wconf 87' lang='lat' dir='ltr'>nunc</span> <span class='ocrx_word' id='word_1_200' title='bbox 549 1374 735 1430; x_wconf 86' lang='lat' dir='ltr'>agimus.</span> <span class='ocrx_word' id='word_1_201' title='bbox 770 1373 969 1418; x_wconf 90' lang='lat' dir='ltr'>Primum</span> <span class='ocrx_word' id='word_1_202' title='bbox 991 1373 1119 1431; x_wconf 91' lang='lat' dir='ltr'>scito,</span> <span class='ocrx_word' id='word_1_203' title='bbox 1151 1372 1273 1430; x_wconf 92' lang='lat' dir='ltr'>quod</span> <span class='ocrx_word' id='word_1_204' title='bbox 1295 1373 1369 1418; x_wconf 88' lang='lat' dir='ltr'>hic</span> <span class='ocrx_word' id='word_1_205' title='bbox 1400 1372 1457 1418; x_wconf 91' lang='lat' dir='ltr'>ad</span> <span class='ocrx_word' id='word_1_206' title='bbox 1479 1385 1643 1428; x_wconf 90' lang='lat' dir='ltr'>aequa·</span> <span class='ocrx_word' id='word_1_207' title='bbox 1971 1403 2054 1445; x_wconf 46' lang='lat' dir='ltr'>mg·</span> <span class='ocrx_word' id='word_1_208' title='bbox 2080 1403 2112 1438; x_wconf 85' lang='lat'>3.</span> 
     </span>
     <span class='ocr_line' id='line_1_22' title="bbox 162 1438 2018 1497; baseline -0.001 -16"><span class='ocrx_word' id='word_1_209' title='bbox 162 1438 331 1482; x_wconf 88' lang='lat' dir='ltr'>tionem</span> <span class='ocrx_word' id='word_1_210' title='bbox 367 1441 613 1485; x_wconf 89' lang='lat' dir='ltr'>secundam</span> <span class='ocrx_word' id='word_1_211' title='bbox 646 1445 921 1485; x_wconf 85' lang='lat' dir='ltr'>menstruam</span> <span class='ocrx_word' id='word_1_212' title='bbox 962 1438 1244 1484; x_wconf 88' lang='lat' dir='ltr'>efficiendam</span> <span class='ocrx_word' id='word_1_213' title='bbox 1273 1439 1381 1484; x_wconf 91' lang='lat' dir='ltr'>lima</span> <span class='ocrx_word' id='word_1_214' title='bbox 1411 1439 1636 1497; x_wconf 89' lang='lat' dir='ltr'>copularis</span> <span class='ocrx_word' id='word_1_215' title='bbox 2008 1472 2018 1480; x_wconf 36' lang='lat' dir='ltr'>i</span> 
     </span>
     <span class='ocr_line' id='line_1_23' title="bbox 162 1503 1639 1564; baseline 0.002 -16"><span class='ocrx_word' id='word_1_216' title='bbox 162 1503 276 1548; x_wconf 87' lang='lat' dir='ltr'>STV</span> <span class='ocrx_word' id='word_1_217' title='bbox 317 1504 440 1550; x_wconf 86' lang='lat' dir='ltr'>vices</span> <span class='ocrx_word' id='word_1_218' title='bbox 491 1507 683 1563; x_wconf 88' lang='lat' dir='ltr'>alicujus</span> <span class='ocrx_word' id='word_1_219' title='bbox 727 1507 874 1551; x_wconf 86' lang='lat' dir='ltr'>lineae</span> <span class='ocrx_word' id='word_1_220' title='bbox 918 1505 1126 1562; x_wconf 87' lang='lat' dir='ltr'>apsidum</span> <span class='ocrx_word' id='word_1_221' title='bbox 1152 1507 1413 1564; x_wconf 85' lang='lat' dir='ltr'>sustineat.</span> <span class='ocrx_word' id='word_1_222' title='bbox 1488 1507 1639 1552; x_wconf 91' lang='lat' dir='ltr'>Ducta</span> 
     </span>
     <span class='ocr_line' id='line_1_24' title="bbox 156 1569 1639 1630; baseline 0.002 -16"><span class='ocrx_word' id='word_1_223' title='bbox 156 1569 281 1614; x_wconf 73' lang='lat' dir='ltr'>‚enim</span> <span class='ocrx_word' id='word_1_224' title='bbox 319 1584 404 1627; x_wconf 90' lang='lat' dir='ltr'>per</span> <span class='ocrx_word' id='word_1_225' title='bbox 434 1571 467 1616; x_wconf 88' lang='lat' dir='ltr'>G</span> <span class='ocrx_word' id='word_1_226' title='bbox 499 1573 757 1630; x_wconf 88' lang='lat' dir='ltr'>dimetiens,</span> <span class='ocrx_word' id='word_1_227' title='bbox 795 1572 886 1630; x_wconf 90' lang='lat' dir='ltr'>ipsi</span> <span class='ocrx_word' id='word_1_228' title='bbox 915 1572 988 1617; x_wconf 91' lang='lat' dir='ltr'><strong>IM</strong></span> <span class='ocrx_word' id='word_1_229' title='bbox 1017 1570 1255 1629; x_wconf 89' lang='lat' dir='ltr'>parallela,</span> <span class='ocrx_word' id='word_1_230' title='bbox 1300 1584 1415 1627; x_wconf 89' lang='lat' dir='ltr'>quae</span> <span class='ocrx_word' id='word_1_231' title='bbox 1459 1572 1518 1617; x_wconf 88' lang='lat' dir='ltr'>sit</span> <span class='ocrx_word' id='word_1_232' title='bbox 1546 1573 1639 1630; x_wconf 89' lang='lat' dir='ltr'>BF,</span> 
     </span>
     <span class='ocr_line' id='line_1_25' title="bbox 162 1636 1637 1697; baseline 0.003 -18"><span class='ocrx_word' id='word_1_233' title='bbox 162 1640 287 1680; x_wconf 88' lang='lat' dir='ltr'>secat</span> <span class='ocrx_word' id='word_1_234' title='bbox 319 1636 432 1682; x_wconf 90' lang='lat' dir='ltr'>STV</span> <span class='ocrx_word' id='word_1_235' title='bbox 462 1638 593 1697; x_wconf 82' lang='lat' dir='ltr'>inO,</span> <span class='ocrx_word' id='word_1_236' title='bbox 634 1639 754 1695; x_wconf 88' lang='lat' dir='ltr'>quod</span> <span class='ocrx_word' id='word_1_237' title='bbox 786 1644 857 1684; x_wconf 90' lang='lat' dir='ltr'>est</span> <span class='ocrx_word' id='word_1_238' title='bbox 885 1638 1024 1684; x_wconf 92' lang='lat' dir='ltr'>veluti</span> <span class='ocrx_word' id='word_1_239' title='bbox 1056 1651 1220 1683; x_wconf 90' lang='lat' dir='ltr'>novum</span> <span class='ocrx_word' id='word_1_240' title='bbox 1247 1643 1450 1683; x_wconf 90' lang='lat' dir='ltr'>centrum</span> <span class='ocrx_word' id='word_1_241' title='bbox 1482 1651 1637 1684; x_wconf 90' lang='lat' dir='ltr'>eccen-</span> 
     </span>
     <span class='ocr_line' id='line_1_26' title="bbox 159 1698 1642 1762; baseline 0.003 -18"><span class='ocrx_word' id='word_1_242' title='bbox 159 1699 287 1757; x_wconf 86' lang='lat' dir='ltr'>trici,</span> <span class='ocrx_word' id='word_1_243' title='bbox 330 1707 376 1753; x_wconf 86' lang='lat' dir='ltr'>et</span> <span class='ocrx_word' id='word_1_244' title='bbox 417 1703 496 1748; x_wconf 92' lang='lat' dir='ltr'>OT</span> <span class='ocrx_word' id='word_1_245' title='bbox 524 1698 657 1750; x_wconf 62' lang='lat' dir='ltr'>&#39;nova</span> <span class='ocrx_word' id='word_1_246' title='bbox 701 1704 1033 1762; x_wconf 86' lang='lat' dir='ltr'>eccentricitas‚</span> <span class='ocrx_word' id='word_1_247' title='bbox 1083 1702 1286 1749; x_wconf 90' lang='lat' dir='ltr'>efficiens</span> <span class='ocrx_word' id='word_1_248' title='bbox 1326 1717 1417 1748; x_wconf 93' lang='lat' dir='ltr'>non</span> <span class='ocrx_word' id='word_1_249' title='bbox 1461 1703 1642 1761; x_wconf 90' lang='lat' dir='ltr'>quidem</span> 
     </span>
     <span class='ocr_line' id='line_1_27' title="bbox 161 1770 1706 1828; baseline 0.003 -16"><span class='ocrx_word' id='word_1_250' title='bbox 161 1771 399 1825; x_wconf 83' lang='lat' dir='ltr'>utramque</span> <span class='ocrx_word' id='word_1_251' title='bbox 437 1770 660 1827; x_wconf 86' lang='lat' dir='ltr'>partium,</span> <span class='ocrx_word' id='word_1_252' title='bbox 709 1784 767 1816; x_wconf 82' lang='lat' dir='ltr'>ex</span> <span class='ocrx_word' id='word_1_253' title='bbox 807 1771 974 1828; x_wconf 91' lang='lat' dir='ltr'>quibus</span> <span class='ocrx_word' id='word_1_254' title='bbox 1013 1775 1191 1816; x_wconf 87' lang='lat' dir='ltr'>constat</span> <span class='ocrx_word' id='word_1_255' title='bbox 1230 1770 1438 1827; x_wconf 90' lang='lat' dir='ltr'>aequatio</span> <span class='ocrx_word' id='word_1_256' title='bbox 1483 1771 1641 1828; x_wconf 90' lang='lat' dir='ltr'>prima,</span> <span class='ocrx_word' id='word_1_257' title='bbox 1703 1822 1706 1825; x_wconf 66' lang='lat'><em>‚</em></span> 
     </span>
     <span class='ocr_line' id='line_1_28' title="bbox 159 1823 1706 1894; baseline 0.005 -18"><span class='ocrx_word' id='word_1_258' title='bbox 159 1832 242 1876; x_wconf 89' lang='lat' dir='ltr'>sed</span> <span class='ocrx_word' id='word_1_259' title='bbox 278 1838 428 1879; x_wconf 90' lang='lat' dir='ltr'>tamen</span> <span class='ocrx_word' id='word_1_260' title='bbox 466 1836 674 1894; x_wconf 88' lang='lat' dir='ltr'>alteram,</span> <span class='ocrx_word' id='word_1_261' title='bbox 721 1850 837 1894; x_wconf 88' lang='lat' dir='ltr'>quae</span> <span class='ocrx_word' id='word_1_262' title='bbox 868 1842 937 1881; x_wconf 89' lang='lat' dir='ltr'>est</span> <span class='ocrx_word' id='word_1_263' title='bbox 977 1849 1108 1881; x_wconf 87' lang='lat' dir='ltr'>arcus</span> <span class='ocrx_word' id='word_1_264' title='bbox 1140 1836 1225 1881; x_wconf 88' lang='lat' dir='ltr'>SA.</span> <span class='ocrx_word' id='word_1_265' title='bbox 1287 1837 1373 1882; x_wconf 88' lang='lat' dir='ltr'>Hic</span> <span class='ocrx_word' id='word_1_266' title='bbox 1406 1838 1541 1883; x_wconf 89' lang='lat' dir='ltr'>etiam</span> <span class='ocrx_word' id='word_1_267' title='bbox 1573 1845 1643 1884; x_wconf 88' lang='lat' dir='ltr'>est</span> <span class='ocrx_word' id='word_1_268' title='bbox 1690 1823 1706 1843; x_wconf 64' lang='lat'>⁵‘</span> 
     </span>
     <span class='ocr_line' id='line_1_29' title="bbox 161 1899 1641 1960; baseline 0.004 -17"><span class='ocrx_word' id='word_1_269' title='bbox 161 1902 333 1945; x_wconf 75' lang='lat' dir='ltr'>‘certum</span> <span class='ocrx_word' id='word_1_270' title='bbox 363 1899 503 1944; x_wconf 86' lang='lat' dir='ltr'>veluti</span> <span class='ocrx_word' id='word_1_271' title='bbox 535 1915 787 1959; x_wconf 87' lang='lat' dir='ltr'>apogaeum</span> <span class='ocrx_word' id='word_1_272' title='bbox 810 1907 855 1947; x_wconf 89' lang='lat' dir='ltr'>et</span> <span class='ocrx_word' id='word_1_273' title='bbox 887 1901 1146 1959; x_wconf 91' lang='lat' dir='ltr'>oppositum</span> <span class='ocrx_word' id='word_1_274' title='bbox 1165 1903 1440 1960; x_wconf 88' lang='lat' dir='ltr'>perigaeum.</span> <span class='ocrx_word' id='word_1_275' title='bbox 1486 1903 1641 1949; x_wconf 88' lang='lat' dir='ltr'>Diviso</span> 
     </span>
     <span class='ocr_line' id='line_1_30' title="bbox 159 1964 1637 2025; baseline 0.004 -17"><span class='ocrx_word' id='word_1_276' title='bbox 159 1964 276 2008; x_wconf 90' lang='lat' dir='ltr'>enim</span> <span class='ocrx_word' id='word_1_277' title='bbox 307 1966 560 2012; x_wconf 87' lang='lat' dir='ltr'>eccentrico</span> <span class='ocrx_word' id='word_1_278' title='bbox 592 1968 750 2012; x_wconf 89' lang='lat' dir='ltr'>Lunae</span> <span class='ocrx_word' id='word_1_279' title='bbox 787 1980 870 2025; x_wconf 90' lang='lat' dir='ltr'>per</span> <span class='ocrx_word' id='word_1_280' title='bbox 901 1966 1117 2012; x_wconf 90' lang='lat' dir='ltr'>circulum</span> <span class='ocrx_word' id='word_1_281' title='bbox 1157 1965 1496 2014; x_wconf 80' lang='lat' dir='ltr'>illuminationis</span> <span class='ocrx_word' id='word_1_282' title='bbox 1529 1969 1637 2014; x_wconf 85' lang='lat' dir='ltr'>Ter-</span> 
     </span>
     <span class='ocr_line' id='line_1_31' title="bbox 157 2031 1637 2093; baseline 0.005 -18"><span class='ocrx_word' id='word_1_283' title='bbox 157 2043 235 2075; x_wconf 86' lang='lat' dir='ltr'>rae</span> <span class='ocrx_word' id='word_1_284' title='bbox 265 2031 339 2080; x_wconf 82' lang='lat' dir='ltr'><strong>MI</strong></span> <span class='ocrx_word' id='word_1_285' title='bbox 374 2031 421 2076; x_wconf 87' lang='lat' dir='ltr'>in</span> <span class='ocrx_word' id='word_1_286' title='bbox 459 2039 614 2090; x_wconf 89' lang='lat' dir='ltr'>partes</span> <span class='ocrx_word' id='word_1_287' title='bbox 656 2034 768 2079; x_wconf 89' lang='lat' dir='ltr'>duas</span> <span class='ocrx_word' id='word_1_288' title='bbox 798 2034 906 2078; x_wconf 89' lang='lat' dir='ltr'>MSI</span> <span class='ocrx_word' id='word_1_289' title='bbox 945 2039 990 2078; x_wconf 89' lang='lat' dir='ltr'>et</span> <span class='ocrx_word' id='word_1_290' title='bbox 1021 2034 1155 2091; x_wconf 89' lang='lat' dir='ltr'><strong>MVI,</strong></span> <span class='ocrx_word' id='word_1_291' title='bbox 1201 2034 1247 2079; x_wconf 89' lang='lat' dir='ltr'>in</span> <span class='ocrx_word' id='word_1_292' title='bbox 1287 2049 1377 2092; x_wconf 90' lang='lat' dir='ltr'>qua</span> <span class='ocrx_word' id='word_1_293' title='bbox 1406 2043 1537 2093; x_wconf 89' lang='lat' dir='ltr'>parte</span> <span class='ocrx_word' id='word_1_294' title='bbox 1567 2051 1637 2083; x_wconf 92' lang='lat' dir='ltr'>re·</span> 
     </span>
     <span class='ocr_line' id='line_1_32' title="bbox 155 2096 1638 2158; baseline 0.006 -19"><span class='ocrx_word' id='word_1_295' title='bbox 155 2096 330 2151; x_wconf 89' lang='lat' dir='ltr'>peritur</span> <span class='ocrx_word' id='word_1_296' title='bbox 358 2109 608 2154; x_wconf 87' lang='lat' dir='ltr'>apogaeum</span> <span class='ocrx_word' id='word_1_297' title='bbox 624 2100 790 2144; x_wconf 73' lang='lat' dir='ltr'>vLunae</span> <span class='ocrx_word' id='word_1_298' title='bbox 805 2101 859 2158; x_wconf 93' lang='lat' dir='ltr'>A,</span> <span class='ocrx_word' id='word_1_299' title='bbox 892 2099 971 2144; x_wconf 88' lang='lat' dir='ltr'>illa</span> <span class='ocrx_word' id='word_1_300' title='bbox 1001 2111 1106 2155; x_wconf 88' lang='lat' dir='ltr'>pars</span> <span class='ocrx_word' id='word_1_301' title='bbox 1138 2100 1274 2145; x_wconf 89' lang='lat' dir='ltr'>etiam</span> <span class='ocrx_word' id='word_1_302' title='bbox 1303 2101 1468 2147; x_wconf 87' lang='lat' dir='ltr'>lineam</span> <span class='ocrx_word' id='word_1_303' title='bbox 1500 2103 1638 2148; x_wconf 91' lang='lat' dir='ltr'>habet</span> 
     </span>
     <span class='ocr_line' id='line_1_33' title="bbox 155 2163 1796 2228; baseline 0.009 -24"><span class='ocrx_word' id='word_1_304' title='bbox 155 2163 345 2220; x_wconf 85' lang='lat' dir='ltr'>apogaei</span> <span class='ocrx_word' id='word_1_305' title='bbox 385 2164 624 2220; x_wconf 86' lang='lat' dir='ltr'>menstrui,</span> <span class='ocrx_word' id='word_1_306' title='bbox 660 2170 707 2210; x_wconf 92' lang='lat' dir='ltr'>et</span> <span class='ocrx_word' id='word_1_307' title='bbox 745 2167 971 2212; x_wconf 87' lang='lat' dir='ltr'>contraria</span> <span class='ocrx_word' id='word_1_308' title='bbox 1010 2166 1281 2226; x_wconf 81' lang='lat' dir='ltr'>perigaeum.</span> <span class='ocrx_word' id='word_1_309' title='bbox 1340 2170 1464 2228; x_wconf 87' lang='lat' dir='ltr'>Ergo</span> <span class='ocrx_word' id='word_1_310' title='bbox 1497 2170 1527 2216; x_wconf 86' lang='lat' dir='ltr'>S</span> <span class='ocrx_word' id='word_1_311' title='bbox 1561 2172 1639 2217; x_wconf 85' lang='lat' dir='ltr'>Sol</span> <span class='ocrx_word' id='word_1_312' title='bbox 1791 2219 1796 2224; x_wconf 61' lang='grc'><strong><em>,</em></strong></span> 
     </span>
     <span class='ocr_line' id='line_1_34' title="bbox 154 2230 2232 2291; baseline 0.007 -19"><span class='ocrx_word' id='word_1_313' title='bbox 154 2230 344 2287; x_wconf 86' lang='lat' dir='ltr'>apogaei</span> <span class='ocrx_word' id='word_1_314' title='bbox 387 2231 530 2275; x_wconf 86' lang='lat' dir='ltr'>vicem</span> <span class='ocrx_word' id='word_1_315' title='bbox 567 2230 739 2276; x_wconf 89' lang='lat' dir='ltr'>obtinet</span> <span class='ocrx_word' id='word_1_316' title='bbox 779 2232 825 2276; x_wconf 93' lang='lat' dir='ltr'>in</span> <span class='ocrx_word' id='word_1_317' title='bbox 869 2232 988 2278; x_wconf 87' lang='lat' dir='ltr'>linea</span> <span class='ocrx_word' id='word_1_318' title='bbox 1026 2232 1119 2287; x_wconf 89' lang='lat' dir='ltr'>ST,</span> <span class='ocrx_word' id='word_1_319' title='bbox 1159 2233 1207 2278; x_wconf 91' lang='lat' dir='ltr'>in</span> <span class='ocrx_word' id='word_1_320' title='bbox 1241 2232 1400 2291; x_wconf 87' lang='lat' dir='ltr'>figuris</span> <span class='ocrx_word' id='word_1_321' title='bbox 1439 2237 1482 2282; x_wconf 84' lang='lat'>4.</span> <span class='ocrx_word' id='word_1_322' title='bbox 1515 2242 1562 2282; x_wconf 87' lang='lat' dir='ltr'>et</span> <span class='ocrx_word' id='word_1_323' title='bbox 1592 2239 1632 2285; x_wconf 90' lang='grc'>6.</span> <span class='ocrx_word' id='word_1_324' title='bbox 1814 2241 1998 2284; x_wconf 68' lang='lat' dir='ltr'>(Ducatur</span> <span class='ocrx_word' id='word_1_325' title='bbox 2019 2242 2122 2278; x_wconf 70' lang='lat' dir='ltr'>linea</span> <span class='ocrx_word' id='word_1_326' title='bbox 2143 2242 2232 2286; x_wconf 82' lang='lat' dir='ltr'>so.)</span> 
     </span>
     <span class='ocr_line' id='line_1_35' title="bbox 154 2299 1966 2356; baseline 0.005 -16"><span class='ocrx_word' id='word_1_327' title='bbox 154 2301 314 2342; x_wconf 86' lang='lat' dir='ltr'>contra</span> <span class='ocrx_word' id='word_1_328' title='bbox 344 2309 602 2356; x_wconf 83' lang='lat' dir='ltr'>apogaeum</span> <span class='ocrx_word' id='word_1_329' title='bbox 632 2304 949 2355; x_wconf 89' lang='lat' dir='ltr'>repraesentat</span> <span class='ocrx_word' id='word_1_330' title='bbox 968 2299 1026 2344; x_wconf 84' lang='lat' dir='ltr'>V.</span> <span class='ocrx_word' id='word_1_331' title='bbox 1963 2322 1966 2323; x_wconf 41' lang='lat'><em>⁷</em></span> 
     </span>
    </p>
   </div>
   <div class='ocr_carea' id='block_1_5' title="bbox 365 2387 2076 2783">
    <p class='ocr_par' dir='ltr' id='par_1_6' title="bbox 365 2387 2076 2783">
     <span class='ocr_line' id='line_1_36' title="bbox 505 2387 2076 2458; baseline 0.008 -21"><span class='ocrx_word' id='word_1_332' title='bbox 505 2387 744 2453; x_wconf 88' lang='lat' dir='ltr'>Synopsis</span> <span class='ocrx_word' id='word_1_333' title='bbox 782 2403 962 2451; x_wconf 88' lang='lat' dir='ltr'>eorum,</span> <span class='ocrx_word' id='word_1_334' title='bbox 1005 2404 1132 2452; x_wconf 88' lang='lat' dir='ltr'>quae</span> <span class='ocrx_word' id='word_1_335' title='bbox 1171 2391 1221 2438; x_wconf 89' lang='lat' dir='ltr'>in</span> <span class='ocrx_word' id='word_1_336' title='bbox 1259 2390 1353 2442; x_wconf 87' lang='lat' dir='ltr'>hac</span> <span class='ocrx_word' id='word_1_337' title='bbox 1390 2393 1712 2458; x_wconf 84' lang='lat' dir='ltr'>explicatione</span> <span class='ocrx_word' id='word_1_338' title='bbox 1752 2399 2076 2449; x_wconf 88' lang='lat' dir='ltr'>continentur.</span> 
     </span>
     <span class='ocr_line' id='line_1_37' title="bbox 365 2466 1224 2783; baseline 0.005 -210"><span class='ocrx_word' id='word_1_339' title='bbox 365 2466 586 2783; x_wconf 46' lang='lat' dir='ltr'>ssssgffilt?</span> <span class='ocrx_word' id='word_1_340' title='bbox 607 2473 955 2648; x_wconf 44' lang='lat'>{3:3313332</span> <span class='ocrx_word' id='word_1_341' title='bbox 961 2533 1008 2645; x_wconf 60' lang='lat' dir='ltr'>{L</span> <span class='ocrx_word' id='word_1_342' title='bbox 1040 2532 1122 2576; x_wconf 74' lang='lat' dir='ltr'>Area</span> <span class='ocrx_word' id='word_1_343' title='bbox 1142 2531 1224 2578; x_wconf 73' lang='lat' dir='ltr'>Ber.</span> 
     </span>
    </p>
   </div>
   <div class='ocr_carea' id='block_1_6' title="bbox 1681 1465 2404 2216">
    <p class='ocr_par' dir='ltr' id='par_1_7' title="bbox 1681 1465 2404 2216">
     <span class='ocr_line' id='line_1_38' title="bbox 1681 1465 2404 2216; baseline 0 -698"><span class='ocrx_word' id='word_1_344' title='bbox 1681 1465 2404 2216; x_wconf 95' lang='lat' dir='ltr'>  </span> <span class='ocrx_word' id='word_1_345' title='bbox 2112 1465 2404 1518; x_wconf 95' lang='lat' dir='ltr'> </span> 
     </span>
    </p>
   </div>
   <div class='ocr_carea' id='block_1_7' title="bbox 588 2469 606 2700">
    <p class='ocr_par' dir='ltr' id='par_1_8' title="bbox 588 2469 606 2700">
     <span class='ocr_line' id='line_1_39' title="bbox 588 2469 606 2700; baseline 0 1440"><span class='ocrx_word' id='word_1_346' title='bbox 588 2469 606 2700; x_wconf 95' lang='lat' dir='ltr'> </span> 
     </span>
    </p>
   </div>
   <div class='ocr_carea' id='block_1_8' title="bbox 452 2591 1294 2663">
    <p class='ocr_par' dir='ltr' id='par_1_9' title="bbox 452 2591 1294 2663">
     <span class='ocr_line' id='line_1_40' title="bbox 452 2591 1294 2663; baseline 0.006 -29"><span class='ocrx_word' id='word_1_347' title='bbox 452 2619 524 2663; x_wconf 61' lang='lat' dir='ltr'>MR</span> <span class='ocrx_word' id='word_1_348' title='bbox 981 2592 1013 2637; x_wconf 85' lang='lat'>2.</span> <span class='ocrx_word' id='word_1_349' title='bbox 1044 2591 1187 2647; x_wconf 73' lang='lat' dir='ltr'>Angulus</span> <span class='ocrx_word' id='word_1_350' title='bbox 1209 2591 1294 2639; x_wconf 72' lang='lat' dir='ltr'>wc.</span> 
     </span>
    </p>
   </div>
   <div class='ocr_carea' id='block_1_9' title="bbox 154 2650 2185 2935">
    <p class='ocr_par' dir='ltr' id='par_1_10' title="bbox 154 2650 2185 2935">
     <span class='ocr_line' id='line_1_41' title="bbox 154 2650 2185 2935; baseline 0.001 -219"><span class='ocrx_word' id='word_1_351' title='bbox 154 2672 366 2728; x_wconf 65' lang='lat' dir='ltr'>loquatium</span> <span class='ocrx_word' id='word_1_352' title='bbox 594 2703 598 2709; x_wconf 83' lang='lat'>.</span> <span class='ocrx_word' id='word_1_353' title='bbox 684 2650 882 2694; x_wconf 43' lang='grc' dir='ltr'>’Μῶα</span> <span class='ocrx_word' id='word_1_354' title='bbox 1822 2694 1826 2700; x_wconf 88' lang='lat'><strong>·</strong></span> <span class='ocrx_word' id='word_1_355' title='bbox 1872 2678 1951 2935; x_wconf 56' lang='lat' dir='ltr'>3,ss</span> <span class='ocrx_word' id='word_1_356' title='bbox 1972 2672 2185 2725; x_wconf 71' lang='lat' dir='ltr'>additionem,</span> 
     </span>
    </p>
   </div>
   <div class='ocr_carea' id='block_1_10' title="bbox 154 2734 1870 2828">
    <p class='ocr_par' dir='ltr' id='par_1_11' title="bbox 154 2734 1870 2828">
     <span class='ocr_line' id='line_1_42' title="bbox 154 2734 1870 2828; baseline 0.022 -47"><span class='ocrx_word' id='word_1_357' title='bbox 154 2736 293 2775; x_wconf 64' lang='lat' dir='ltr'>flotu-</span> <span class='ocrx_word' id='word_1_358' title='bbox 320 2734 359 2786; x_wconf 65' lang='lat'>2)</span> <span class='ocrx_word' id='word_1_359' title='bbox 609 2742 813 2794; x_wconf 62' lang='lat'>²⁰¹290¹²¹¹⁶²</span> <span class='ocrx_word' id='word_1_360' title='bbox 844 2751 901 2781; x_wconf 78' lang='lat'>⁸⁶¹¹</span> <span class='ocrx_word' id='word_1_361' title='bbox 921 2750 970 2781; x_wconf 55' lang='grc' dir='ltr'>’θ’</span> <span class='ocrx_word' id='word_1_362' title='bbox 1265 2771 1293 2815; x_wconf 82' lang='grc'>1.</span> <span class='ocrx_word' id='word_1_363' title='bbox 1315 2769 1399 2813; x_wconf 73' lang='lat' dir='ltr'>Area</span> <span class='ocrx_word' id='word_1_364' title='bbox 1420 2771 1503 2816; x_wconf 81' lang='lat' dir='ltr'>AGB.</span> <span class='ocrx_word' id='word_1_365' title='bbox 1531 2773 1870 2828; x_wconf 81' lang='lat' dir='ltr'>aequatioluminis</span> 
     </span>
    </p>
   </div>
   <div class='ocr_carea' id='block_1_11' title="bbox 156 2713 1872 3098">
    <p class='ocr_par' dir='ltr' id='par_1_12' title="bbox 156 2713 1872 3098">
     <span class='ocr_line' id='line_1_43' title="bbox 976 2713 1872 2843; baseline -0.002 -81"><span class='ocrx_word' id='word_1_366' title='bbox 976 2724 989 2843; x_wconf 53' lang='grc' dir='ltr'><em>δ</em></span> <span class='ocrx_word' id='word_1_367' title='bbox 1529 2713 1573 2757; x_wconf 82' lang='lat' dir='ltr'>llx</span> <span class='ocrx_word' id='word_1_368' title='bbox 1597 2713 1647 2757; x_wconf 76' lang='lat' dir='ltr'>his</span> <span class='ocrx_word' id='word_1_369' title='bbox 1676 2715 1872 2773; x_wconf 74' lang='lat' dir='ltr'>componitur</span> 
     </span>
     <span class='ocr_line' id='line_1_44' title="bbox 156 2769 1262 2883; baseline 0.008 -50"><span class='ocrx_word' id='word_1_370' title='bbox 156 2795 230 2833; x_wconf 76' lang='lat' dir='ltr'>snt</span> <span class='ocrx_word' id='word_1_371' title='bbox 249 2790 294 2857; x_wconf 76' lang='lat'>3’.</span> <span class='ocrx_word' id='word_1_372' title='bbox 313 2789 364 2833; x_wconf 75' lang='lat' dir='ltr'>vel</span> <span class='ocrx_word' id='word_1_373' title='bbox 651 2796 762 2845; x_wconf 77' lang='lat' dir='ltr'>cunda,</span> <span class='ocrx_word' id='word_1_374' title='bbox 794 2810 837 2842; x_wconf 74' lang='lat' dir='ltr'>se.</span> <span class='ocrx_word' id='word_1_375' title='bbox 866 2810 942 2840; x_wconf 76' lang='lat' dir='ltr'>area</span> <span class='ocrx_word' id='word_1_376' title='bbox 996 2797 1152 2843; x_wconf 73' lang='lat' dir='ltr'>elementa</span> <span class='ocrx_word' id='word_1_377' title='bbox 1179 2769 1262 2883; x_wconf 72' lang='lat' dir='ltr'>duo}</span> 
     </span>
     <span class='ocr_line' id='line_1_45' title="bbox 156 2778 1844 3098; baseline -0.001 -207"><span class='ocrx_word' id='word_1_378' title='bbox 156 2848 335 2894; x_wconf 69' lang='lat' dir='ltr'>anomaliae</span> <span class='ocrx_word' id='word_1_379' title='bbox 346 2787 573 3098; x_wconf 45' lang='lat' dir='ltr'>lpmmu</span> <span class='ocrx_word' id='word_1_380' title='bbox 586 2778 694 2946; x_wconf 64' lang='lat' dir='ltr'>§wa</span> <span class='ocrx_word' id='word_1_381' title='bbox 711 2854 803 2910; x_wconf 74' lang='lat' dir='ltr'>eujus</span> <span class='ocrx_word' id='word_1_382' title='bbox 831 2855 971 2899; x_wconf 75' lang='lat' dir='ltr'>conside·</span> <span class='ocrx_word' id='word_1_383' title='bbox 1266 2830 1296 2874; x_wconf 72' lang='lat'>2·</span> <span class='ocrx_word' id='word_1_384' title='bbox 1319 2827 1401 2892; x_wconf 62' lang='lat' dir='ltr'>Am</span> <span class='ocrx_word' id='word_1_385' title='bbox 1423 2830 1526 2944; x_wconf 46' lang='lat' dir='ltr'>ow)</span> <span class='ocrx_word' id='word_1_386' title='bbox 1550 2837 1723 2883; x_wconf 59' lang='lat' dir='ltr'><strong>¹¹¹⁰¹¹⁸t¹¹¹¹²³</strong></span> <span class='ocrx_word' id='word_1_387' title='bbox 1745 2847 1844 2890; x_wconf 70' lang='lat' dir='ltr'><strong>⁶³‘Iu0</strong></span> 
     </span>
    </p>
   </div>
   <div class='ocr_carea' id='block_1_12' title="bbox 2204 2747 2379 2894">
    <p class='ocr_par' dir='ltr' id='par_1_13' title="bbox 2204 2747 2379 2894">
     <span class='ocr_line' id='line_1_46' title="bbox 2204 2747 2379 2894; baseline 0 -103"><span class='ocrx_word' id='word_1_388' title='bbox 2204 2747 2379 2894; x_wconf 55' lang='lat' dir='ltr'>‘directam</span> 
     </span>
    </p>
   </div>
   <div class='ocr_carea' id='block_1_13' title="bbox 2213 2865 2415 2909">
    <p class='ocr_par' dir='ltr' id='par_1_14' title="bbox 2213 2865 2415 2909">
     <span class='ocr_line' id='line_1_47' title="bbox 2213 2865 2415 2909; baseline -0.005 0"><span class='ocrx_word' id='word_1_389' title='bbox 2213 2899 2215 2902; x_wconf 17' lang='grc' dir='ltr'><em>Α</em></span> <span class='ocrx_word' id='word_1_390' title='bbox 2223 2865 2415 2909; x_wconf 73' lang='lat' dir='ltr'>contrariam</span> 
     </span>
    </p>
   </div>
   <div class='ocr_carea' id='block_1_14' title="bbox 410 2859 2429 3144">
    <p class='ocr_par' dir='ltr' id='par_1_15' title="bbox 410 2859 2429 3144">
     <span class='ocr_line' id='line_1_48' title="bbox 454 2859 2429 2982; baseline 0.006 -27"><span class='ocrx_word' id='word_1_391' title='bbox 454 2913 538 2981; x_wconf 24' lang='lat'>81⁸1}-</span> <span class='ocrx_word' id='word_1_392' title='bbox 589 2947 594 2956; x_wconf 20' lang='grc' dir='ltr'>Χ</span> <span class='ocrx_word' id='word_1_393' title='bbox 743 2914 844 2957; x_wconf 76' lang='lat' dir='ltr'>tanda</span> <span class='ocrx_word' id='word_1_394' title='bbox 930 2974 936 2982; x_wconf 38' lang='lat'><strong>.</strong></span> <span class='ocrx_word' id='word_1_395' title='bbox 978 2859 1150 2972; x_wconf 70' lang='lat' dir='ltr'>lReduttio</span> <span class='ocrx_word' id='word_1_396' title='bbox 1176 2915 1216 2959; x_wconf 78' lang='lat' dir='ltr'>ad</span> <span class='ocrx_word' id='word_1_397' title='bbox 1238 2918 1400 2973; x_wconf 80' lang='lat' dir='ltr'>angulum.</span> <span class='ocrx_word' id='word_1_398' title='bbox 1673 2890 1725 2935; x_wconf 73' lang='lat'>&#39;⁰¹</span> <span class='ocrx_word' id='word_1_399' title='bbox 1890 2919 1945 2964; x_wconf 71' lang='lat'>1³01</span> <span class='ocrx_word' id='word_1_400' title='bbox 1955 2908 2198 2952; x_wconf 61' lang='lat' dir='ltr'>⁸¹¹btf³⁰li⁰¹¹⁰m</span> <span class='ocrx_word' id='word_1_401' title='bbox 2220 2923 2429 2982; x_wconf 73' lang='lat' dir='ltr'>interpuncta</span> 
     </span>
     <span class='ocr_line' id='line_1_49' title="bbox 410 2906 2219 3144; baseline 0.007 -72"><span class='ocrx_word' id='word_1_402' title='bbox 410 2978 560 3029; x_wconf 56' lang='lat' dir='ltr'>”qum</span> <span class='ocrx_word' id='word_1_403' title='bbox 605 2977 1154 3144; x_wconf 35' lang='lat' dir='ltr'>Girggxdsigafffigqmmum,</span> <span class='ocrx_word' id='word_1_404' title='bbox 1195 3034 1279 3091; x_wconf 80' lang='grc' dir='ltr'>πρΤ</span> <span class='ocrx_word' id='word_1_405' title='bbox 1310 3049 1396 3080; x_wconf 78' lang='lat' dir='ltr'>area.</span> <span class='ocrx_word' id='word_1_406' title='bbox 1489 3032 1642 3094; x_wconf 71' lang='lat' dir='ltr'>(Schema</span> <span class='ocrx_word' id='word_1_407' title='bbox 1663 3035 1746 3081; x_wconf 85' lang='lat' dir='ltr'>v111.</span> <span class='ocrx_word' id='word_1_408' title='bbox 1767 3036 1908 3094; x_wconf 65' lang='lat' dir='ltr'>repleri,</span> <span class='ocrx_word' id='word_1_409' title='bbox 1931 3038 2004 3085; x_wconf 69' lang='lat' dir='ltr'>lab.</span> <span class='ocrx_word' id='word_1_410' title='bbox 2025 3039 2107 3086; x_wconf 67' lang='lat' dir='ltr'>Rau.</span> <span class='ocrx_word' id='word_1_411' title='bbox 2197 2906 2219 3092; x_wconf 52' lang='lat' dir='ltr'><strong>I</strong></span> 
     </span>
    </p>
   </div>
   <div class='ocr_carea' id='block_1_15' title="bbox 994 3091 1867 3154">
    <p class='ocr_par' dir='ltr' id='par_1_16' title="bbox 994 3091 1867 3154">
     <span class='ocr_line' id='line_1_50' title="bbox 994 3091 1867 3154; baseline 0.006 -19"><span class='ocrx_word' id='word_1_412' title='bbox 994 3091 1096 3143; x_wconf 79' lang='lat' dir='ltr'>valor,</span> <span class='ocrx_word' id='word_1_413' title='bbox 1120 3092 1195 3144; x_wconf 69' lang='grc' dir='ltr'>(ΠΧ</span> <span class='ocrx_word' id='word_1_414' title='bbox 1217 3094 1366 3150; x_wconf 78' lang='lat' dir='ltr'>angulus.</span> <span class='ocrx_word' id='word_1_415' title='bbox 1712 3094 1770 3141; x_wconf 68' lang='lat' dir='ltr'>sol.</span> <span class='ocrx_word' id='word_1_416' title='bbox 1793 3092 1867 3154; x_wconf 82' lang='lat'><strong>78.)</strong></span> 
     </span>
    </p>
   </div>
   <div class='ocr_carea' id='block_1_16' title="bbox 675 2981 2404 3134">
    <p class='ocr_par' dir='ltr' id='par_1_17' title="bbox 675 2981 2404 3134">
     <span class='ocr_line' id='line_1_51' title="bbox 2241 2981 2404 3033; baseline 0 -7"><span class='ocrx_word' id='word_1_417' title='bbox 2241 2983 2272 3033; x_wconf 73' lang='lat' dir='ltr'>S,</span> <span class='ocrx_word' id='word_1_418' title='bbox 2293 2981 2332 3032; x_wconf 86' lang='lat' dir='ltr'>R,</span> <span class='ocrx_word' id='word_1_419' title='bbox 2354 2982 2404 3026; x_wconf 81' lang='lat' dir='ltr'>vol</span> 
     </span>
     <span class='ocr_line' id='line_1_52' title="bbox 675 3040 2368 3134; baseline -0.028 -1"><span class='ocrx_word' id='word_1_420' title='bbox 675 3090 902 3134; x_wconf 78' lang='lat' dir='ltr'>consideranda</span> <span class='ocrx_word' id='word_1_421' title='bbox 2277 3040 2311 3092; x_wconf 76' lang='lat' dir='ltr'>V,</span> <span class='ocrx_word' id='word_1_422' title='bbox 2332 3040 2368 3086; x_wconf 80' lang='lat' dir='ltr'>ll.</span> 
     </span>
    </p>
   </div>
   <div class='ocr_carea' id='block_1_17' title="bbox 154 3171 2424 3885">
    <p class='ocr_par' dir='ltr' id='par_1_18' title="bbox 154 3171 2424 3587">
     <span class='ocr_line' id='line_1_53' title="bbox 302 3171 2424 3233; baseline 0.006 -21"><span class='ocrx_word' id='word_1_423' title='bbox 302 3171 446 3225; x_wconf 85' lang='lat' dir='ltr'>Capite</span> <span class='ocrx_word' id='word_1_424' title='bbox 477 3171 674 3211; x_wconf 85' lang='lat' dir='ltr'><strong>XXVIII.</strong></span> <span class='ocrx_word' id='word_1_425' title='bbox 706 3173 1054 3225; x_wconf 79' lang='lat' dir='ltr'>Praeceptum</span> <span class='ocrx_word' id='word_1_426' title='bbox 1089 3178 1184 3219; x_wconf 82' lang='lat'><strong>132.</strong></span> <span class='ocrx_word' id='word_1_427' title='bbox 1230 3177 1349 3217; x_wconf 87' lang='lat' dir='ltr'>docet</span> <span class='ocrx_word' id='word_1_428' title='bbox 1384 3178 1549 3216; x_wconf 78' lang='lat' dir='ltr'>»Lunae</span> <span class='ocrx_word' id='word_1_429' title='bbox 1592 3177 1829 3226; x_wconf 81' lang='lat' dir='ltr'>parallaxin</span> <span class='ocrx_word' id='word_1_430' title='bbox 1871 3178 2096 3229; x_wconf 79' lang='lat' dir='ltr'>indagaro«</span> <span class='ocrx_word' id='word_1_431' title='bbox 2147 3192 2222 3233; x_wconf 86' lang='lat' dir='ltr'>per</span> <span class='ocrx_word' id='word_1_432' title='bbox 2260 3181 2424 3224; x_wconf 78' lang='lat' dir='ltr'>tabulas</span> 
     </span>
     <span class='ocr_line' id='line_1_54' title="bbox 156 3232 2421 3307; baseline 0.007 -32"><span class='ocrx_word' id='word_1_433' title='bbox 156 3242 195 3275; x_wconf 78' lang='lat' dir='ltr'>et</span> <span class='ocrx_word' id='word_1_434' title='bbox 229 3238 335 3278; x_wconf 81' lang='lat' dir='ltr'>hane</span> <span class='ocrx_word' id='word_1_435' title='bbox 366 3238 493 3278; x_wconf 84' lang='lat' dir='ltr'>habet</span> <span class='ocrx_word' id='word_1_436' title='bbox 523 3237 810 3288; x_wconf 78' lang='lat' dir='ltr'>appendicem.</span> <span class='ocrx_word' id='word_1_437' title='bbox 889 3233 944 3280; x_wconf 92' lang='lat' dir='ltr'>In</span> <span class='ocrx_word' id='word_1_438' title='bbox 973 3235 1312 3285; x_wconf 87' lang='lat' dir='ltr'>Astronomiae</span> <span class='ocrx_word' id='word_1_439' title='bbox 1353 3242 1487 3300; x_wconf 89' lang='lat' dir='ltr'>parte</span> <span class='ocrx_word' id='word_1_440' title='bbox 1515 3232 1692 3298; x_wconf 87' lang='lat' dir='ltr'>Optica</span> <span class='ocrx_word' id='word_1_441' title='bbox 1723 3237 1939 3287; x_wconf 86' lang='lat' dir='ltr'>tabulam</span> <span class='ocrx_word' id='word_1_442' title='bbox 1981 3239 2179 3289; x_wconf 86' lang='lat' dir='ltr'>exhibui</span> <span class='ocrx_word' id='word_1_443' title='bbox 2205 3242 2421 3307; x_wconf 85' lang='lat' dir='ltr'>paralla-</span> 
     </span>
     <span class='ocr_line' id='line_1_55' title="bbox 158 3304 2422 3377; baseline 0.006 -25"><span class='ocrx_word' id='word_1_444' title='bbox 158 3305 291 3352; x_wconf 81' lang='lat' dir='ltr'>xium</span> <span class='ocrx_word' id='word_1_445' title='bbox 329 3304 631 3366; x_wconf 87' lang='lat' dir='ltr'>singulorum</span> <span class='ocrx_word' id='word_1_446' title='bbox 669 3304 1006 3368; x_wconf 83' lang='lat' dir='ltr'>scrupulorum</span> <span class='ocrx_word' id='word_1_447' title='bbox 1060 3323 1214 3372; x_wconf 87' lang='lat' dir='ltr'>usque</span> <span class='ocrx_word' id='word_1_448' title='bbox 1251 3308 1315 3357; x_wconf 90' lang='lat' dir='ltr'>ad</span> <span class='ocrx_word' id='word_1_449' title='bbox 1357 3310 1421 3358; x_wconf 89' lang='lat'>66</span> <span class='ocrx_word' id='word_1_450' title='bbox 1463 3310 1511 3356; x_wconf 91' lang='lat' dir='ltr'>in</span> <span class='ocrx_word' id='word_1_451' title='bbox 1552 3309 1706 3357; x_wconf 80' lang='lat' dir='ltr'>fronte</span> <span class='ocrx_word' id='word_1_452' title='bbox 1734 3316 1795 3377; x_wconf 31' lang='lat' dir='ltr'>‘et</span> <span class='ocrx_word' id='word_1_453' title='bbox 1842 3311 2005 3374; x_wconf 77' lang='lat' dir='ltr'>calce,</span> <span class='ocrx_word' id='word_1_454' title='bbox 2058 3304 2422 3364; x_wconf 79' lang='lat' dir='ltr'>distributarum</span> 
     </span>
     <span class='ocr_line' id='line_1_56' title="bbox 157 3375 2419 3448; baseline 0.005 -22"><span class='ocrx_word' id='word_1_455' title='bbox 157 3376 220 3426; x_wconf 86' lang='lat' dir='ltr'>ad</span> <span class='ocrx_word' id='word_1_456' title='bbox 255 3377 475 3440; x_wconf 89' lang='lat' dir='ltr'>singulos</span> <span class='ocrx_word' id='word_1_457' title='bbox 513 3375 692 3439; x_wconf 86' lang='lat' dir='ltr'>gradus</span> <span class='ocrx_word' id='word_1_458' title='bbox 742 3377 1079 3429; x_wconf 83' lang='lat' dir='ltr'>distantiarum</span> <span class='ocrx_word' id='word_1_459' title='bbox 1127 3397 1156 3430; x_wconf 88' lang='lat' dir='ltr'>a</span> <span class='ocrx_word' id='word_1_460' title='bbox 1195 3383 1374 3430; x_wconf 88' lang='lat' dir='ltr'>vertice</span> <span class='ocrx_word' id='word_1_461' title='bbox 1426 3383 1472 3430; x_wconf 91' lang='lat' dir='ltr'>in</span> <span class='ocrx_word' id='word_1_462' title='bbox 1519 3382 1750 3443; x_wconf 82' lang='lat' dir='ltr'>margine.</span> <span class='ocrx_word' id='word_1_463' title='bbox 1829 3383 1948 3447; x_wconf 86' lang='lat' dir='ltr'>Ejus</span> <span class='ocrx_word' id='word_1_464' title='bbox 1989 3392 2106 3435; x_wconf 87' lang='lat' dir='ltr'>usus</span> <span class='ocrx_word' id='word_1_465' title='bbox 2158 3389 2419 3448; x_wconf 81' lang='lat' dir='ltr'>succedere</span> 
     </span>
     <span class='ocr_line' id='line_1_57' title="bbox 154 3449 2418 3522; baseline 0.004 -24"><span class='ocrx_word' id='word_1_466' title='bbox 154 3455 317 3512; x_wconf 86' lang='lat' dir='ltr'>potest</span> <span class='ocrx_word' id='word_1_467' title='bbox 355 3449 657 3512; x_wconf 85' lang='lat' dir='ltr'>logarithmis</span> <span class='ocrx_word' id='word_1_468' title='bbox 694 3457 782 3499; x_wconf 88' lang='lat' dir='ltr'>aut</span> <span class='ocrx_word' id='word_1_469' title='bbox 821 3451 931 3501; x_wconf 88' lang='lat' dir='ltr'>aliis</span> <span class='ocrx_word' id='word_1_470' title='bbox 971 3455 1416 3517; x_wconf 88' lang='lat' dir='ltr'>computationibus</span> <span class='ocrx_word' id='word_1_471' title='bbox 1450 3468 1535 3517; x_wconf 89' lang='lat' dir='ltr'>per</span> <span class='ocrx_word' id='word_1_472' title='bbox 1561 3455 1818 3522; x_wconf 85' lang='lat' dir='ltr'>triangula,</span> <span class='ocrx_word' id='word_1_473' title='bbox 1861 3458 1906 3507; x_wconf 87' lang='lat' dir='ltr'>si</span> <span class='ocrx_word' id='word_1_474' title='bbox 1930 3460 2041 3521; x_wconf 84' lang='lat' dir='ltr'>quis</span> <span class='ocrx_word' id='word_1_475' title='bbox 2079 3460 2189 3510; x_wconf 84' lang='lat' dir='ltr'>illos</span> <span class='ocrx_word' id='word_1_476' title='bbox 2229 3468 2282 3510; x_wconf 87' lang='lat' dir='ltr'>ut</span> <span class='ocrx_word' id='word_1_477' title='bbox 2319 3477 2418 3510; x_wconf 84' lang='lat' dir='ltr'>rem</span> 
     </span>
     <span class='ocr_line' id='line_1_58' title="bbox 157 3524 2334 3587; baseline 0.003 -17"><span class='ocrx_word' id='word_1_478' title='bbox 157 3537 335 3572; x_wconf 88' lang='lat' dir='ltr'>novam</span> <span class='ocrx_word' id='word_1_479' title='bbox 377 3529 425 3571; x_wconf 89' lang='lat' dir='ltr'>et</span> <span class='ocrx_word' id='word_1_480' title='bbox 461 3524 698 3571; x_wconf 88' lang='lat' dir='ltr'>insuetam</span> <span class='ocrx_word' id='word_1_481' title='bbox 738 3531 1005 3574; x_wconf 82' lang='lat' dir='ltr'>aversatur.</span> <span class='ocrx_word' id='word_1_482' title='bbox 1048 3532 1144 3581; x_wconf 80' lang='lat' dir='ltr'>(cfr.</span> <span class='ocrx_word' id='word_1_483' title='bbox 1178 3534 1260 3575; x_wconf 85' lang='lat' dir='ltr'>vol.</span> <span class='ocrx_word' id='word_1_484' title='bbox 1292 3533 1348 3575; x_wconf 92' lang='lat'>11.</span> <span class='ocrx_word' id='word_1_485' title='bbox 1380 3532 1452 3575; x_wconf 82' lang='lat' dir='ltr'>fol,</span> <span class='ocrx_word' id='word_1_486' title='bbox 1488 3534 1588 3587; x_wconf 84' lang='lat'>330,</span> <span class='ocrx_word' id='word_1_487' title='bbox 1621 3535 1736 3587; x_wconf 84' lang='lat'><strong>434.)</strong></span> <span class='ocrx_word' id='word_1_488' title='bbox 2331 3545 2334 3550; x_wconf 70' lang='grc'>’</span> 
     </span>
    </p>

    <p class='ocr_par' dir='ltr' id='par_1_19' title="bbox 157 3593 2419 3885">
     <span class='ocr_line' id='line_1_59' title="bbox 301 3593 2418 3668; baseline 0.006 -26"><span class='ocrx_word' id='word_1_489' title='bbox 301 3593 510 3657; x_wconf 89' lang='lat' dir='ltr'>Quando</span> <span class='ocrx_word' id='word_1_490' title='bbox 550 3595 686 3644; x_wconf 89' lang='lat' dir='ltr'>coelo</span> <span class='ocrx_word' id='word_1_491' title='bbox 712 3596 906 3647; x_wconf 89' lang='lat' dir='ltr'>turbido</span> <span class='ocrx_word' id='word_1_492' title='bbox 945 3599 1055 3647; x_wconf 87' lang='lat' dir='ltr'>sola</span> <span class='ocrx_word' id='word_1_493' title='bbox 1082 3600 1221 3649; x_wconf 88' lang='lat' dir='ltr'>Luna</span> <span class='ocrx_word' id='word_1_494' title='bbox 1259 3600 1591 3650; x_wconf 83' lang='lat' dir='ltr'>instrumentis</span> <span class='ocrx_word' id='word_1_495' title='bbox 1631 3603 1880 3652; x_wconf 85' lang='lat' dir='ltr'>observari</span> <span class='ocrx_word' id='word_1_496' title='bbox 1916 3610 2090 3668; x_wconf 85' lang='lat' dir='ltr'>potest,</span> <span class='ocrx_word' id='word_1_497' title='bbox 2131 3612 2186 3653; x_wconf 89' lang='lat' dir='ltr'>ut</span> <span class='ocrx_word' id='word_1_498' title='bbox 2225 3619 2282 3653; x_wconf 89' lang='lat' dir='ltr'>ex</span> <span class='ocrx_word' id='word_1_499' title='bbox 2310 3605 2418 3667; x_wconf 84' lang='lat' dir='ltr'>ejus</span> 
     </span>
     <span class='ocr_line' id='line_1_60' title="bbox 157 3666 2419 3742; baseline 0.006 -27"><span class='ocrx_word' id='word_1_500' title='bbox 157 3666 412 3716; x_wconf 86' lang='lat' dir='ltr'>altitudine</span> <span class='ocrx_word' id='word_1_501' title='bbox 452 3675 641 3732; x_wconf 88' lang='lat' dir='ltr'>tempus</span> <span class='ocrx_word' id='word_1_502' title='bbox 681 3668 924 3729; x_wconf 87' lang='lat' dir='ltr'>eliciatur,</span> <span class='ocrx_word' id='word_1_503' title='bbox 980 3674 1260 3735; x_wconf 86' lang='lat' dir='ltr'>priusquam</span> <span class='ocrx_word' id='word_1_504' title='bbox 1301 3688 1359 3722; x_wconf 88' lang='lat' dir='ltr'>ea</span> <span class='ocrx_word' id='word_1_505' title='bbox 1395 3681 1684 3742; x_wconf 80' lang='lat' dir='ltr'>usurpetur,</span> <span class='ocrx_word' id='word_1_506' title='bbox 1736 3677 2019 3739; x_wconf 83' lang='lat' dir='ltr'>corrigenda</span> <span class='ocrx_word' id='word_1_507' title='bbox 2059 3684 2132 3726; x_wconf 87' lang='lat' dir='ltr'>est</span> <span class='ocrx_word' id='word_1_508' title='bbox 2171 3676 2419 3729; x_wconf 85' lang='lat' dir='ltr'>additione</span> 
     </span>
     <span class='ocr_line' id='line_1_61' title="bbox 157 3739 2418 3804; baseline 0.006 -16"><span class='ocrx_word' id='word_1_509' title='bbox 157 3739 465 3804; x_wconf 82' lang='lat' dir='ltr'>parallaxeos</span> <span class='ocrx_word' id='word_1_510' title='bbox 514 3740 812 3804; x_wconf 88' lang='lat' dir='ltr'>altitudinis,</span> <span class='ocrx_word' id='word_1_511' title='bbox 868 3749 920 3791; x_wconf 91' lang='lat' dir='ltr'>ut</span> <span class='ocrx_word' id='word_1_512' title='bbox 971 3758 1029 3792; x_wconf 86' lang='lat' dir='ltr'>ex</span> <span class='ocrx_word' id='word_1_513' title='bbox 1071 3747 1176 3794; x_wconf 89' lang='lat' dir='ltr'>visa</span> <span class='ocrx_word' id='word_1_514' title='bbox 1224 3745 1309 3794; x_wconf 86' lang='lat' dir='ltr'>fiat</span> <span class='ocrx_word' id='word_1_515' title='bbox 1349 3760 1480 3796; x_wconf 86' lang='lat' dir='ltr'>vera.</span> <span class='ocrx_word' id='word_1_516' title='bbox 1555 3746 1649 3796; x_wconf 90' lang='lat' dir='ltr'>Vel</span> <span class='ocrx_word' id='word_1_517' title='bbox 1703 3750 1744 3798; x_wconf 85' lang='lat' dir='ltr'>si</span> <span class='ocrx_word' id='word_1_518' title='bbox 1785 3749 2017 3799; x_wconf 85' lang='lat' dir='ltr'>distantia</span> <span class='ocrx_word' id='word_1_519' title='bbox 2067 3765 2098 3798; x_wconf 88' lang='lat' dir='ltr'>a</span> <span class='ocrx_word' id='word_1_520' title='bbox 2136 3751 2316 3799; x_wconf 86' lang='lat' dir='ltr'>vertice</span> <span class='ocrx_word' id='word_1_521' title='bbox 2353 3754 2418 3801; x_wconf 90' lang='lat' dir='ltr'>sit</span> 
     </span>
     <span class='ocr_line' id='line_1_62' title="bbox 162 3813 2414 3885; baseline 0.007 -24"><span class='ocrx_word' id='word_1_522' title='bbox 162 3813 437 3875; x_wconf 86' lang='lat' dir='ltr'>observata,</span> <span class='ocrx_word' id='word_1_523' title='bbox 477 3813 775 3863; x_wconf 87' lang='lat' dir='ltr'>subtrahitur</span> <span class='ocrx_word' id='word_1_524' title='bbox 812 3815 935 3866; x_wconf 85' lang='lat' dir='ltr'>haec</span> <span class='ocrx_word' id='word_1_525' title='bbox 972 3816 1243 3868; x_wconf 83' lang='lat' dir='ltr'>altitudinis</span> <span class='ocrx_word' id='word_1_526' title='bbox 1268 3818 1533 3883; x_wconf 82' lang='lat' dir='ltr'>parallaxis</span> <span class='ocrx_word' id='word_1_527' title='bbox 1571 3820 1633 3872; x_wconf 89' lang='lat' dir='ltr'>ab</span> <span class='ocrx_word' id='word_1_528' title='bbox 1662 3835 1735 3885; x_wconf 86' lang='lat' dir='ltr'>ea,</span> <span class='ocrx_word' id='word_1_529' title='bbox 1776 3828 1830 3874; x_wconf 90' lang='lat' dir='ltr'>ut</span> <span class='ocrx_word' id='word_1_530' title='bbox 1853 3829 2001 3873; x_wconf 89' lang='lat' dir='ltr'>restet</span> <span class='ocrx_word' id='word_1_531' title='bbox 2038 3830 2085 3874; x_wconf 90' lang='lat' dir='ltr'>et</span> <span class='ocrx_word' id='word_1_532' title='bbox 2123 3821 2245 3874; x_wconf 85' lang='lat' dir='ltr'>haec</span> <span class='ocrx_word' id='word_1_533' title='bbox 2283 3837 2414 3876; x_wconf 82' lang='lat' dir='ltr'>vera.</span> 
     </span>
    </p>
   </div>
  </div>
 </body>
</html>
