2554 4140
246 145 344 192 105
1173 139 1359 197 Kepleri
1389 140 1550 185 Studia

240 289 375 348 ttoni,
417 293 469 335 ut
507 286 651 336 hodie
689 287 824 336 festis
862 287 1192 337 immobilibus
1242 290 1432 351 antiqui
1472 287 1763 337 Calendarii.
1840 287 1930 335 His
1969 290 2039 338 sic
2075 290 2270 352 positis,
2325 292 2488 339 omnia

243 362 405 424 verba⁴
433 359 732 409 Columellae
772 366 820 409 et
855 361 1007 408 Plinii
1045 363 1367 410 consentiunt.
1647 424 1658 427 -

381 431 682 481 Reinholdus
720 435 1010 496 imaginatur
1048 435 1211 483 nescio
1253 433 1371 497 quid
1411 433 1468 482 de
1495 433 1602 481 fixis
1629 433 1798 494 stellis,
1839 432 1971 496 quod
2008 449 2104 482 non
2144 449 2300 498 aeque
2330 434 2487 484 Grae-

249 505 316 553 cis
356 507 584 554 convenit
622 520 680 554 ac
706 506 981 570 Aegyptiis,
1062 506 1237 555 Graeci
1274 521 1372 554 non
1413 522 1475 556 ex
1512 507 1851 569 antiquissima
1876 505 2136 556 traditione
2176 507 2305 556 docti
2338 508 2484 567 fuere,

246 582 298 625 ut
339 576 599 639 Chaldaei,
657 578 742 628 sed
796 581 977 642 ingenii
1028 580 1225 628 solertia
1280 585 1328 628 et
1381 581 1482 627 suis
1537 579 1979 629 observationibus,
2058 580 2122 627 At
2175 581 2386 630 solstitia
2439 581 2486 627 in

241 664 411 699 sensus
450 652 699 700 incurrunt
737 651 851 701 Sole
890 652 1194 712 ascendente,
1234 652 1432 701 minime
1470 666 1587 701 vero
1627 653 1696 700 sic
1734 657 1930 701 exortus
1968 652 2232 701 stellarum.

381 721 497 772 Jam
549 725 665 787 quia
709 727 890 788 primus
928 725 1159 773 Julianus
1207 725 1450 774 bissextus
1489 725 1605 784 suit,
1661 727 1724 772 sit
1774 726 2136 787 aequinoctium
2183 741 2212 774 a
2250 725 2484 787 Sosigene

240 800 474 844 statutum
512 797 561 844 in
601 799 686 844 24.
726 798 906 858 Martii,
947 797 1056 845 aliis
1095 798 1234 846 annis
1273 799 1321 844 in
1363 799 1446 846 25.
1486 796 1669 845 Martii.
1744 798 1862 845 Fuit
1897 812 1941 845 a.
1983 798 2066 846 45.
2107 814 2150 846 a.
2193 799 2314 862 Ch.,
2356 798 2484 861 Hip-

243 868 448 931 parchus
487 882 602 919 vero
641 885 684 918 a.
730 872 846 920 146.
887 885 931 918 a.
973 870 1063 919 Ch.
1117 870 1398 919 observavit
1445 869 1575 918 idem
1614 871 1698 920 24.
1738 870 1904 919 Martii
1952 873 2191 920 matutino
2241 876 2483 935 tempore,

241 942 332 989 suit
370 943 652 990 communiS.
730 942 772 990 A
814 944 897 991 24.
937 943 1079 991 Mart.
1134 945 1250 991 anni
1292 945 1410 991 146.
1461 943 1523 992 ad
1565 944 1646 990 24.
1687 942 1831 992 Mart.
1877 944 1992 991 145.
2043 951 2156 991 sunt
2207 943 2310 992 dies
2354 945 2482 1005 3663

239 1019 411 1077 postea
455 1017 556 1064 loo
595 1014 782 1064 Juliani
824 1017 955 1080 anni,
992 1010 1173 1078 itaque'
1204 1017 1319 1064 101.
1347 1015 1452 1064 Jul.
1493 1021 1541 1064 et
1579 1015 1697 1064 dieS.
1773 1016 2084 1080 Hipparchus
2123 1017 2171 1063 in
2209 1030 2351 1064 mane
2392 1017 2484 1065 ob-

239 1088 467 1148 servavit,
509 1087 794 1150 Sosigenes,
849 1103 957 1138 cum
996 1088 1252 1138 contulerit
1306 1090 1353 1136 in
1396 1090 1478 1139 24.
1518 1089 1604 1136 25.
1645 1088 1835 1149 Martii,
1894 1090 2034 1137 citius
2085 1089 2134 1136 id
2172 1103 2268 1138 non
2310 1090 2481 1152 potuit,

242 1175 386 1222 quam
438 1162 585 1209 etiam
634 1163 683 1208 in
720 1176 890 1222 mane,
943 1167 996 1210 ut
1033 1163 1189 1225 primo
1229 1167 1342 1226 post
1388 1162 1655 1210 bissextum
1706 1169 1834 1211 esset
1884 1163 1934 1208 in
1971 1161 2191 1222 meridie,
2242 1162 2395 1211 altero
2435 1163 2481 1208 in

241 1247 440 1294 occasu,
494 1236 635 1283 tertio
675 1236 724 1282 in
763 1234 926 1283 media
963 1241 1106 1284 nocte
1143 1240 1257 1298 post
1295 1236 1377 1285 24.
1439 1240 1487 1283 et
1526 1241 1698 1297 quarto
1745 1237 1918 1284 iterum
1971 1235 2020 1282 in
2072 1249 2213 1283 mane
2262 1235 2358 1283 diei
2398 1236 2480 1294 24,

241 1307 335 1355 imo
387 1306 479 1355 hoc
525 1312 670 1369 pacto
723 1314 1098 1371 consequeretur
1150 1307 1278 1356 diem
1327 1308 1421 1369 24;
1474 1310 1698 1356 statuerit
1744 1321 1857 1371 ergo
1906 1309 1955 1354 in
2002 1307 2217 1356 meridie.
2295 1308 2361 1355 At
2413 1309 2483 1355 sic

239 1378 441 1427 habebit
490 1380 552 1427 ab
602 1383 910 1443 aequinoctio
959 1381 1022 1429 ad
1072 1382 1433 1444 aequinoctium
1484 1381 1698 1442 integros
1735 1379 1964 1429 Julianos
2010 1383 2134 1441 101,
2193 1380 2319 1428 diem
2365 1382 2386 1427 1
2434 1385 2482 1427 et

241 1450 578 1514 quadrantem,
630 1446 933 1502 abundamus
985 1453 1063 1503 die
1116 1456 1320 1515 integro.
1396 1453 1771 1516 Aequinoctium
1818 1453 2087 1517 Hipparchi
2137 1453 2230 1502 suit
2280 1453 2356 1501 die
2396 1454 2480 1500 27.

238 1524 453 1586 Mechir3
493 1524 618 1574 adde
656 1541 810 1575 annos
857 1529 981 1589 101,
1031 1527 1078 1574 h.
1119 1542 1162 1576 e.
1212 1527 1314 1575 dies
1354 1525 1662 1575 intercalares
1703 1521 1861 1592 25110,
1927 1533 2066 1575 erunt
2106 1522 2246 1594 22114
2285 1524 2479 1585 residui,

241 1599 322 1659 qni
363 1604 703 1661 computantur
739 1614 826 1663 pro
866 1599 944 1649 die
985 1603 1069 1650 22.
1096 1599 1403 1648 Phamenoth
1426 1600 1474 1646 in
1504 1598 1723 1664 meridie,
1762 1602 1878 1662 quia
1903 1599 2172 1663 Hipparchi
2214 1599 2304 1646 suit
2330 1612 2484 1647 mane.

238 1670 288 1718 Is
326 1685 443 1719 sane
483 1672 639 1734 tangit
678 1674 761 1721 23.
791 1672 971 1722 Martii.
1011 1671 1308 1740 (Secundum
1334 1672 1568 1735 Buntingi
1607 1672 1666 1721 de
1692 1674 1847 1735 primo
1873 1672 2074 1734 Juliano
2113 1673 2304 1721 somnia
2341 1673 2486 1720 etiam

237 1745 287 1790 in
326 1739 431 1809 22.)

388 1823 466 1872 Ita
513 1824 554 1872 si
605 1824 846 1886 dicamuS,
899 1819 1078 1873 annum
1128 1826 1191 1874 ab
1229 1824 1513 1889 Hipparcho
1567 1823 1630 1872 ad
1670 1823 1956 1887 Sosigenem
2006 1825 2035 1872 6
2075 1823 2221 1873 horas
2269 1823 2486 1887 praecise

242 1898 385 1947 etiam
423 1896 672 1959 implesse,
724 1904 884 1946 tamen
924 1912 1020 1946 non
1062 1897 1187 1947 ultra
1225 1898 1472 1947 meridiem
1527 1899 1608 1945 23.
1649 1896 1813 1962 Martii
1850 1898 2182 1960 pertingimus.
2257 1895 2488 1958 Superest

241 1965 294 2018 ut
331 1969 595 2030 credamus,
636 1969 921 2033 Sosigenem
950 1972 1238 2020 observasse
1264 1971 1623 2034 aequinoctium
1650 1969 1736 2019 illo
1759 1970 1851 2030 die,
1892 1972 2110 2033 sequitur
2136 1983 2267 2033 ergo,
2308 1983 2486 2016 annum

242 2043 303 2091 ab
324 2042 606 2107 Hipparcho
639 2042 702 2091 ad
729 2043 1013 2105 Sosigenem
1045 2044 1192 2094 fuisse
1226 2040 1408 2112 365“14
1447 2050 1495 2092 et
1539 2040 1669 2110 7100,
1716 2057 1840 2106 quae
1875 2044 2122 2106 quantitas
2153 2045 2312 2106 ipsum
2340 2044 2487 2090 etiam

227 2114 479 2169 sidereum
519 2115 723 2164 excedit.
797 2114 966 2183 (Notat
1004 2123 1167 2166 tamen
1211 2117 1409 2179 quidam
1447 2114 1720 2178 Almagesti
1758 2116 2002 2165 Braheani
2033 2119 2137 2176 (stc)
2180 2115 2484 2177 scholiastes,

243 2188 561 2237 Censorinum
598 2189 773 2238 referre
810 2189 1115 2246 novilunium
1166 2190 1215 2237 in
1262 2193 1303 2238 1.
1346 2188 1459 2238 Jan.
1499 2188 1780 2250 Julianum,
1833 2188 1963 2252 quod
2006 2203 2090 2251 per
2130 2188 2369 2237 calculum
2408 2202 2487 2237 re-

240 2263 454 2324 periatur
491 2262 540 2308 in
584 2264 632 2310 2.
663 2261 804 2322 dan„
846 2263 888 2311 si
927 2268 1052 2311 retro
1092 2265 1360 2325 cogitemus
1394 2260 1622 2311 Julianos
1661 2277 1691 2311 a
1728 2262 1884 2311 nobis.
1962 2262 2158 2310 Fuisset
2194 2275 2308 2323 ergo
2348 2262 2388 2309 is
2427 2275 2485 2308 ex

241 2339 400 2383 mente
440 2333 565 2382 Julii
620 2335 824 2398 simplex
876 2350 1056 2396 annus,
1122 2337 1204 2397 qui
1256 2336 1397 2384 nobis
1451 2337 1638 2385 ratione
1693 2335 1872 2384 ordinis
1931 2340 2235 2399 computatur
2290 2332 2484 2396 duplex,

242 2406 413 2469 Itaque
444 2406 708 2470 ,Sosigenes
747 2407 938 2457 videtur
976 2423 1229 2470 peccasse,
1278 2413 1363 2456 aut
1403 2423 1558 2456 annus
1598 2408 1825 2457 confusus
1865 2413 2032 2457 contra
2069 2409 2222 2471 ipsius
2259 2413 2484 2457 mentem.

247 2479 368 2528 Nam
411 2481 468 2540 si,
510 2494 654 2542 quem
692 2486 917 2543 putamus
960 2483 1006 2529 2.
1046 2480 1187 2546 Jan„
1227 2483 1269 2528 is
1307 2481 1477 2530 fuisset
1513 2480 1635 2530 Julii
1673 2483 1877 2545 primuS,
1918 2486 2043 2530 certe
2081 2495 2222 2543 quem
2259 2486 2487 2544 putamus

247 2554 329 2600 24.
370 2552 557 2614 Martii,
612 2555 653 2601 is
691 2553 863 2603 fuisset
900 2553 948 2602 J.
992 2553 1187 2603 Caesari
1228 2556 1311 2603 23.
1363 2560 1411 2603 et
1462 2555 1545 2615 qui
1587 2553 1782 2603 Caesari
1825 2555 1918 2614 24,
1976 2552 2149 2603 calculi
2199 2554 2353 2602 nostri
2402 2567 2484 2601 ra-

244 2627 376 2675 tione
416 2632 545 2674 esset
584 2627 667 2681 25.
743 2626 810 2675 At
850 2641 956 2676 cum
995 2628 1357 2689 aequinoctium
1397 2629 1443 2674 in
1483 2630 1568 2674 24.
1606 2626 1811 2676 tolerare
1849 2641 1945 2675 non
1997 2628 2263 2689 possimus,
2315 2626 2398 2688 qui
2437 2627 2484 2673 in

243 2699 325 2746 25.
365 2699 585 2759 feremus,
624 2700 680 2755 si,
720 2714 863 2761 quem
891 2699 1183 2748 Censorinus
1211 2702 1294 2748 24.
1321 2699 1517 2760 diceret,
1557 2700 1598 2747 is
1636 2699 1729 2750 hac
1761 2701 1946 2749 ratione
1976 2700 2059 2748 25.
2101 2699 2298 2763 esset‘?).
2359 2699 2482 2747 Nam

241 2771 282 2819 is
326 2767 439 2840 11100
478 2771 629 2820 addit.
706 2771 782 2820 An
838 2787 952 2835 ergo
991 2771 1253 2835 Sosigenes
1306 2778 1404 2821 tam
1445 2774 1693 2835 imperitus
1731 2773 1858 2821 fuit?
1909 2787 1968 2821 an
2008 2774 2170 2837 potius
2220 2777 2356 2820 tanta
2394 2772 2485 2820 suit

241 2843 564 2906 inaequalitas
603 2844 750 2893 anni?
825 2845 1134 2894 Ptolemaeus
1186 2846 1466 2894 observavit
1503 2845 1699 2894 vernale
1749 2860 1794 2893 a.
1841 2847 1954 2894 140.
1995 2861 2041 2908 p.
2084 2845 2171 2894 Ch.
2211 2843 2481 2912 (Nabonas-

246 2918 341 2964 sari
381 2916 505 2980 887)
547 2919 628 2964 22.
658 2917 803 2968 Mart.
843 2918 1109 2968 bissextilis
1148 2920 1194 2966 in
1234 2918 1449 2967 meridie.
1523 2918 1690 2967 Fuerit
1721 2917 1825 2979 jam
1851 2919 2210 2980 aequinoctium
2234 2917 2482 2980 Sosigenis

248 2990 396 3037 etiam
450 2989 711 3038 bissextilis
750 2990 913 3039 Martii
953 2991 999 3043 d.
1040 2993 1124 3040 24.
1178 2993 1227 3038 in
1280 2992 1479 3040 meridie
1517 3007 1561 3039 a.
1611 2992 1678 3039 45
1726 3005 1770 3038 a.
1813 2990 1900 3039 Ch.
1975 2991 2175 3040 Summa
2227 2992 2326 3039 184
2373 2991 2484 3038 anni

257 3061 358 3110 dies
397 3064 444 3109 2.
518 3061 614 3111 Hic
652 3077 765 3126 ergo
806 3064 1074 3113 demeretur
1112 3064 1171 3114 de
1210 3064 1478 3127 quadrante
1522 3060 1609 3133 's⁰2
1650 3063 1745 3112 diei
1783 3063 1863 3112 vel
1901 3059 2021 3131 ²792
2061 3063 2223 3124 horae,
2265 3063 2343 3112 vel
2376 3059 2485 3129 ¹²l40

244 3134 323 3183 vel
340 3131 428 3201 ⁵l20
449 3134 561 3195 fere,
587 3138 700 3183 anni
726 3151 838 3199 ergo
867 3138 1114 3200 quantitas
1141 3138 1188 3187 h.
1222 3139 1268 3186 5.
1297 3139 1397 3186 45⁴.
1464 3137 1589 3186 Vide
1608 3151 1670 3186 an
1696 3137 1857 3184 omnia
1875 3138 1969 3185 ista
1994 3136 2237 3186 conciliari
2258 3134 2484 3202 possint?

359 3234 473 3274 Anni
504 3237 716 3288 quantitas
748 3249 797 3276 ex
828 3238 1132 3290 antiquissimis
1155 3239 1282 3279 obss.:
1322 3239 1387 3278 Ab
1418 3237 1595 3279 Hercule
1640 3237 1692 3277 ad
1719 3238 2004 3289 Hipparchum
2057 3240 2144 3280 dies
2215 3243 2253 3282 7.

1325 3298 1390 3336 Ab
1412 3297 1655 3348 Hipparcho
1677 3296 1730 3335 ad
1751 3295 2030 3338 Ptolomaeum
2087 3329 2106 3349 ,‚
2215 3303 2253 3341 1.

1331 3360 1369 3397 A
1398 3358 1630 3400 Ptolemaeo
1663 3355 1715 3395 ad
1744 3366 1819 3394 nos
2086 3387 2106 3407 „
2187 3361 2254 3400 12,

244 3425 354 3464 Anni
383 3437 425 3475 p.
459 3423 533 3464 ch.
569 3426 684 3466 1600
2184 3419 2257 3475 2501

245 3487 339 3522 ante
368 3481 440 3524 oh.
570 3486 682 3525 1260

512 3542 570 3547 ’‘-
581 3543 715 3547 —·‘-
2260 3538 2386 3578 2860.
2418 3540 2444 3578 3
2534 3535 2540 3539 ”

571 3558 685 3598 2860
708 3571 716 3594 :
738 3559 794 3599 20
824 3572 882 3593 =
916 3561 1019 3608 1433
1053 3563 1117 3598 tot
1137 3562 1255 3600 annis
1287 3562 1374 3602 dies
1395 3574 1515 3602 unus.
1544 3563 1591 3600 In
1621 3562 1870 3611 Gregoriano
1895 3559 2034 3616 133¹s3
2065 3566 2186 3604 annis

246 3613 333 3653 dies
365 3625 483 3654 unus.
542 3615 688 3655 Annus
720 3628 814 3664 ergo
847 3615 1123 3667 Gregorianus
1156 3622 1217 3658 est
1247 3616 1457 3675 365⁹⁷s400
1488 3623 1542 3671 (5.
1574 3623 1641 3662 49.
1675 3623 1762 3670 12).
2301 3612 2387 3651 4⁰0

245 3670 440 3712 Chaldaei
530 3674 639 3714 1261
672 3686 711 3714 a.
745 3673 817 3713 Ch.

244 3731 507 3783 Hipparchus
560 3734 642 3774 146

387 3804 501 3844 Anni
533 3807 643 3846 1115
676 3806 778 3845 dant
807 3806 950 3847 86400
981 3806 1161 3846 secunda
1191 3807 1327 3857 horae,
1358 3809 1459 3861 quid
1492 3810 1547 3849 7?
1579 3810 1626 3851 R.
1661 3812 1700 3851 9.
1734 3812 1784 3864 33
1817 3823 1949 3852 annus
1980 3824 2007 3852 a
2036 3810 2258 3853 Chaldaeis
2289 3813 2340 3853 ad
2370 3812 2482 3867 Hip-

245 3863 441 3916 parchum
473 3865 512 3906 5.
544 3866 612 3907 50.
646 3865 714 3915 57,
746 3876 769 3903 a
798 3865 906 3905 Ptol.
940 3865 992 3905 ad
1023 3863 1320 3915 Albategnium
1351 3869 1450 3912 365.
1485 3869 1525 3911 5.
1557 3865 1687 3923 46113.
