2554 4140
850 89 991 136 Liber
1021 90 1216 165 Tertius.
1278 89 1390 138 Pars
1422 90 1596 154 Tertia,
1722 69 1725 72 ‚
2234 95 2341 143 259

88 240 373 302 principium
425 243 746 287 revertuntur.
838 237 1010 302 Itaque
1056 244 1275 289 nostrum
1328 240 1473 287 etiam
1524 237 1702 301 vulgus
1747 239 1862 288 huic
1917 239 2095 288 rationi
2146 240 2342 301 penitus

89 315 306 360 assuevit
344 311 553 372 indeque
592 310 660 370 fit,
700 317 754 357 ut
793 311 1116 373 bipartiantur
1159 311 1285 360 diem
1325 313 1371 358 in
1413 311 1557 358 horas
1596 319 1709 360 ante
1750 319 1797 360 et
1834 318 1946 374 post
1984 311 2248 360 meridiem.
2343 309 2347 314 ’

232 384 421 432 Dixisti
458 383 516 430 de
554 383 904 432 distributione
941 384 1140 432 dierum.
1167 387 1481 446 septimanae
1517 386 1649 430 inter
1684 386 1945 447 planetas,
1986 386 2135 433 velim
2162 384 2343 433 audire

85 461 335 504 rationem
372 457 492 516 eJ'us,
534 470 690 518 quam
730 456 1063 515 observarunt
1107 457 1362 505 Chaldaei.
1441 456 1563 504 Cum
1615 456 1764 504 horae
1804 457 1898 517 diei
1951 459 2046 504 sin‘t
2085 457 2341 516 duodecim

87 531 339 590 noctisque
377 527 594 587 totidem,
636 527 863 590 planctae
907 545 1020 578 vcro
1059 536 1246 592 septem
1285 529 1378 577 hoc
1417 528 1607 576 ordine:
1648 529 1902 590 Saturnus,
1943 529 2152 593 Jupiter,
2192 529 2340 595 Mars,
2376 570 2379 573 ,

86 601 195 660 Sol,
238 601 432 661 VenuS‚
472 600 771 661 MercuriuS,
828 601 970 649 Luna
1008 599 1096 668 (sic
1137 604 1262 650 enim
1303 603 1365 650 ab
1405 603 1522 664 ipsis
1569 598 2007 668 numerabantur),
2061 605 2344 665 inceperunt

85 675 229 736 igitur
266 688 298 721 a
334 674 491 736 prima
527 675 829 736 septimanae
867 673 1108 723 ,Iudaicae
1150 675 1248 731 die,
1293 676 1556 723 tribuentes
1596 672 1716 734 Soli,
1757 676 1944 741 auctori
1982 674 2094 734 diei,
2135 678 2337 737 primam
2373 735 2378 739 ι

85 746 214 794 illius
252 746 436 806 horam,
477 745 659 795 Veneri
699 746 981 809 secundam,
1022 746 1263 796 Mercurio
1289 750 1495 808 tertiam,
1537 747 1706 795 Lunae
1733 753 1980 808 quartam3
2022 753 2136 794 tunc
2160 750 2341 796 reversi

83 817 147 868 ad
184 818 461 879 Saturnum,
503 821 723 882 quintam
764 819 919 868 eidem
959 816 1243 869 tribuebant
1282 820 1448 868 horam
1488 828 1537 868 et
1574 821 1643 867 sic
1684 818 1937 881 deinceps3
1975 820 2207 871 veniebat
2245 822 2341 882 igi-

78 899 159 939 tur
207 893 250 939 ei
309 893 455 939 etiam
497 891 787 941 duodecima
825 900 873 941 et
910 894 1082 941 ultima
1121 893 1240 941 hora
1279 893 1400 951 diei,
1457 907 1607 955 quare
1644 891 1764 941 ,lovi
1795 894 1938 959 venit
1977 893 2132 953 prima
2170 895 2340 954 noctiS‚

83 971 130 1012 et
166 965 237 1012 sic
274 963 437 1026 fiebat,
481 971 533 1012 ut
571 965 743 1013 ultima
781 967 948 1014 noctis.
976 966 1167 1014 cederet
1206 965 1475 1026 Mercurio;
1515 971 1619 1013 tota
1650 979 1772 1013 -vero
1814 964 1919 1012 dies
1958 964 2213 1027 hueusque
2253 964 2375 1011 de-'
2427 967 2430 970 ’

80 1037 421 1085 nominabatur
458 1053 487 1085 a
513 1037 643 1099 Sole,
684 1043 737 1086 ut
774 1041 851 1085 cui
889 1040 1045 1100 prima
1083 1038 1178 1086 diei
1217 1038 1350 1085 illius
1388 1039 1508 1086 hora
1540 1034 1644 1086 erat
1683 1037 1812 1086 data.
1889 1037 2008 1085 Post
2048 1037 2339 1091 Mercurium

54 1125 187 1159 ‚cum
217 1110 354 1157 Luna
384 1117 630 1174 sequatur,
671 1110 840 1159 Lunae
867 1113 1013 1172 igitur
1039 1110 1154 1159 data
1178 1113 1334 1173 prima
1360 1112 1478 1159 liora
1505 1111 1601 1159 diei
1628 1112 1892 1173 sequentiS,
1934 1109 2060 1157 unde
2090 1116 2139 1158 et
2165 1125 2344 1174 nomen·

78 1185 165 1230 toti
204 1182 274 1230 illi
313 1183 424 1231 diei.
500 1183 608 1232 Hac
646 1185 834 1232 ratione
873 1185 1068 1245 sactum,
1111 1191 1163 1231 ut
1206 1199 1398 1246 semper
1437 1190 1639 1245 quartus
1680 1199 1709 1232 a
1747 1185 1896 1246 priori
1923 1182 2136 1245 ¹planeta
2166 1197 2340 1230 nomen

81 1255 215 1304 daret
266 1256 361 1305 diei
410 1257 633 1319 sequenti
669 1258 921 1319 primaque
961 1257 1063 1304 dies
1103 1263 1231 1305 esset
1268 1255 1423 1316 Solis,
1464 1255 1680 1306 secunda
1717 1256 1915 1317 Lunae,
1966 1258 2112 1304 tertia
2149 1255 2338 1315 MartiS,

40 1362 44 1365 «
81 1335 252 1390 quarta
277 1328 519 1390 Mercurii,
560 1332 732 1392 quinta
756 1329 918 1391 Jovis,
956 1336 1096 1390 sexta
1124 1329 1342 1389 VeneriS,
1376 1331 1590 1392 septima
1617 1335 1665 1378 et
1704 1329 1889 1394 ultima,
1932 1343 2056 1390 quae
2086 1334 2256 1376 sancta
2295 1336 2342 1377 et

80 1400 294 1450 solennis
319 1409 422 1450 erat
448 1401 669 1471 JudaeiS‚
709 1401 906 1452 Saturni
931 1404 1073 1465 primi
1114 1410 1161 1451 et
1185 1402 1412 1451 altissimi
1452 1418 1512 1451 ex
1549 1402 1950 1466 planctiS,ta11to
1990 1402 2190 1464 maj0ri
2204 1403 2340 1449 lusus

79 1474 223 1536 hujus
247 1474 602 1536 gratulatione,
630 1475 762 1538 quod
802 1490 909 1524 eam
947 1475 1072 1524 diem
1100 1474 1281 1527 Judaei
1322 1490 1380 1531 ex
1418 1482 1679 1538 praecepto
1707 1474 1885 1522 divino
1924 1489 2009 1538 per
2042 1477 2254 1538 quietem
2295 1469 2343 1522 et

0 1560 1 1614 j
81 1549 401 1597 cessationem
427 1549 491 1596 ab
530 1563 675 1625 opere
703 1555 1037 1611 transigerent,
1079 1563 1188 1596 cum
1216 1550 1361 1611 etiam
1387 1548 1625 1597 Saturnus
1666 1549 1880 1596 omnium
1908 1548 2219 1610 planetarum
2239 1554 2341 1596 tar-

89 1619 316 1669 dissimus
355 1628 498 1679 esset,
539 1629 593 1669 ut
629 1623 715 1684 qui
757 1617 824 1670 30
864 1622 1058 1670 demum
1095 1623 1234 1670 annis
1275 1621 1564 1681 curriculum
1595 1621 1890 1677 absolveret,
1966 1618 2106 1669 Unde
2146 1619 2342 1684 tandem

89 1705 136 1741 et
158 1691 357 1754 Judaei,
398 1696 678 1756 cognitione
716 1695 1021 1758 planetarum
1061 1710 1090 1743 a
1117 1693 1378 1743 Chaldaeis
1420 1701 1636 1758 accepta,
1679 1693 1887 1762 Saturno
1925 1693 2140 1742 fecerunt
2165 1708 2340 1743 nomen
2485 1736 2511 1755 Α.

82 1781 112 1814 a
149 1768 315 1829 quiete
352 1767 710 1830 sabbatboque2
1243 1807 1247 1812 .

222 1839 281 1888 Si
316 1840 450 1888 diem
487 1841 832 1914 lonyissimam
879 1843 1108 1902 sequitur
1157 1855 1260 1889 nox
1299 1841 1595 1888 brevissima
1649 1846 1695 1888 et
1730 1846 1951 1901 utraque
1998 1841 2054 1886 in
2093 1840 2154 1886 12
2186 1838 2341 1887 horas

0 1919 6 1984 Ι
78 1913 311 1975 aequales
347 1912 620 1974 dividitur,
671 1907 823 1961 etiam
863 1914 1025 1962 horae
1055 1915 1212 1962 noctis
1264 1913 1513 1962 breviores
1551 1920 1704 1961 erunt
1739 1913 1875 1961 horis
1909 1912 2012 1960 diez·
2051 1910 2338 1960 immediate

3 1993 5 2025 l
70 1985 510 2048 praecedentibus.-
547 2002 619 2035 an
644 1988 803 2049 iyitur
840 1984 961 2034 tunc
985 2001 1089 2035 non
1124 1987 1180 2049 fit
1217 1985 1416 2046 injuria
1452 1986 1682 2047 planetis,
1723 1985 1906 2048 quibus
1933 1987 2147 2033 veniunt.
2182 1985 2374 2035 horae

0 1809 4 1836 l

76 2064 357 2106 noeturnae
381 2066 486 2107 tam
515 2059 719 2107 breves?
755 2059 993 2122 Equidem
1031 2074 1181 2122 penes
1221 2073 1309 2106 nos
1338 2061 1383 2105 in
1423 2060 1661 2122 principio
1693 2058 1863 2106 Cancri
1905 2058 2024 2106 hora
2058 2055 2338 2120 temporalis

0 2132 7 2174 ³¹
78 2130 247 2179 ultima
287 2130 385 2180 diei
416 2131 564 2195 duplo
601 2132 794 2195 longior
832 2139 904 2181 est
929 2132 1050 2181 hora
1089 2134 1243 2196 prima
1268 2134 1425 2180 noctis
1466 2131 1746 2180 immediate
1766 2139 2021 2194 sequente,
2061 2144 2151 2179 nec
2176 2137 2338 2178 tamen

0 2181 7 2230 l
81 2203 347 2268 Babylonii
395 2205 535 2254 aliter
572 2205 718 2254 horas
758 2206 1094 2254 observarunt.
1169 2204 1493 2253 Recentiorcs
1526 2206 1696 2268 igitur,
1749 2211 1803 2258 ut
1844 2204 2128 2252 concinnius
2169 2202 2338 2265 dispo—

7 2309 9 2318 Α
76 2284 245 2325 nerent
290 2277 459 2338 horas,
507 2293 598 2327 nec
642 2273 869 2341 injuriam
917 2281 1144 2340 cuiquam
1190 2277 1495 2340 planetarum
1533 2278 1774 2334 facerent,
1829 2275 2142 2336 contendunt,
2186 2275 2333 2346 aliam

8 2387 9 2390 η
69 2363 180 2416 'esse
216 2350 491 2400 faciendam
526 2351 754 2400 horarum
795 2351 1199 2411 distributionem,
1239 2352 1308 2399 sic
1348 2357 1401 2399 ut
1440 2351 1553 2400 illae
1593 2353 1740 2400 etiam
1769 2353 1894 2399 intra
1933 2365 2079 2398 unam
2104 2354 2168 2398 vet
2208 2363 2330 2397 ean-

78 2421 187 2470 dem
235 2421 363 2471 diem
416 2424 735 2474 observentur
781 2422 1088 2486 inaequaleS,
1148 2431 1196 2472 et
1240 2424 1353 2474 illae
1405 2423 1542 2472 solae
1592 2423 1847 2486 aequaleS,
1905 2438 2031 2488 quae
2082 2420 2334 2471 meridiem

9 2527 11 2530 .
77 2509 302 2558 quaeque
340 2496 553 2546 mediam
589 2504 782 2546 noctem
819 2496 1110 2559 aequalibus
1149 2499 1462 2546 circumstant
1499 2498 1784 2551 interstitiis,
1826 2498 1895 2545 sic
1934 2503 1986 2544 ut
2026 2497 2076 2543 in
2116 2493 2339 2557 exemplo
2388 2520 2390 2523 v

77 2567 293 2630 allegato
340 2569 608 2619 meridiana
654 2569 827 2619 saltem
879 2570 999 2618 hora
1050 2571 1113 2618 sit
1163 2569 1313 2632 dupla
1363 2569 1425 2618 ad
1465 2559 1633 2618 boram
1673 2569 1863 2619 mediae
1914 2570 2093 2628 no'etiS,
2145 2574 2334 2615 ceterae
2350 2579 2357 2615 s

76 2655 246 2690 versus
288 2648 446 2690 ortum
485 2648 532 2691 et
572 2657 799 2692 occasum
838 2642 1075 2705 paulatim
1113 2642 1560 2705 ad-aequalitatem
1600 2642 1914 2703 reducantur,
1965 2643 2035 2690 sic
2074 2646 2127 2688 ut
2165 2639 2339 2691 ultima

11 2733 13 2745 ¹
78 2707 174 2763 diei
213 2717 277 2762 sit
314 2715 464 2778 paulo
502 2715 694 2778 longior
729 2717 886 2778 prima
924 2716 1096 2775 noctis,
1138 2721 1185 2764 et
1225 2717 1351 2764 circa
1391 2725 1549 2764 ortum
1576 2722 1887 2764 et'occasum
1915 2721 2017 2763 toto
2043 2727 2185 2761 anno
2213 2718 2339 2761 tem-

77 2786 270 2849 porales
318 2788 381 2836 ab
436 2788 879 2851 aequinoctialibus
927 2790 1178 2836 minimum
1225 2788 1467 2837 differant:
1518 2803 1616 2852 qua
1655 2791 1841 2846 ratione
1890 2788 2128 2846 futurum,
2185 2791 2239 2833 ut
2286 2787 2338 2842 in

82 2862 403 2923 aequinoctiis
443 2859 734 2923 temporales
773 2860 922 2909 horae
962 2875 1149 2909 rursum
1188 2862 1285 2909 sint
1323 2861 1523 2911 eaedem
1564 2876 1672 2910 cum
1713 2859 2002 2923 aequalibus
2042 2873 2130 2907 seu
2162 2860 2353 2921 aequi-

16 2963 18 2966 >
78 2933 384 2982 noctialibus.
463 2934 585 2993 Alii,
639 2934 817 2996 quibus
856 2935 979 2982 ratio
1018 2934 1114 2982 ista
1154 2947 1361 2996 operosa
1399 2928 1615 2994 videtur,
1669 2932 1990 2993 contendunt,
2033 2931 2188 2993 magis
2229 2946 2335 2999 esse

85 3013 463 3055 consentaneum
490 3013 711 3055 naturam
750 3007 888 3069 sequi
915 3008 962 3053 in
991 3006 1083 3055 hac
1122 3006 1473 3070 inaequalitate
1514 3013 1562 3055 et
1601 3008 1813 3055 omnium
1846 3005 1992 3074 plane
2033 3003 2216 3054 dierum
2256 3011 2342 3052 to-·

78 3078 173 3127 tius
210 3082 324 3128 anni
361 3079 505 3129 horas
544 3081 667 3128 inter
693 3094 800 3128 sese
840 3079 1122 3142 inaequales
1150 3085 1379 3140 statuere,
1419 3081 1491 3127 sic
1530 3085 1581 3127 ut
1607 3079 1826 3128 ascensio
1868 3077 2069 3141 obliqua
2097 3077 2335 3140 cujusque

8 3185 11 3209 ,
79 3147 263 3200 dimidii
301 3154 427 3216 signi
467 3155 514 3200 in
555 3153 779 3215 ecliptica
817 3166 903 3201 seu
942 3151 1178 3214 graduum
1230 3154 1319 3212 15,
1362 3166 1391 3199 a
1429 3151 1539 3200 loco
1579 3151 1708 3200 Solis
1747 3151 1886 3199 initio
1925 3150 2069 3211 facto,
2109 3152 2338 3199 metiatur

9 3222 12 3285 ζ
80 3234 223 3274 unam
275 3225 443 3274 horam
501 3224 843 3289 temporalem:
902 3239 999 3286 qua
1054 3226 1241 3273 ratione
1303 3227 1349 3272 in
1410 3224 1720 3287 aequinoctio
1779 3223 1965 3273 vernali
2017 3223 2334 3272 brevissimae

10 3302 13 3334 '¹
79 3303 237 3345 essent
283 3297 432 3348 horae
486 3302 850 3348 circumstantes
902 3303 1089 3357 ortum,
1143 3292 1488 3359 longissimae,
1552 3312 1678 3359 quae
1732 3299 2043 3351 circumstant
2092 3310 2351 3356 occasum,-

10 3351 16 3424 Ι
79 3376 299 3433 essetque
326 3371 650 3435 inaequalitas
672 3371 896 3419 horarum
921 3384 1006 3432 per
1028 3368 1122 3417 diei
1148 3376 1308 3432 partes
1338 3368 1661 3419 ambulatoria
1686 3383 1848 3419 annuo
1866 3370 2093 3419 circuitu.
2136 3368 2333 3434 Cordati

13 3489 15 3499 ,
81 3453 194 3489 vero
235 3444 482 3508 astrologi,
523 3446 606 3507 qni
644 3450 845 3492 naturae
885 3444 1029 3491 etiam
1076 3447 1347 3504 respectum
1387 3441 1581 3501 habent,
1620 3441 1742 3492 haec
1779 3443 1991 3506 dominia
2029 3442 2334 3506 planetarum

13 3541 16 3561 .
80 3522 394 3576 aspernantur
431 3519 596 3581 itaque
637 3523 684 3567 et
723 3516 1114 3564 distributionum
1155 3514 1323 3562 harum
1367 3515 1685 3571 subtilitatem
1726 3518 1932 3581 otiosam
1974 3530 2080 3610 egee
2119 3521 2331 3575 censent.

15 3678 17 3704 3
404 3633 489 3683 De
529 3631 945 3697 cre'pusculis,
986 3632 1198 3678 noctis
1237 3630 1610 3679 artificialis
1649 3630 1998 3679 accidente.
2114 3691 2116 3693 ι

16 3712 19 3738 ⁵
241 3731 498 3795 Quomodo
551 3733 921 3798 lonyitudinem
977 3732 1256 3793 crepusculi
1310 3710 1661 3794 inquirimus?
1735 3733 1914 3781 Datam
1973 3746 2078 3780 esse
2144 3735 2340 3797 oportet·

17 3802 21 3871 l
84 3799 398 3853 altitudinem,
422 3807 523 3870 poli
560 3806 661 3868 PR,
704 3805 1076 3855 declinationem
1117 3802 1246 3853 Solis
1281 3802 1374 3865 ST,
1415 3811 1463 3853 et
1500 3804 1877 3867 profunditatem
1901 3804 2030 3853 Solis
2069 3799 2176 3851 sub‘
2199 3803 2333 3850 hori-

1819 3890 1941 3937 17*
