2554 4140
245 149 346 196 142
1070 144 1305 202 Epitomes
1334 144 1649 190 Astronomiae

401 289 542 338 Num
578 291 738 351 iyitur
772 290 926 353 plane
962 298 1031 339 est
1066 294 1294 354 inqenita
1328 293 1497 355 fi'yura
1534 292 1896 353 sphaericum?
1941 293 2163 355 Ingenita
2210 293 2383 342 dicitur
2418 310 2497 344 re-

247 369 419 425 spectu
457 360 720 424 figurarum
759 368 1038 425 ceterarum,
1094 366 1210 426 quia
1243 364 1378 413 nullo
1416 364 1609 412 illorum
1645 363 1899 412 modorum
1934 367 2159 428 gignitur,
2211 366 2300 415 sed
2335 369 2499 430 potius

249 441 433 498 puncta
470 441 518 482 et
555 433 716 483 locum
754 443 969 499 praestat
1005 436 1261 498 gignendis
1298 438 1498 498 ceteris3
1537 451 1621 500 per
1656 450 1709 486 se
1746 450 1864 486 vero
1897 436 2313 501 habet‘quendam
2348 453 2502 502 gene-

239 508 440 556 rationis
479 505 675 555 modum
713 506 856 571 longe
896 508 1302 570 diversissimum,
1353 523 1449 557 non
1488 510 1551 558 ab
1591 509 1716 569 alio,
1765 508 1853 558 sed
1890 524 1920 558 a
1957 524 2047 560 suo
2085 513 2252 560 intimo
2296 520 2493 574 puncto,

242 579 301 630 de
339 593 436 642 quo
473 579 610 628 insta.

386 651 557 700 Proba
607 652 927 714 sphaericum
955 655 1128 700 ctiam
1163 653 1454 715 fiyurarum
1500 653 1918 715 simplicissimam
1978 662 2025 703 et
2076 656 2492 718 perfectissimam

240 738 350 772 esse.
426 721 595 772 Omnis
632 727 680 772 in
720 724 1076 789 multiplicitate
1114 724 1412 787 imperfectio
1450 731 1539 786 est,
1578 726 1628 772 in
1666 725 1975 788 simplicitate
2005 727 2330 789 pulchritudo.
2397 727 2494 777 Ce-

239 803 372 846 terae
409 796 607 859 figurae,
647 811 773 860 quae
811 798 1050 860 perfectae
1090 796 1327 857 dicuutur,
1369 797 1660 846 clauduntur
1696 797 1868 861 planis,
1907 813 1997 848 suo
2023 813 2249 863 quaeque
2275 814 2490 860 numer0,

239 872 288 917 iu
327 883 453 932 quae
492 876 541 918 et
576 868 885 918 resolvuntur
922 884 1009 918 seu
1049 869 1355 931 dividuntur3
1412 884 1538 932 quae
1577 869 1751 932 plana,
1807 885 1916 920 cum
1954 873 2049 920 siut
2101 874 2224 919 inter
2261 887 2312 921 se
2352 874 2495 920 unius

239 944 402 991 omnia
439 940 629 1003 similia,
667 941 976 1004 perfectionis
1013 955 1191 991 nomen
1227 944 1436 1007 pariunt.
1512 942 1830 1006 Sphaericum
1855 945 2128 993 continetur
2151 945 2298 994 unica
2323 959 2496 1008 super-

238 1015 363 1075 ficie,
402 1014 716 1077 undiquaque
754 1015 848 1062 sibi
886 1013 1154 1075 simillima,
1194 1016 1342 1077 inque
1382 1030 1435 1065 se
1473 1017 1627 1078 ipsam
1666 1014 1896 1065 redeunte
1943 1031 2093 1079 seque
2133 1017 2291 1080 ipsam
2326 1020 2493 1066 termi-

238 1093 411 1149 nante3
450 1101 540 1135 nec
575 1086 727 1134 ullum
752 1088 942 1150 uspiam
980 1093 1053 1136 est
1091 1090 1373 1150 vestigium,
1426 1088 1558 1151 quod
1604 1087 1668 1137 ad
1720 1087 2011 1137 divisionem
2056 1089 2241 1152 figurae
2278 1097 2492 1153 praeeat.

240 1159 383 1222 Quod
422 1165 584 1208 autem
634 1161 681 1206 in
721 1167 883 1222 partes
933 1166 1007 1208 est
1045 1159 1271 1222 dividua,
1324 1160 1374 1209 id
1413 1163 1456 1210 ei
1507 1161 1709 1221 accidit,
1767 1167 1821 1209 ut
1868 1163 2114 1225 quantitas
2154 1169 2251 1223 est,
2307 1177 2406 1212 non
2441 1170 2495 1211 ut

237 1233 406 1297 figura.

385 1303 576 1354 Deinde
616 1310 805 1354 ceterae
841 1303 1025 1366 figurae
1062 1317 1159 1354 nou
1199 1311 1313 1353 sunt
1351 1305 1615 1368 perfectae,
1662 1306 1757 1354 nisi
1795 1306 1931 1353 trinis
1969 1312 2193 1355 constent
2229 1305 2494 1355 dimensio-

240 1378 382 1426 nibus
430 1379 659 1440 intusque
711 1378 808 1425 sint
857 1377 1032 1440 plenae
1085 1384 1133 1426 et
1177 1379 1319 1441 quasi
1374 1379 1686 1435 materiatae,
1741 1377 1868 1426 unde
1919 1386 1968 1426 et
2016 1393 2219 1441 corpora
2257 1379 2492 1428 dicuntur.

240 1449 556 1514 Sphaericum
594 1451 918 1507 immateriati=
938 1452 1177 1499 rationem
1214 1450 1379 1510 habet,
1419 1452 1535 1514 quia
1572 1449 1858 1513 intelligitur
1894 1451 1999 1499 sine
2018 1450 2267 1501 soliditate
2292 1453 2494 1501 iuterna.

239 1523 477 1571 Differunt
525 1536 735 1585 namque
783 1522 959 1585 globus
1011 1529 1059 1572 et
1106 1523 1427 1587 sphaericum.
1511 1522 1642 1571 Illud
1692 1524 1820 1572 enim
1867 1522 2043 1584 globus
2089 1530 2183 1585 est,
2242 1523 2374 1588 quod
2429 1524 2489 1574 de

238 1595 395 1646 solido
434 1609 635 1658 corpore
673 1595 979 1658 sphaericum
1016 1597 1145 1645 intus
1182 1595 1405 1645 exhaurit
1442 1604 1491 1645 et
1526 1597 1655 1644 intra
1690 1610 1744 1645 se
1783 1595 1961 1645 condit.

382 1670 451 1716 At
487 1667 738 1717 immobile
787 1683 894 1717 non
942 1668 1070 1716 dices
1117 1668 1463 1730 sphaericum,
1518 1683 1635 1716 cum
1683 1668 1753 1717 ad
1787 1674 1981 1718 motum
2023 1669 2172 1717 nulla
2206 1670 2376 1732 flyura
2429 1671 2493 1718 sit

241 1740 445 1805 aptior?
515 1739 681 1789 Motus
718 1742 768 1788 in
805 1742 1112 1803 geometricis
1149 1755 1247 1789 non
1284 1747 1414 1791 recte
1452 1741 1679 1790 tribuitur
1713 1741 1908 1804 figuris,
1949 1743 2130 1805 qnippe
2166 1742 2303 1790 nulla
2337 1741 2495 1803 figura

241 1829 359 1878 pure
396 1815 687 1877 geometrice
733 1813 959 1863 mobilior
1008 1820 1083 1863 est
1119 1813 1286 1864 altera.
1362 1813 1570 1877 Physice
1616 1827 1731 1863 vero
1779 1816 1822 1862 si
1860 1814 2159 1875 consideres,
2216 1828 2384 1864 verum
2421 1821 2495 1864 est

243 1886 507 1936 secundum
547 1886 680 1949 quid.
753 1886 882 1935 Nam
918 1889 961 1935 si
998 1901 1171 1950 corpus
1207 1886 1467 1935 rotundum
1506 1892 1716 1950 ponatur
1752 1887 1802 1934 in
1826 1887 1974 1950 plano
2013 1886 2312 1951 accedatque
2336 1886 2495 1936 motor

243 1966 525 2010 extraneus:
586 1958 778 2007 duabus
832 1959 907 2007 his
964 1959 1323 2009 conditionibus
1375 1960 1550 2022 positis
1604 1959 1796 2009 mobilis
1851 1960 2007 2023 figura
2053 1966 2144 2010 est.
2218 1960 2300 2009 Sic
2346 1962 2493 2010 etiam

240 2032 423 2096 figurae
461 2030 729 2094 angulosae
767 2031 1034 2081 secundum
1072 2031 1191 2095 quid
1225 2039 1339 2081 sunt
1374 2031 1590 2093 stabileS,
1630 2034 1670 2080 si
1696 2033 1920 2097 nimirum
1959 2032 2256 2082 collocentur
2294 2034 2342 2080 in
2381 2031 2493 2098 pla-

240 2107 358 2154 nitie
397 2119 541 2168 super
578 2104 832 2168 planorum
883 2119 1079 2154 suorum
1127 2119 1243 2154 uno.
1319 2104 1404 2154 Sin
1444 2111 1607 2154 autem
1661 2105 1807 2154 talem
1851 2105 2056 2168 figuram
2104 2105 2312 2155 colloces
2350 2120 2495 2169 super

241 2192 382 2227 suum
420 2177 654 2241 angulum
685 2177 828 2240 juxta
863 2177 1184 2240 sphaericum,
1221 2177 1352 2240 quod
1389 2183 1545 2226 totum
1582 2177 1790 2240 angulus
1816 2184 1914 2239 est,
1954 2177 2259 2242 sphaericum
2296 2178 2491 2241 quidem

241 2253 482 2315 quiescet,
533 2249 772 2313 angulosa
820 2264 936 2299 vero
988 2265 1041 2299 se
1080 2252 1187 2315 ipsa
1233 2250 1509 2299 movebitur
1556 2251 1704 2314 inque
1752 2265 1900 2299 unam
1951 2265 2148 2299 suarum
2185 2251 2491 2314 planitierum

244 2323 543 2388 procumbet.
617 2322 791 2386 Itaque
830 2337 888 2372 eo
927 2325 1034 2386 ipso
1072 2323 1320 2372 immobile
1359 2325 1508 2372 etiam
1542 2324 1851 2387 sphaericum
1887 2323 2074 2385 dicitur,
2115 2327 2232 2387 quia
2267 2323 2404 2373 nulla
2440 2327 2491 2372 in

238 2403 375 2460 parte
415 2410 612 2445 causam
650 2394 801 2444 ullam
840 2398 966 2444 intra
1002 2410 1055 2444 se
1093 2396 1243 2445 habet
1279 2395 1342 2444 ad
1378 2402 1578 2458 motum,
1619 2411 1729 2445 cum
1754 2397 1816 2444 sit
1854 2395 2168 2460 undiquaque
2203 2396 2362 2446 simile
2398 2398 2488 2446 sui.

235 2469 334 2519 Sed
372 2483 461 2518 nec
499 2475 635 2517 extra
673 2483 726 2517 se
763 2469 814 2515 in
853 2468 952 2517 alia
989 2469 1156 2531 aliqua
1192 2470 1464 2532 quantitate
1504 2483 1701 2518 causam
1737 2469 2014 2530 motricem,
2064 2476 2148 2519 aut
2185 2471 2490 2533 geometricis

235 2542 610 2607 proprietatibus
649 2540 712 2590 ad
749 2545 934 2590 motum
972 2541 1227 2605 physicum
1266 2541 1556 2604 dispositam
1592 2543 1794 2603 invenit,
1833 2557 1942 2591 cum
1969 2542 2227 2606 probatum
2265 2545 2343 2605 sit,
2383 2557 2488 2592 esse

232 2616 438 2678 primam
474 2614 735 2676 figurarum
773 2615 1002 2662 omnium.

384 2687 485 2751 Qui
516 2686 773 2749 probabis,
812 2687 1132 2749 sphaericum
1147 2686 1262 2740 ,sibi
1298 2689 1394 2750 ipsi
1444 2687 1656 2749 aliisque
1691 2686 1952 2750 sufficere?
2022 2687 2234 2750 Figurae
2281 2691 2486 2748 ceterae,

238 2766 291 2809 ut
331 2759 445 2821 dixi,
487 2759 673 2824 plania,
726 2759 876 2822 plana
911 2754 1075 2817 lineiS,
1129 2759 1288 2809 lineae
1325 2760 1516 2823 punctis
1555 2758 1890 2808 describuntur
1929 2765 1979 2809 et
2017 2758 2488 2824 comprehenduntur

236 2839 283 2882 et
320 2834 648 2893 terminantur,
687 2838 870 2894 puncta
907 2846 1024 2881 vero
1061 2832 1209 2880 situm
1245 2833 1494 2895 requirunt
1530 2833 1578 2879 in
1598 2833 1805 2917 dpatio,
1845 2838 1895 2880 at
1934 2833 2146 2895 spatium
2183 2832 2289 2881 vult
2326 2832 2487 2882 deter-

236 2907 406 2954 minari
443 2905 610 2968 aliquo
649 2905 908 2955 ambiente.
984 2904 1299 2969 Sphaericum
1345 2919 1398 2954 se
1437 2906 1543 2967 ipso
1567 2898 1801 2952 'innixum
1846 2904 1969 2952 nihil
2006 2906 2205 2968 requirit
2242 2911 2376 2955 extra
2418 2919 2486 2966 se,

239 2977 373 3040 quod
409 2992 506 3026 non
543 2980 702 3040 ipsum
738 2979 828 3041 sit;
865 2993 918 3028 se
956 2979 1063 3042 ipso
1103 2979 1230 3026 enim
1267 2978 1549 3026 terminatur
1585 2991 1741 3040 eoque
1766 2978 1873 3040 ipso
1910 2977 2071 3026 locum
2110 2979 2237 3026 intra
2271 2992 2325 3027 se
2366 2991 2486 3027 con-

237 3050 401 3111 cludit,
440 3052 489 3097 in
517 3065 613 3113 quo
634 3055 828 3113 puncta,
854 3050 1028 3111 lineae,
1054 3050 1344 3114 superficies,
1374 3063 1576 3113 corpora
1602 3050 1828 3098 constitui
1854 3051 2088 3113 principio
2117 3050 2231 3099 dato
2255 3058 2476 3113 possunt.

382 3124 470 3172 An
506 3137 623 3172 vero
669 3130 714 3171 ct
749 3126 1035 3172 creatricem
1073 3125 1337 3173 constitues
1381 3123 1603 3185 fiyuram
1639 3122 1772 3170 hanc
1817 3128 2097 3170 ceterarum
2149 3129 2195 3170 et
2229 3129 2483 3172 sustenta-

237 3194 446 3243 tricem?
520 3194 578 3242 Id
617 3194 814 3257 quidem
850 3202 1026 3244 norunt
1061 3201 1360 3259 geometrae,
1409 3209 1600 3244 omnem
1636 3193 1965 3243 similitudinis
2002 3196 2051 3242 in
2091 3196 2263 3244 ceteris
2302 3196 2485 3259 figuris,

238 3281 429 3316 omnem
465 3269 680 3327 rationis,
721 3282 912 3317 omnem
947 3269 1256 3331 perfectionis
1280 3266 1686 3331 pulchritudinem
1723 3281 1750 3316 e
1773 3266 2025 3329 sphaerico
2060 3266 2328 3316 derivatam
2366 3269 2503 3331 ipsis'

236 3341 410 3389 inesse.
485 3339 611 3387 Nam
647 3339 794 3402 plana
830 3342 972 3390 unius
1012 3343 1224 3405 corporis
1263 3342 1426 3390 omnia
1452 3340 1630 3389 debent
1665 3338 1903 3402 quadrare
1927 3340 1975 3386 in
2003 3338 2234 3387 circulum
2261 3339 2483 3400 eundem,

239 3411 443 3462 circulus
483 3426 597 3460 vero
638 3427 697 3460 ex
734 3412 983 3476 sphaerico
1023 3420 1110 3473 est,
1150 3420 1204 3463 ut
1242 3413 1438 3462 dictum.
1514 3411 1638 3461 Tum
1685 3417 1849 3460 autem
1899 3411 2106 3474 alicujus
2151 3411 2334 3475 figurae
2371 3427 2484 3476 per-

186 3490 197 3493 “
238 3485 395 3534 fectae
433 3483 600 3546 anguli
639 3484 782 3532 solidi
820 3499 985 3534 omnes
1024 3485 1199 3535 debent
1236 3485 1506 3548 aequaliter
1542 3500 1573 3533 a
1610 3490 1774 3534 centro
1811 3483 1992 3546 figurae
2031 3485 2232 3545 abesse,
2283 3485 2376 3534 hoc
2413 3492 2484 3534 est

240 3560 286 3604 in
326 3556 496 3606 eodem
534 3555 784 3619 sphaerico
822 3563 964 3605 stare.
1042 3558 1128 3606 Est
1162 3559 1310 3621 igitur
1347 3558 1649 3621 sphaericum
1699 3557 1869 3608 ceteris
1905 3556 2071 3619 figuris
2110 3570 2260 3606 causa
2297 3557 2482 3622 perfec-

240 3630 387 3679 tionis
424 3637 472 3677 et
509 3642 693 3690 norma,
732 3628 863 3692 quod
900 3629 1049 3678 habet
1084 3633 1322 3679 rationem
1358 3631 1555 3680 formae.

362 3701 694 3764 Comparatio
746 3715 861 3750 vero
911 3700 1116 3750 laterum
1162 3702 1344 3764 figurae
1392 3708 1441 3752 et
1490 3701 1554 3751 ad
1602 3707 1785 3750 ceteras
1829 3701 2041 3763 corporis
2079 3700 2383 3751 dimetientes
2435 3707 2482 3750 et

237 3775 447 3839 plurium
499 3787 750 3837 corporum
799 3774 924 3823 inter
960 3788 1012 3823 se
1063 3773 1118 3822 fit
1154 3788 1251 3823 non
1288 3775 1428 3826 aliter
1477 3788 1625 3838 quam
1662 3788 1723 3823 ex
1765 3775 1927 3835 posito
1965 3773 2245 3837 sphaerico,
2296 3775 2347 3822 in
2384 3787 2480 3837 quo
2510 3802 2517 3808 ν

243 3848 404 3896 omnia
442 3848 590 3895 insint
627 3859 842 3909 corpora,
882 3846 1084 3910 ejusque
1122 3847 1361 3910 sphaerici
1397 3847 1634 3897 diametro
1673 3847 1813 3896 certis
1851 3846 2118 3895 rationibus
2147 3845 2318 3896 divisa.
2396 3847 2482 3894 Est
