2560 4100
212 111 276 156 23
847 98 1081 157 Epistolae
1112 99 1296 157 Kepleri
1326 99 1604 156 aliorumque
1633 104 1814 144 mutuae

210 251 390 303 redimus
421 250 476 290 ad
505 246 823 302 Criigerum,
869 250 943 302 qui
982 249 1036 288 ad
1075 250 1360 289 commercium
1384 247 1665 298 -epistolarum
1708 260 1779 299 per
1809 252 1834 288 4
1864 261 1996 289 annos
2027 250 2302 290 intermissum
2327 251 2447 301 redit,

212 311 316 349 haec
346 310 556 348 scribens:
586 307 684 347 Jam
714 306 898 357 elapsum
929 311 990 346 est
1020 303 1335 358 quadriennium
1364 308 1568 355 integrum
1613 308 1791 357 (scripsit
1819 308 1918 347 haec
1940 307 2140 357 Criigerus
2173 308 2236 347 die
2258 309 2326 347 23.
2349 309 2446 358 Apr.

213 369 370 416 1623),
418 378 499 415 quo
530 377 666 416 neque
697 365 753 404 ad
782 365 840 404 Te
870 367 1091 418 quicquam
1122 367 1292 415 scripsi,
1338 376 1470 415 neque
1500 377 1523 402 a
1553 365 1610 403 Te
1640 366 1859 418 quippiam
1889 368 2042 416 accepi.
2105 367 2281 406 Gavisus
2312 372 2448 406 autem

212 438 263 465 ex
294 426 429 464 animo
461 435 564 476 sum,
596 426 819 476 postquam
851 435 903 477 ex
931 424 1057 463 affine
1087 428 1156 462 tuo
1188 422 1402 474 intellexi,
1436 423 1633 472 pristinae
1662 428 1702 461 te
1732 425 1979 473 professioni
2011 430 2051 463 et
2079 423 2170 463 loco
2202 426 2448 466 restitutum.

211 486 323 523 Deus
356 480 512 523 Excell.
543 482 676 521 Tuam
703 486 835 521 servet
865 483 920 521 ad
950 483 1180 521 enarranda
1212 492 1335 531 opera
1355 481 1538 520 Domini.
1601 482 1706 519 Ante
1735 493 1890 531 paucos
1921 482 2174 521 dies‘affinis
2195 487 2290 521 tuus
2311 495 2449 521 exem-

212 541 306 591 plar
337 541 439 578 mihi
470 541 790 595 communicavit
821 539 1127 590 explanationis
1169 540 1383 589 eclipsium
1427 539 1526 576 anni
1560 540 1681 578 1620.
1724 543 1763 578 et
1805 540 1928 580 1621.
1989 540 2115 590 Spero
2160 544 2200 579 te
2230 553 2314 580 non
2344 540 2451 580 male

210 599 411 650 laturum,
443 599 479 636 si
511 599 680 649 quidem
711 599 763 637 D.
796 599 977 648 Papius,
1009 600 1079 638 cui
1118 599 1229 636 mitti
1263 597 1452 647 debebat,
1495 599 1583 645 jam
1611 602 1709 635 ante
1740 595 1901 649 aliquot
1930 610 2058 637 annos
2089 599 2230 645 (1622)
2261 601 2349 637 vita
2378 611 2450 637 ex-

212 658 346 697 cessit.
409 654 511 695 Cum
540 658 718 708 primum
751 657 962 710 audirem,
1008 658 1175 695 affinem
1207 656 1255 693 de
1288 652 1510 703 eclipsibus
1540 653 1624 693 illis
1657 657 1988 694 commentarium
2017 656 2195 708 habere,
2228 658 2451 707 sperabam,

210 719 344 754 totum
372 715 460 754 fore
491 715 541 754 de
572 713 797 765 eclipsibus
825 717 911 764 jam
940 714 1174 764 praeteritis
1205 713 1408 761 avideque
1437 713 1662 760 gestiebam
1693 725 1957 761 cognoscere,
1990 719 2148 763 quanta
2178 715 2301 753 fuerit
2329 713 2452 754 Sola-

209 774 267 812 ris
298 774 402 812 anni
433 774 559 813 1621.
622 773 675 811 At
705 771 855 811 fefellit
884 784 950 811 me
980 784 1085 822 spes.
1146 771 1279 809 Video
1324 774 1460 808 tamen
1492 781 1544 808 ex
1575 771 1865 810 Astronomiae
1896 776 1992 809 tuae
2021 768 2129 812 libro
2160 773 2243 825 VI,
2291 783 2380 811 eam
2408 774 2451 811 in

211 831 303 871 loco
334 835 429 871 tuae
462 832 761 870 observationis
792 830 920 869 fuisse
956 833 1008 869 10
1039 830 1280 879 digitorum;
1328 829 1448 867 nobis
1485 828 1554 867 hic
1584 829 1768 878 prodidit
1799 829 1880 878 dig.
1924 826 2038 882 10¹s3
2070 834 2158 883 etc.‚
2192 842 2283 869 cum
2315 835 2453 869 tamen

217 888 402 938 calculus
435 902 455 929 e
487 889 697 939 Supplem.
729 889 898 938 Ephem.
932 889 1087 937 Magini
1118 885 1314 926 obtulerit
1349 885 1454 939 llll,¹
1486 886 1582 935 dig,
1613 887 1717 925 adeo
1749 891 1794 925 ut
1823 887 2030 941 Nagelius,
2061 900 2192 927 novus
2223 887 2296 927 ille
2326 890 2454 927 caba-

216 947 340 1001 lista,
392 949 490 987 hinc
530 948 788 986 occasionem
828 948 1068 999 arripuerit,
1127 947 1418 984 astronomiam
1452 945 1725 993 Tychonicam
1764 944 2002 994 sugillandi.
2062 945 2138 984 Cui
2168 951 2305 984 tamen
2337 948 2453 985 suffi-

212 1007 367 1046 cienter
405 1005 613 1056 respondi,
673 1005 792 1043 Vidit
833 1004 978 1055 procul
1021 1004 1148 1043 dubio
1188 1003 1288 1043 Exc.
1329 1003 1420 1043 Tua
1459 1004 1763 1042 Astronomiam
1805 1004 2005 1042 Danicam
2036 1004 2222 1044 Severini
2261 1016 2296 1046 a.
2346 1006 2450 1044 1621

209 1064 380 1113 editam.
441 1065 503 1103 De
531 1065 613 1102 isto
642 1074 763 1114 opere
793 1063 895 1114 quid
924 1063 1022 1102 Exc.
1056 1063 1102 1103 T.
1135 1062 1306 1111 sentiat,
1337 1063 1497 1111 ignoro.

356 1129 622 1178 Keplerus
660 1128 898 1178 respondit:
957 1121 1006 1170 S.
1045 1121 1102 1169 P.
1142 1121 1203 1169 D.
1282 1120 1389 1183 Quo
1427 1120 1584 1181 magis
1622 1134 1710 1167 nos
1750 1121 1971 1169 omnibus
2011 1121 2196 1171 deliciis
2233 1121 2455 1173 literariis

217 1196 398 1261 spoliat
431 1196 616 1253 ,bellum
657 1193 947 1244 Germaniae
985 1195 1388 1255 funestissimum,
1442 1193 1536 1242 hoc
1584 1192 1700 1240 mihi
1740 1195 1974 1255 gratiores
2013 1195 2143 1244 fuere
2181 1202 2322 1255 tuae,
2368 1195 2456 1243 Vir

212 1269 500 1326 clarissime,
540 1268 735 1328 literae,
774 1268 1057 1316 memoriam
1096 1266 1401 1330 deliciarum,
1441 1266 1592 1315 veluti
1630 1265 1874 1329 quondam
1911 1268 2118 1331 Epicuro
2156 1269 2455 1330 gravissimis

214 1343 396 1392 cerebri
423 1341 671 1402 doloribus
699 1340 949 1401 afflictato,
989 1342 1060 1389 sic
1097 1340 1214 1388 mihi
1250 1341 1400 1389 satum
1439 1340 1624 1403 patriae
1661 1341 1872 1400 gementi
1911 1340 2199 1404 doloresque
2228 1347 2274 1389 et
2299 1347 2455 1390 metus

210 1414 544 1479 impendentes
567 1414 961 1478 perhorrescenti,
1002 1428 1061 1462 ex
1097 1413 1362 1475 longinquo
1400 1413 1695 1462 refricantes.
1770 1410 1989 1461 Gratiam
2027 1413 2172 1476 hujus
2210 1422 2324 1463 tuae
2361 1414 2455 1462 hu-

212 1489 664 1551 munitatisjauget‚
706 1486 837 1549 quod
877 1488 1129 1547 exstinct0‚
1169 1492 1222 1534 ut
1261 1486 1442 1535 dudum
1482 1486 1707 1554 comperi,
1748 1484 1807 1532 D.
1837 1485 2005 1549 Papio,
2046 1486 2178 1535 solus
2218 1493 2269 1534 tu
2309 1501 2458 1551 supe-

216 1576 292 1610 res
331 1562 380 1607 in
419 1560 504 1608 illo
541 1558 710 1620 litore,
766 1573 861 1622 quo
901 1574 1008 1608 cum
1050 1561 1309 1608 amicitiam
1347 1558 1608 1609 literar-iam
1648 1556 1803 1607 colere
1843 1561 2090 1608 consuevi.
2169 1559 2355 1609 Blande
2381 1574 2458 1609 me

213 1633 438 1696 equidem
478 1631 720 1682 demulcet
756 1641 948 1681 tuarum
987 1632 1232 1681 literarum
1270 1632 1430 1694 lecti0‚
1472 1632 1644 1694 dignus
1673 1633 1868 1680 omnino
1897 1646 1964 1691 es,
2004 1634 2081 1681 cui
2120 1634 2334 1681 vicissim
2371 1633 2460 1682 be-

211 1709 357 1770 nigne
396 1711 444 1755 et
483 1706 690 1755 delicate
726 1705 919 1766 faciam,
961 1719 1098 1754 orsus
1136 1706 1198 1754 ab
1238 1706 1407 1754 eadem
1434 1712 1592 1755 tecum
1620 1705 1878 1754 mentione.
1940 1705 2065 1754 Nam
2095 1705 2224 1768 quod
2250 1705 2460 1768 gaudere

214 1786 261 1829 te
302 1779 421 1828 dicis
461 1792 521 1828 ex
558 1780 753 1839 animo,
802 1779 978 1828 faciam
1016 1779 1266 1841 equidem,
1325 1786 1375 1827 ut
1412 1778 1628 1842 gaudeas
1668 1778 1908 1842 amplius,
1956 1779 2051 1827 imo
2090 1779 2251 1843 potius
2291 1778 2459 1840 dolori,

213 1868 358 1916 quem
387 1851 702 1915 aliquamdiu.
726 1858 774 1901 te
812 1852 993 1902 fovisse
1031 1851 1265 1916 intelligo,
1307 1858 1361 1900 ut
1399 1865 1700 1917 supervacuo
1737 1852 1974 1900 irascariS.
2050 1851 2310 1915 Nunquam
2336 1852 2461 1902 enim

212 1941 302 1976 nec
339 1925 448 1975 loco
488 1940 576 1974 nec
615 1925 889 1974 conditione
926 1940 1032 1974 sum
1071 1931 1262 1986 motus,
1311 1924 1445 1974 solus
1483 1939 1605 1990 pene
1645 1924 1880 1973 hoc-sum
1932 1930 2251 1985 consecutus,
2303 1931 2355 1974 ut
2402 1925 2460 1974 de

213 1999 573 2049 calamitatibus
610 2001 796 2062 patriae
833 1998 954 2046 nihil
994 1998 1055 2047 ad
1092 2013 1170 2047 me
1209 2000 1526 2062 pertingeret3
1567 1999 1654 2046 etsi
1694 1997 1992 2061 voluptatem
2032 2012 2092 2047 ex
2129 1995 2460 2047 incolumitate

214 2073 475 2135 corrumpit
512 2070 651 2120 dolor
689 2087 748 2121 ex
788 2071 1054 2133 dedecore,
1109 2070 1262 2121 veluti
1315 2071 1594 2122 dulcissima
1640 2072 1799 2133 patria
1836 2085 1996 2121 meum
2034 2062 2184 2120 solius
2223 2085 2461 2121 commer-

212 2148 339 2195 cium
377 2151 701 2208 aspernante,
748 2159 957 2208 quacum
1004 2146 1198 2208 penitus
1250 2145 1536 2194 occumbere
1594 2145 1748 2193 bonus
1788 2146 1993 2208 quisque
2034 2146 2289 2208 optaverit.
2364 2143 2460 2194 Sed

212 2220 439 2282 pensavit
477 2217 755 2268 felicitatem
793 2219 1039 2282 propriam
1079 2217 1332 2267 calamitas
1372 2218 1491 2279 alia,
1543 2218 1686 2279 longe
1734 2233 1763 2265 a
1815 2217 1943 2267 bello
1983 2217 2177 2282 publico
2218 2216 2459 2279 distincta,

218 2293 484 2341 communis
523 2291 641 2339 mihi
681 2305 791 2340 cunr
828 2291 1054 2340 iratribus
1092 2292 1239 2351 meis,
1294 2306 1439 2354 quam
1490 2292 1708 2355 privatus
1759 2291 1900 2339 nobis
1939 2291 2462 2340 hostisatrocissimus

217 2365 416 2425 intulit,
467 2364 606 2427 cujus
645 2378 736 2426 ego
776 2365 1030 2413 conatibus
1068 2371 1123 2413 ut
1159 2365 1320 2413 socias
1358 2364 1687 2428 fraternasque
1725 2377 1896 2412 manus
1936 2378 2255 2428 opponerem,
2308 2366 2462 2428 petita

215 2439 466 2487 absentiae
508 2439 652 2486 venia
678 2437 849 2486 Lincio
876 2453 982 2486 sum
1011 2438 1252 2501 profectus
1277 2440 1324 2485 in
1352 2438 1772 2500 Wirtembergiam
1816 2444 1931 2491 (dicit
1968 2445 2114 2483 matris
2153 2455 2250 2483 suae
2294 2456 2459 2483 eausam

218 2517 456 2566 forensem),
483 2510 623 2573 jussa
660 2525 810 2560 uxore
849 2526 956 2559 cum
995 2511 1178 2560 familia
1204 2525 1279 2559 me
1304 2510 1622 2574 Ratisponam
1660 2524 1813 2571 usque
1852 2512 2012 2573 sequi,
2054 2516 2107 2559 ut
2145 2524 2204 2559 ea
2241 2516 2290 2558 et
2328 2516 2463 2559 extra

216 2583 483 2647 periculum
521 2584 935 2632 incommodorum
971 2583 1088 2633 belli
1127 2591 1174 2633 et
1211 2583 1327 2631 mihi
1367 2586 1561 2648 propior
1610 2589 1763 2632 esset.-
1813 2583 2147 2647 praevideram
2195 2583 2321 2632 enim
2372 2598 2463 2631 an-

218 2671 365 2704 nuam
403 2657 505 2705 sore
543 2672 702 2706 meam
742 2657 1029 2706 absentiam.
1104 2657 1177 2705 Eo
1214 2659 1263 2704 in
1303 2658 1470 2706 itinere
1508 2657 1678 2720 scripsi
1718 2654 1775 2703 de
1815 2656 2103 2720 eclipsibus3
2145 2670 2462 2720 comparave-

216 2745 318 2778 ram
358 2731 503 2778 etiam
540 2745 616 2779 me
655 2729 966 2780 Stuccardiae
999 2731 1141 2793 jussu
1179 2729 1416 2794 Principis
1444 2728 1506 2778 ad
1535 2730 1922 2780 observationem
1950 2729 2159 2792 eclipsis,
2198 2728 2283 2778 sed
2309 2729 2461 2777 nubes

218 2802 308 2850 sub
347 2803 502 2867 ipsam
542 2818 764 2853 auroram
803 2803 908 2865 ejus
947 2802 1045 2852 diei
1082 2803 1310 2852 subortae
1349 2800 1563 2852 nostram
1601 2802 1787 2851 elusere
1826 2801 2141 2866 cupiditatem
2180 2809 2227 2851 et
2254 2801 2462 2864 diligen-

219 2877 352 2923 tiam.
430 2874 572 2936 Quod
625 2891 741 2926 vero
792 2876 931 2925 aliter
979 2876 1128 2940 paulo
1181 2877 1394 2938 expressi
1443 2875 1640 2924 schema
1686 2875 1832 2937 hujus
1878 2875 2114 2938 eclipseos
2153 2876 2199 2921 in
2239 2875 2462 2938 Epitome

219 2948 352 2996 Astr.
397 2947 532 3010 Cep..
574 2948 622 2995 id
661 2950 773 2998 inde
813 2955 910 3014 est,
950 2950 1066 3011 quia
1103 2963 1330 2997 numerus
1370 2948 1628 3012 digitorum
1664 2949 1713 2995 in
1754 2948 2013 3012 exemplari
2051 2947 2300 3011 eclipsium
2340 2947 2464 2997 Ger-

217 3022 409 3069 manico
448 3021 625 3069 vitiose
664 3037 919 3086 expressus
956 3023 1061 3083 fuit,
1103 3023 1281 3086 quippe
1320 3022 1366 3068 in
1406 3024 1612 3070 transitu
1645 3035 1703 3070 ex
1731 3027 1865 3070 carta
1891 3026 1939 3069 et
1964 3019 2150 3069 calculo
2177 3022 2464 3084 antiquiore.

219 3092 395 3143 Habeo
435 3107 585 3153 sane,
626 3095 756 3156 quod
795 3094 1066 3144 desiderare
1104 3101 1151 3144 te
1189 3091 1463 3157 significaS,
1502 3094 1693 3158 librum,
1731 3092 1779 3140 in
1819 3108 1914 3156 qno
1953 3093 2158 3157 eclipses
2198 3107 2364 3142 omnes
2402 3095 2464 3142 ab

220 3180 347 3216 anno
393 3166 527 3217 1572
571 3167 885 3226 observatae,
938 3183 1046 3216 cum
1096 3169 1519 3217 observationibus
1567 3169 1714 3228 meis,
1772 3166 2019 3231 Tychonis
2067 3165 2368 3229 aliorumque
2418 3173 2466 3216 et

221 3254 330 3288 cum
369 3237 557 3286 calculo
595 3241 912 3289 restitutionis
950 3256 1086 3290 meae
1125 3241 1327 3291 ultimae
1358 3246 1444 3300 (cfr.
1475 3245 1556 3288 vol.
1588 3247 1663 3287 111.
1695 3257 1734 3297 p.
1766 3247 1848 3285 550
1871 3242 1957 3297 ss.).
2017 3238 2127 3287 Non
2165 3239 2266 3287 ulla
2304 3246 2464 3289 tamen

167 3309 169 3311 ’
224 3311 344 3359 mihi
380 3312 596 3376 suppetit
635 3314 827 3361 occasio
865 3313 1201 3376 imprimendi,
1249 3315 1530 3378 priusquam
1581 3313 1924 3374 conquiescant
1969 3310 2021 3359 hi
2058 3317 2219 3360 motus
2260 3310 2466 3361 Germa-

219 3386 346 3433 niae.
424 3382 612 3444 Quodsi
650 3387 838 3434 miseris
875 3391 1028 3433 totam
1066 3392 1114 3435 et
1150 3386 1298 3448 hujus
1336 3385 1569 3450 eclipseos
1607 3386 1720 3434 anni
1748 3381 1884 3434 1621
1927 3389 1975 3432 et
2013 3390 2278 3433 ceterarum
2318 3388 2464 3434 etiam

223 3457 643 3517 observationem,
698 3458 901 3521 augebis
954 3473 1012 3506 ea
1059 3473 1110 3507 re
1158 3459 1276 3506 mihi
1315 3465 1362 3507 et
1398 3458 1698 3523 voluptatem
1738 3463 1786 3505 et
1821 3456 2062 3518 laborem3
2118 3471 2306 3521 semper
2343 3458 2466 3508 haec

221 3529 317 3579 duo
356 3530 593 3593 permixta
630 3533 858 3594 percipie.

365 3601 558 3664 Nagelii
594 3604 828 3652 nonnulla
864 3602 977 3665 legi,
1017 3609 1067 3651 at
1103 3617 1201 3651 non
1240 3617 1315 3662 ea,
1354 3619 1479 3666 quae
1518 3607 1683 3652 contra
1720 3601 2018 3665 Tychonem.
2082 3602 2236 3650 Careo
2265 3608 2312 3652 et
2335 3602 2466 3652 illius

222 3680 270 3724 et
309 3674 530 3724 Severini
569 3681 929 3735 (Longomontani)
981 3681 1028 3723 et
1079 3678 1175 3723 tuis
1228 3677 1446 3738 scriptiS,
1496 3681 1685 3740 praeter
1730 3674 1943 3737 aliquam
1993 3673 2369 3737 disputationem
2407 3676 2466 3726 de

222 3753 371 3801 motuv
394 3746 651 3810 magnetis.
727 3745 781 3794 Si
831 3752 942 3796 ante
990 3763 1143 3797 annos
1194 3748 1440 3812 plusculos
1494 3748 1687 3798 edidisti
1739 3747 2113 3811 disputationem
2151 3746 2210 3796 de
2248 3750 2465 3809 cometis,

225 3836 332 3870 eam
370 3836 448 3870 me
487 3819 667 3869 vidisse
706 3825 852 3885 put03
904 3836 1016 3870 nam
1063 3822 1153 3870 sub
1201 3827 1286 3884 tuo
1334 3823 1529 3874 nomine
1579 3823 1629 3874 in
1666 3819 1844 3875 chartis
1880 3822 2001 3870 meis
2041 3820 2100 3869 de
2137 3820 2230 3871 hac
2265 3823 2467 3873 materia
2527 3821 2531 3824 ’
