2554 4140
1019 150 1156 195 Liber
1184 149 1373 195 Primus.
2215 151 2315 201 125

82 314 340 363 augescere
378 305 427 349 et
459 300 637 347 minui:
684 299 826 348 Luna
861 299 1126 362 Venusque
1166 299 1310 348 etiam
1351 296 1534 345 vultum
1573 301 1783 357 mutant,
1833 298 1979 346 ceteri
2018 297 2230 360 quinque
2268 299 2318 344 in

81 373 210 422 Solis
261 373 482 436 opposito
520 371 867 435 amplissimum
915 371 1301 421 circumfundunt
1351 369 1514 419 lumen
1553 374 1602 419 et
1649 371 1847 419 maximi
1899 371 2156 435 apparent,
2211 369 2320 419 aliis

82 446 376 510 temporibus
413 446 634 493 minores

235 518 393 567 Velim
441 519 628 567 clarius
677 518 885 580 explices
933 517 1201 566 discrimen
1250 517 1338 565 hoc
1386 521 1550 565 motas
1586 514 1822 577 fiaearum
1870 530 1904 563 a
1940 523 2081 566 motu
2123 517 2312 578 plane-

81 598 278 651 tarum,
331 597 390 639 ιιι
437 591 491 639 id
537 593 756 639 incurrit
800 593 855 638 in
907 591 1086 640 oculos.
1162 588 1302 638 Cumv
1331 588 1428 636 fixa
1479 587 1726 652 quaelibet
1762 589 1887 636 intra
1933 590 2075 637 unius
2113 589 2321 639 hominis

81 669 290 712 aetatem
328 663 544 725 quotidie
593 663 763 712 eodem
799 669 956 712 tractu
994 663 1171 712 Terrae
1208 663 1382 711 faciem
1430 666 1656 722 transeat,
1686 660 1921 724 ¹planetae
1970 667 2136 711 contra
2172 664 2322 711 inter-

81 736 195 784 dum
229 735 402 783 humili
439 742 487 784 et
523 736 659 784 brevi
695 751 808 785 arcu
846 742 1118 796 transeunt,
1157 750 1269 783 mox
1307 734 1492 799 prolixo
1531 739 1579 783 et
1615 735 1783 782 vertici
1819 734 2105 798 propinqu0‚
2145 742 2324 799 puncta

83 815 274 857 ortuum
312 814 360 857 et
398 823 656 857 occasuum
694 809 975 857 notabiliter
1009 815 1355 871 permutantes,
1762 827 1765 832 ·

228 880 365 930 Haec
414 881 698 931 vicissitudo
745 884 951 947 primum
987 884 1036 928 in
1075 880 1188 929 Sole
1237 887 1310 929 est
1358 878 1501 927 valde
1550 880 1836 941 conspicua,
1892 893 2036 942 quem
2075 880 2242 929 Venus
2279 887 2326 930 et

79 954 347 1002 Mercurius
383 961 615 1018 perpetuo
655 957 956 1004 comitantur
1030 954 1155 1002 Nam
1181 953 1266 1002 Sol
1304 957 1489 1001 aestate
1527 951 1716 1000 vultum
1755 951 1818 999 ad
1841 952 2089 1001 meridiem
2126 960 2323 1003 verten-

80 1028 208 1074 tibus
246 1041 277 1075 a
313 1028 517 1076 sinistris
558 1035 604 1076 et
642 1043 672 1076 a
709 1035 842 1090 tergo
883 1029 1054 1086 oritur,
1106 1025 1326 1091 pervadit
1365 1026 1600 1074 altissime
1651 1030 1698 1074 et
1737 1039 1761 1073 e
1800 1025 1993 1073 sublimi
2033 1033 2182 1076 terras
2218 1027 2327 1076 ferit

79 1105 363 1162 aestumque
400 1102 578 1149 excitat
615 1107 663 1149 et
701 1101 829 1148 diem
865 1098 1100 1164 producit,
1139 1098 1202 1147 ad
1242 1099 1434 1147 dextras
1473 1112 1588 1147 vero
1620 1112 1807 1146 rursum
1846 1105 1958 1162 post
1980 1105 2167 1162 tergum
2207 1114 2324 1148 con-

81 1173 234 1234 ditur3
288 1173 469 1230 hieme,
500 1175 662 1222 omnia
698 1178 810 1222 sunt
848 1173 1112 1232 contraria,
1166 1177 1213 1220 et
1262 1178 1422 1234 potest
1458 1172 1659 1220 immota
1695 1171 1819 1221 facie
1857 1177 1957 1220 tam
2009 1179 2140 1222 ortus
2179 1188 2325 1236 quam

0 1253 1 1258 ’
82 1239 283 1294 occasus
333 1246 439 1308 ejus
488 1248 715 1311 conspici.
759 1274 761 1276 -
803 1245 942 1294 Hanc
995 1244 1378 1294 vicissitudinem
1429 1244 1570 1291 Luna
1623 1245 1803 1307 patitur
1857 1251 2101 1295 menstruo
2149 1249 2323 1311 spati0,

0 1311 34 1371 ἶ,
85 1319 217 1367 Mars
253 1319 463 1376 biennio,
503 1316 697 1382 Jupiter
735 1318 990 1374 duodecim
1029 1319 1184 1376 anniS,
1224 1317 1469 1366 Saturnus.
1498 1319 1710 1380 triginta.

0 1358 19 1473 ξ’
227 1391 360 1454 Quot
394 1399 514 1440 sunt
548 1395 706 1454 iyitur
743 1407 930 1455 qenera
965 1397 1197 1441 motuum
1233 1397 1520 1440 astronomo
1557 1389 1963 1440 consideranda?
2007 1390 2135 1440 Duo.
2216 1391 2325 1439 Pri-‘

2 1477 3 1494 *
82 1479 188 1512 mus
225 1471 275 1514 et
310 1463 524 1514 secundi.

2 1531 6 1574 i
228 1537 364 1600 Quid
389 1539 651 1600 appellant
673 1544 863 1587 motum
888 1537 1150 1600 primum?
1185 1536 1376 1585 Motum
1400 1536 1755 1601 quotidianum,
1795 1534 1981 1585 Graece
2006 1541 2324 1602 νυχθημερον,

3 1578 6 1673 ἵ
82 1612 165 1673 qui
215 1611 356 1659 nobis
393 1611 508 1659 facit
558 1610 716 1659 sidera
763 1610 886 1671 fixa,
937 1611 1184 1674 planetae,
1225 1610 1413 1657 Lunam
1452 1616 1499 1658 et
1537 1609 1721 1671 Solem,
1773 1608 1994 1672 adeoque
2046 1616 2094 1659 et
2130 1613 2171 1658 si
2210 1610 2327 1674 quid

5 1707 8 1756 ι
80 1683 212 1731 aliud
250 1685 299 1730 in
338 1684 473 1732 coelo
511 1691 598 1745 est,
638 1685 749 1732 oriri
785 1685 845 1732 ab
885 1697 983 1731 una
1018 1682 1166 1747 plaga
1203 1683 1464 1731 horizontiS
1512 1688 1559 1730 et
1597 1684 1643 1729 in
1685 1684 1909 1746 opposita
1948 1683 2186 1733 occidere·
2241 1686 2325 1747 qui

6 1758 8 1763 '
81 1763 240 1805 motus
277 1757 416 1804 nobis
456 1758 504 1804 in
541 1757 635 1805 hac
672 1762 807 1821 par-te
845 1755 1036 1817 mundi,
1077 1755 1266 1805 vultum
1304 1754 1365 1804 ad
1406 1757 1637 1804 orientem
1677 1757 2095 1817 convertentibUS,
2152 1761 2223 1805 est
2261 1758 2323 1805 ab

7 1841 10 1871 ι
84 1836 190 1877 ortu
227 1828 289 1878 ad
317 1829 520 1879 dextras
560 1829 654 1878 Per
678 1830 806 1878 hunc
842 1836 1028 1878 motum
1053 1828 1336 1890 solitarium,
1377 1830 1419 1876 si
1443 1842 1539 1876 non
1564 1829 1845 1877 intercurrat
1883 1834 2042 1879 motus
2068 1818 2322 1891 secundUS,

79 1901 222 1950 stella
267 1902 512 1965 quaelibet
558 1902 726 1951 diebus
767 1903 974 1966 singulis
1019 1916 1117 1951 uno
1167 1908 1215 1951 et
1264 1900 1434 1967 eodem
1482 1902 1747 1950 horizontis
1794 1908 1975 1965 puncto
2028 1905 2138 1951 oriri
2176 1908 2224 1952 et
2263 1903 2323 1951 ad

10 2038 12 2042 .
82 1974 282 2024 eandem
321 1989 507 2040 semper
530 1975 836 2024 altitudinem
874 1976 1019 2040 supra
1050 1975 1299 2040 planitiem
1337 1975 1599 2023 horizontis
1626 1975 1972 2039 aspectabilem
2007 1977 2123 2025 eniti
2148 1982 2324 2040 potest,

10 2043 37 2108 ἒ,
81 2062 362 2111 rursumque
401 2062 498 2097 uno
537 2054 585 2097 et
623 2048 792 2098 eodem
829 2054 1007 2113 puncto
1043 2049 1310 2097 horizontis
1350 2039 1609 2096 decu'mbit.

230 2121 363 2185 Quos
400 2122 664 2184 appellant
698 2129 861 2173 motus
897 2121 1170 2171 secundos?
1208 2122 1373 2169 Motus
1399 2120 1508 2170 illos
1546 2120 1846 2184 singulorum
1870 2121 2174 2186 planetarum
2211 2137 2326 2188 pro—

80 2195 210 2259 prios
258 2200 306 2244 et
358 2193 614 2257 tardioreS‚
664 2197 748 2258 qui
786 2195 1023 2256 efficiunt,
1078 2199 1132 2243 ut
1169 2195 1395 2260 planetae
1441 2208 1538 2242 non
1587 2194 1791 2258 singulis
1832 2194 2001 2244 diebus
2052 2196 2114 2244 ab
2154 2195 2323 2245 eodem

13 2278 17 2336 ᾖ
77 2267 339 2316 horizontis
375 2274 554 2332 puncto
594 2270 808 2318 oriantur
843 2275 891 2318 et
929 2267 1149 2317 occidant
1187 2275 1241 2317 ut
1276 2268 1425 2329 fixae,
1465 2281 1554 2316 nec
1591 2282 1802 2333 semper,
1842 2267 1905 2317 ad
1942 2267 2154 2317 medium
2195 2270 2321 2319 coeli

14 2351 17 2384 ι
82 2343 428 2405 pervenienteS‚
468 2340 671 2391 eandem
713 2347 1032 2406 assequantur
1070 2341 1401 2403 altitudinem,
1442 2356 1531 2391 nec
1568 2343 1714 2391 situm
1753 2341 1959 2391 eundem
1996 2342 2076 2391 vel
2113 2344 2236 2392 intel
2273 2358 2324 2395 se

16 2429 18 2468 i
83 2414 158 2463 vel
198 2413 261 2463 ad
297 2414 419 2462 fixas
456 2417 705 2464 retineant.

16 2509 19 2555 ἶ
231 2487 392 2550 Atque
416 2487 467 2535 hi
494 2496 653 2537 motus
689 2489 832 2537 nobis
871 2490 919 2536 in
956 2488 1049 2537 hac
1074 2487 1253 2537 mundi,
1278 2493 1429 2551 parte,
1470 2487 1656 2536 vultum
1695 2487 1758 2536 ad
1797 2487 2093 2537 occidentem
2132 2494 2326 2536 verten-

17 2588 21 2614 1
82 2561 227 2620 tibus,
266 2559 387 2608 fiunt
423 2561 485 2610 ab
526 2575 701 2610 occasu
742 2553 908 2611 versus
933 2562 1168 2609 sinistras.
1246 2560 1406 2621 Fiunt,
1446 2563 1658 2624 inquam,
1699 2563 1789 2609 etsi
1827 2575 1924 2609 non
1962 2562 2033 2610 ita
2070 2562 2166 2609 sint
2193 2561 2325 2609 obvii

19 2628 21 2678 ἶ
82 2633 235 2682 oculis
273 2640 327 2681 ut
363 2634 558 2697 primus,
599 2637 681 2698 qui
718 2635 853 2684 solus
893 2649 944 2683 se
978 2635 1190 2682 insinuat
1227 2636 1552 2698 experientiae
1588 2633 1837 2682 hominum
1875 2633 1983 2682 rudi
2021 2639 2068 2683 et
2110 2639 2326 2682 contem-

82 2704 343 2771 plationem
380 2706 696 2756 secundorum
736 2708 921 2769 turbat,
967 2707 1208 2771 abripiens
1246 2706 1460 2756 secunda
1497 2707 1697 2756 mobilia
1734 2721 1911 2756 secum.
1986 2706 2327 2769 Intelliguntur

21 2770 24 2829 ‘l
84 2786 244 2829 autem
282 2779 483 2829 secundi
520 2782 589 2829 sic
626 2780 752 2842 fieri,
791 2783 833 2829 si
870 2785 1028 2830 mente
1068 2779 1320 2829 abstrahas
1358 2782 1564 2845 primum
1605 2786 1652 2829 et
1690 2779 1897 2844 plurium
1937 2778 2122 2828 dierum
2161 2780 2327 2829 obser-

23 2905 26 2916 ,
85 2854 306 2903 vationes
346 2854 646 2917 vespertinas
684 2855 807 2908 inter
845 2868 897 2903 se
936 2868 1200 2917 compares,

23 2938 26 2951 ·
168 2929 175 2936 '
232 2926 364 2990 Quot
398 2932 516 2975 sunt
553 2941 668 2989 erqo
700 2933 873 2989 partes
910 2926 1285 2977 astronomiae?
1331 2926 1488 2975 Duae.
1564 2926 1798 2975 Doctrina
1837 2925 2087 2990 sphaerica
2125 2932 2172 2975 et
2211 2925 2328 2976 doc-

86 3000 210 3047 trina
246 2998 476 3049 theorica.

237 3071 374 3120 Unde
399 3073 831 3122 denominantur?
866 3072 1129 3136 Sphaerica
1155 3072 1326 3120 dicitur
1338 3070 1406 3119 ab
1433 3072 1766 3132 instrumento,
1807 3071 2016 3135 sphaera
2040 3072 2224 3121 scilicet
2248 3087 2327 3120 ar·-

84 3143 274 3206 millari,
314 3159 410 3207 quo
450 3147 599 3202 utitur
622 3145 686 3193 ad
725 3145 1058 3210 explicandum
1097 3149 1280 3193 motum
1318 3145 1537 3207 primum.
1613 3143 1850 3194 Theorica
1879 3159 1991 3207 vero
2032 3161 2062 3195 a
2100 3145 2326 3194 theoriis:

87 3217 156 3265 sic
193 3216 412 3267 dicuntur
447 3221 763 3267 instrumenta
799 3218 959 3282 plana,
1001 3218 1176 3281 quibus
1214 3218 1392 3265 utimur
1428 3216 1489 3264 ad
1529 3216 1839 3281 explicandos
1870 3224 2030 3267 motus
2069 3217 2324 3269 secundos,

238 3290 370 3354 Quot
405 3291 545 3340 libris
582 3298 685 3342 tota
714 3291 945 3354 Epitome
981 3290 1211 3340 constat?
1247 3288 1458 3353 Septem.
1505 3289 1681 3339 Tribus
1721 3289 1779 3339 de
1807 3289 2023 3340 doctrina
2060 3291 2328 3356 sphaerica,

91 3362 240 3411 tribus
278 3363 388 3413 aliis
428 3364 485 3412 de
525 3364 741 3414 doctrina
779 3364 1008 3424 theorica,
1051 3369 1098 3413 et
1135 3376 1231 3411 uno
1271 3361 1329 3410 de
1370 3368 1571 3425 utraque
1611 3363 1929 3427 conjunctim,
1970 3380 2057 3414 seu
2097 3364 2154 3414 de
2193 3371 2324 3413 motu

93 3440 294 3485 octavae
331 3437 580 3502 sphaerae.

231 3509 441 3559 Recense
494 3515 797 3573 aryamenta
843 3509 1089 3558 librorum
1137 3508 1196 3555 de
1242 3507 1471 3556 doctrina
1516 3508 1791 3570 sphaerica.
1867 3510 2057 3558 Primus
2104 3510 2182 3558 hic
2220 3516 2329 3573 post

26 3644 30 3652 θ
91 3583 332 3642 generalia
360 3583 593 3632 hactenus
631 3582 871 3646 explicata
897 3581 1119 3644 deinceps
1158 3580 1304 3628 habet
1328 3581 1576 3645 principia,
1618 3584 1792 3646 quibus
1834 3582 2050 3632 doctrina
2076 3583 2326 3647 sphaerica

92 3665 123 3701 a
158 3651 420 3719 Copernico
460 3657 550 3705 suit
587 3655 787 3715 tradita,
840 3668 1099 3716 eorumque
1140 3653 1555 3717 comprobationcs
1596 3663 1643 3704 et
1682 3658 2028 3704 contrariorum
2070 3670 2327 3718 argumen-

23 3745 40 3755 ·’
93 3729 246 3775 torum
285 3727 642 3778 dissolutiones
719 3727 969 3777 Secundus
1007 3725 1214 3790 explicat
1251 3727 1483 3789 originem
1522 3741 1793 3801 causasque
1844 3735 1892 3778 et
1930 3727 2194 3777 divisiones
2234 3729 2326 3776 cir-

94 3798 304 3848 culorum
342 3803 644 3866 partiumque
682 3801 884 3849 aliarum
924 3799 1171 3863 sphaerae,
1212 3812 1308 3861 quo
1347 3787 1659 3847 instrumento
1699 3801 1913 3850 doctrina
1947 3801 2198 3864 sphierica
2237 3799 2327 3847 do-

40 3882 42 3895 *
95 3873 184 3919 ceri
226 3872 380 3923 debet.
456 3875 648 3924 Tertius
686 3877 840 3937 ipsam
879 3874 1141 3922 doctrinam
1180 3870 1479 3935 sphaericam
1520 3888 1602 3934 pei
1640 3880 1800 3937 partes
1840 3874 1996 3924 tradit
