2554 4140
1003 126 1140 173 Liber
1169 123 1360 177 Primus.
1568 112 1569 115 Ἴ
2199 131 2295 178 123

58 292 146 326 ceu
203 292 346 338 vase,
405 275 532 325 unde
577 280 751 340 poetae
802 290 1037 326 oceanum
1086 276 1268 326 faciunt
1327 280 1512 339 patrem
1556 288 1730 323 rerum.
1805 273 1903 322 Alii
1952 279 2120 323 contra
2168 280 2304 322 extra

58 364 290 400 oceanum
341 351 477 398 terris
528 351 866 398 circumfusum
899 349 1064 400 ,alium
1112 348 1389 412 concipiunt
1434 353 1587 396 terrae
1638 346 1871 411 limbum,
1920 348 2001 409 qui
2054 348 2300 396 contiueat

58 437 291 471 oceanum
327 436 387 470 ne
425 421 614 482 effluat,
663 422 906 485 iidemque
959 430 1005 471 et
1043 422 1353 470 substernunt
1391 422 1435 468 ei
1472 426 1647 468 terram
1687 420 1856 469 eadem
1897 420 1955 468 de
1995 434 2167 479 eausa,
2223 419 2294 467 di-

57 501 233 555 043οῐ08,
272 509 425 557 aquas
449 496 673 543 sustineri
711 510 742 543 a
767 497 917 544 terris.
978 495 1176 544 Praeter
1210 494 1301 542 hos
1328 499 1442 541 sunt
1479 500 1526 541 et
1550 493 1691 552 tertii,
1733 493 1907 554 quibus
1947 507 2055 540 eum
2084 507 2299 542 oceanus

58 567 278 616 videatur
317 567 460 616 altior
499 582 603 616 esse
643 570 793 628 terris,
832 569 874 616 si
912 569 1019 630 quis
1057 568 1282 632 inspiciat
1306 566 1444 614 illum
1483 581 1542 614 ex
1578 565 1814 626 litoribus,
1856 564 1966 613 ideo
1994 565 2087 613 illis
2128 566 2299 615 existi-

59 646 216 688 matur
252 646 377 688 terra
416 641 553 702 quasi
593 639 803 689 demissa
839 642 963 688 inter
986 655 1140 703 aquas
1179 638 1370 688 fundari
1409 646 1456 687 et
1494 637 1725 686 custodiri
1766 653 1796 685 a
1824 637 1914 685 Dei
1952 639 2302 701 omnipotentia

56 712 495 777 supernaturaliter,
539 727 599 762 ne
638 715 941 762 imminentes
981 728 1040 762 ex
1079 713 1177 762 alto
1217 726 1375 775 aquae
1413 716 1714 760 revertantur
1751 711 1936 774 operire
1976 724 2097 758 eam.
2128 707 2174 777 ⁷)

206 785 343 848 Quid
364 799 481 835 vero
503 792 693 847 putant
718 787 869 849 vulyo
892 785 1138 834 substerni
1173 788 1377 847 utrique
1403 786 1491 846 rei,
1527 784 1711 832 Terrae
1746 798 1808 831 se.
1849 789 1894 830 et
1917 778 2111 844 Aquis?
2151 784 2302 845 Cogi-

58 859 268 906 tantibns
305 856 589 907 hominibus·
621 858 680 907 de
718 859 1053 920 fundamentO,
1104 861 1182 908 cui
1218 864 1355 908 tanta
1405 863 1636 907 terrarum
1673 855 1824 904 moles
1864 857 2118 913 innitatur,
2179 855 2301 904 adeo

24 938 108 978 -ut
143 936 216 979 tot
247 931 351 992 jam
389 931 565 980 seculis
604 931 738 980 firma
776 938 824 981 et
862 930 1121 980 immobilis
1160 937 1255 979 stet
1287 945 1375 979 nec
1414 930 1636 979 deorsum
1672 929 1905 990 labascat,
1946 928 2098 976 multa
2142 928 2300 976 offun-
2384 948 2389 954 ·

59 1003 185 1051 ditur
224 1003 395 1065 caligo,
436 1005 622 1067 fuitque
661 1010 709 1053 et
746 1005 868 1053 inter
906 1006 1088 1068 priseos
1128 1003 1443 1067 philosophos
1481 1002 1780 1064 HeraclituS‚
1821 1007 1869 1050 et
1907 1003 2030 1050 inter
2067 1000 2302 1050 eeclesia-

55 1077 203 1125 stieos
252 1078 508 1141 scriptores
562 1077 868 1138 LactantiuS,
939 1078 1021 1139 qui
1073 1075 1310 1137 dicerent,
1358 1076 1492 1125 illam
1540 1076 1739 1124 infinitis
1787 1074 2029 1123 radicibus
2081 1066 2303 1123 deorsum

56 1149 264 1198 extendi.

203 1222 339 1285 Quid
374 1223 576 1271 tandem
613 1222 671 1270 de
708 1223 870 1271 altera
894 1221 1076 1270 mundi
1106 1228 1271 1284 parte,
1309 1235 1372 1271 se.
1411 1221 1470 1269 de
1506 1222 1635 1270 coelo
1674 1223 1876 1283 ejusque
1913 1219 2305 1282 maynitudine?

56 1293 257 1363 Coelum
296 1296 571 1344 existimant
606 1295 827 1344 homines
864 1309 960 1343 non
999 1293 1152 1344 multo
1190 1294 1349 1357 majus
1389 1309 1495 1343 esse
1537 1300 1769 1343 terrarum
1809 1294 1949 1355 orbe,
1991 1294 2168 1357 quippe
2210 1294 2303 1341 cir-

56 1365 164 1416 culo
205 1372 416 1417 extremo
455 1370 590 1417 terris
630 1374 677 1417 et
716 1382 898 1417 oceano
937 1382 1218 1428 connexum,
1258 1369 1327 1415 ita
1365 1374 1419 1415 ut
1456 1369 1677 1415 terminet
1715 1372 1893 1427 terras„
1946 1366 2302 1431 progredienti-

55 1441 243 1503 busque
290 1455 348 1490 eo
397 1456 581 1504 usque,
633 1443 677 1489 si
715 1427 1040 1505 fieri'posset,
1097 1455 1203 1496 esse
1244 1454 1501 1498 occursura
1540 1446 1753 1488 extrema
1793 1440 1937 1500 coeli,
1989 1430 2303 1503 impedientia

56 1527 360 1577 progressum
411 1514 700 1564 ulteriorem.
795 1514 869 1562 Ad
915 1530 1060 1577 quam
1107 1514 1354 1562 hominum
1410 1514 1805 1575 imaginationem
1856 1527 1908 1561 se
1964 1511 2301 1562 accommodat

57 1587 202 1634 etiam
240 1583 499 1651 scriptura:
549 1587 606 1636 Si
641 1589 843 1651 fueritis
880 1588 1087 1649 dispersi
1124 1602 1281 1649 usque
1318 1587 1387 1635 ad
1423 1593 1647 1636 extrema
1684 1586 1827 1647 coeli,
1868 1586 1984 1635 inde
2021 1601 2107 1635 vos
2144 1587 2305 1635 recol-

54 1659 225 1721 liqam.
301 1660 379 1708 Ab
415 1663 725 1709 extremitate
761 1664 967 1723 eyressio
991 1662 1111 1722 ejus,
1152 1667 1197 1708 et
1234 1675 1465 1709 occursus
1489 1662 1596 1720 ejus
1632 1674 1790 1722 usque
1827 1659 1895 1707 ad
1940 1661 2303 1709 extremitatem

56 1734 174 1790 eius.
235 1729 338 1798 (Ps.
378 1730 472 1799 19.)
2224 1782 2227 1788 .

199 1805 372 1868 Itaque
419 1809 594 1870 poetae
641 1804 891 1854 Atlantem
938 1812 1175 1868 montem,
1224 1807 1272 1852 in
1325 1812 1537 1855 extremo
1576 1804 1770 1853 Africae
1822 1804 1963 1854 litore
2002 1806 2304 1871 altissimum,

57 1877 279 1926 dixerunt
314 1878 526 1927 humeris
564 1883 754 1942 portare
794 1879 1010 1940 coelum,
1051 1885 1099 1928 et
1136 1879 1379 1928 Homerus
1417 1878 1688 1942 Aethiopas
1728 1876 1935 1926 collocat
1973 1878 2036 1927 ad
2076 1880 2306 1928 extremi-

57 1956 182 1999 tates
220 1956 352 1999 ortus
391 1957 440 2000 et
479 1965 703 2012 oceasuS,
759 1953 1062 2014 existimans„
1110 1952 1275 2001 Solem
1314 1954 1376 2001 ob
1415 1952 1540 2000 hane
1590 1948 1714 2000 coeli
1753 1955 1800 1999 et
1837 1950 2015 2001 Terrae
2064 1954 2306 2016 contigui-

54 2028 204 2072 tatem
241 2023 365 2072 adeo
404 2026 727 2088 propinquum
764 2025 881 2088 ipsis
919 2025 1041 2085 fieri,
1090 2032 1144 2073 ut
1183 2030 1542 2074 eorum‘cutem
1580 2023 1768 2072 adurat.

203 2096 370 2160 Quam
406 2103 596 2159 putant
618 2111 713 2145 esse
753 2099 883 2148 coelo
909 2098 1181 2162 fiyuram‘?
1207 2098 1347 2147 Oculi
1387 2097 1668 2147 adscribunt
1701 2097 1837 2147 coelo
1865 2097 2067 2160 figuram
2097 2099 2305 2159 tentorii,

0 2176 27 2218 ι’
55 2183 197 2232 super
234 2175 399 2218 nostra
430 2171 592 2233 capita
630 2185 871 2234 superque
897 2171 1076 2232 Solem,
1118 2172 1305 2220 Lunam
1333 2177 1381 2220 et
1418 2170 1582 2220 stellas
1608 2172 1823 2234 expansi,
1863 2172 2150 2234 seu‘potius
2176 2171 2307 2233 figu-

0 2275 2 2287 .
53 2255 156 2289 ram
201 2242 423 2304 fornicis,
485 2250 702 2292 terrenae
751 2244 972 2307 planitiei
1025 2246 1317 2306 innitentis,
1350 2259 1465 2293 areu
1515 2243 1685 2293 leniter
1740 2244 1915 2293 arduo:
1970 2246 2039 2294 sic
2092 2250 2145 2292 ut
2194 2259 2307 2306 pars

0 2315 3 2368 ἰ
56 2314 176 2364 coeli
228 2330 376 2379 supra
431 2318 655 2365 verticem
714 2319 777 2365 sit
831 2317 984 2366 multo
1040 2320 1236 2381 propior
1290 2319 1578 2381 spectatori,
1641 2331 1787 2380 quam
1840 2324 2004 2380 partes
2059 2318 2306 2366 montibus

56 2389 325 2452 contiguae.

203 2461 342 2524 Quid
374 2477 525 2524 super
561 2470 702 2512 motu
738 2466 1030 2526 concipiunt
1065 2463 1324 2512 homines?
1381 2462 1581 2512 Coelum
1618 2468 1933 2512 moveaturne
1973 2477 2035 2512 an
2074 2464 2304 2526 quiescat,

0 2572 5 2601 ‚
58 2534 167 2582 visu
202 2548 300 2583 non
339 2534 636 2598 discernitur,
677 2538 856 2600 quippe
895 2537 1001 2599 ejus
1039 2537 1340 2585 substantiae
1368 2538 1579 2586 tenuitas
1619 2537 1786 2600 effugit
1814 2536 1995 2597 oeulos,
2037 2538 2133 2585 nisi
2160 2536 2306 2599 quod,

0 2619 2 2662 ς
56 2619 181 2669 quae
217 2606 398 2656 nullam
439 2607 594 2658 oeulis
614 2611 898 2659 varietatem
936 2610 1185 2672 objiciunt,
1226 2611 1475 2672 quiescere
1503 2609 1740 2658 videntur,
1807 2610 1950 2670 Solis,
1991 2609 2158 2658 Lunae
2187 2609 2308 2657 stel-

0 2672 7 2710 ¹³
54 2677 303 2743 latumque
342 2681 428 2729 alii
466 2687 612 2744 atque
651 2682 735 2731 alii
781 2684 902 2731 situs
940 2683 1002 2731 ad
1042 2684 1369 2732 extremitates
1408 2683 1664 2732 Terrarum
1702 2682 2024 2745 aspectabiles
2062 2684 2309 2732 incurrunt

8 2780 9 2787 κ
54 2751 104 2799 in
152 2752 335 2802 oeulos.
412 2754 601 2803 Etenim
653 2755 843 2804 videtur
880 2755 964 2804 Sol
1015 2758 1124 2805 nisu
1169 2754 1380 2819 quodam
1429 2757 1554 2806 inter
1605 2757 1793 2805 coelum
1833 2762 1881 2805 et
1933 2761 2120 2804 montes
2161 2769 2307 2804 ocea-

55 2836 229 2875 nnmve
267 2826 540 2876 immobiles
588 2842 828 2891 emergere
877 2835 925 2877 et
972 2831 1111 2892 quasi
1151 2844 1176 2877 e
1217 2829 1430 2877 thalamo
1471 2830 1626 2888 exire,
1684 2829 1950 2891 eodemque
1998 2829 2141 2877 modo
2183 2828 2306 2878 coeli

8 2903 11 2946 ἱ
55 2896 280 2949 fornicem
317 2914 540 2949 emensus
574 2902 624 2947 in
663 2903 889 2964 opposita
913 2902 1062 2965 plaga
1099 2917 1206 2951 sese
1231 2917 1417 2951 rursum
1458 2901 1679 2963 condere,
1719 2904 1788 2950 sie
1828 2903 1973 2950 etiam
2002 2902 2155 2962 Luna,
2195 2901 2306 2964 pla-

56 2975 195 3021 netae
243 2977 471 3035 totusque
524 2973 739 3037 reliquus
786 2973 1032 3023 stellarum
1092 2977 1354 3036 exercitus,
1414 2977 1555 3038 quasi
1610 2974 1925 3037 procederent
1975 2976 2208 3024 instructa
2259 2982 2306 3023 et

57 3041 176 3094 bene
214 3046 454 3114 custodita
493 3048 612 3106 acie,
652 3048 781 3109 prior
818 3046 952 3108 haec,
996 3047 1080 3096 illa
1117 3050 1354 3110 posterior
1393 3047 1670 3107 discedenS,
1713 3047 1962 3111 quaelibet
1999 3062 2087 3097 suo
2128 3048 2307 3097 ordine.

195 3117 369 3182 Itaque
409 3134 518 3167 cum
555 3127 667 3182 post
705 3119 899 3169 ultimas
938 3127 1089 3170 terras
1129 3127 1348 3169 occurrat
1387 3135 1612 3180 oceanus,
1655 3121 1830 3183 vulgus
1865 3120 2115 3170 hominum
2153 3129 2306 3185 putat,

2 3186 8 3262 1
57 3186 215 3239 Solem
265 3193 315 3239 in
362 3206 596 3241 oceanum
646 3194 863 3255 immergi
923 3195 1262 3257 exstinguique
1313 3201 1360 3242 et
1409 3193 1625 3256 quotidie
1685 3196 1731 3241 in
1786 3195 2011 3258 opposita
2060 3201 2198 3259 parte
2251 3211 2307 3244 ex

4 3266 8 3311 1
60 3273 237 3311 oceano
287 3266 416 3313 exire
466 3279 662 3314 novum.
740 3265 848 3314 Hoc
889 3266 1033 3328 igitur
1070 3268 1317 3314 imitantur
1367 3270 1539 3328 poe'tae
1578 3268 1679 3315 suis
1719 3268 2013 3316 fictionibus,
2092 3268 2218 3330 Quin
2260 3275 2308 3316 et

0 3313 12 3429 δ
54 3332 327 3399 philosophi
377 3338 576 3401 qnidam
613 3338 951 3402 prodiderunt,
1003 3341 1051 3385 in
1102 3338 1283 3387 ultimis
1324 3338 1605 3388 Lusitaniae
1655 3339 1875 3390 litoribus
1925 3340 2142 3391 exaudiri
2194 3343 2306 3390 stri-

7 3442 11 3482 2
57 3404 217 3457 dorem
254 3412 439 3472 oceani,
479 3412 697 3460 flammas
735 3411 864 3460 Solis
903 3413 1270 3474 exstinguentis,
1311 3418 1363 3459 ut
1401 3410 1574 3461 Strabo
1615 3421 1972 3463 commemorat.

9 3488 12 3526 t
196 3481 275 3530 De
309 3485 662 3546 maqnimdine
699 3491 955 3534 astrorum
996 3484 1120 3547 quid
1155 3486 1332 3533 statuit
1367 3486 1584 3547 vulqus?
1629 3486 1736 3535 Non
1777 3488 1947 3536 eadem
1986 3502 2175 3550 semper
2212 3502 2306 3550 pu-

0 3540 14 3615 l
59 3555 183 3599 tatur
208 3569 324 3623 ‚esse
362 3570 528 3605 eorum
565 3558 867 3622 magnitudo.
948 3556 1032 3606 Sol
1071 3557 1221 3617 enim,
1276 3571 1383 3606 eum
1423 3561 1571 3607 oritur
1608 3566 1692 3608 aut
1732 3575 1837 3609 eum
1881 3560 2084 3621 occidit,
2138 3562 2308 3623 ingens

11 3619 14 3686 ζ
59 3633 271 3689 apparet,
311 3629 476 3692 itaque
514 3632 563 3678 in
605 3632 884 3695 egressione
925 3636 971 3679 et
1010 3630 1245 3693 principio
1284 3644 1450 3680 cursus
1491 3638 1798 3695 eomparatur
1823 3633 2023 3696 Giganti
2063 3631 2161 3700 (Ps.
2212 3632 2306 3696 19).

0 3696 21 3773 j
58 3693 137 3746 Sic
171 3697 333 3764 Luna,
387 3717 493 3751 eum
532 3702 676 3768 pleno
718 3703 853 3754 vultu
893 3705 1066 3763 oritur,
1120 3704 1282 3765 magni
1321 3706 1453 3753 vasis
1506 3706 1670 3754 orbem
1722 3722 1807 3755 seu
1856 3706 2057 3755 fundum
2097 3721 2307 3770 aequare

0 3778 19 3844 'j
59 3767 260 3821 videtur.
334 3775 540 3839 Propius
588 3779 816 3828 verticem
855 3777 937 3826 ubi
978 3776 1152 3825 fuerint
1189 3775 1274 3825 Sol
1312 3782 1360 3826 et
1396 3777 1558 3840 Luna,
1613 3778 1812 3828 humani
1850 3781 1948 3829 fere
1988 3779 2161 3827 vultus
2191 3779 2306 3825 lati-

13 3856 18 3937 t
57 3840 268 3903 &dinem
303 3862 419 3911 prae
456 3863 509 3898 se
547 3849 720 3911 ferunt,
761 3852 884 3900 inter
922 3864 973 3899 se
1013 3849 1244 3912 aequales
1283 3854 1331 3900 et
1368 3848 1486 3901 disci
1524 3851 1659 3915 plani
1698 3853 1943 3903 circularis
1983 3852 2148 3916 figura.
2227 3849 2307 3899 Sic

14 4027 21 4106 ³
