2554 4140
980 156 1209 223 Rraefatio
1240 162 1287 203 et
1317 157 1568 215 Epistulae.
2299 157 2400 205 633

211 343 214 345 .
291 306 384 354 Die
426 303 568 374 9ll9.
599 308 715 370 Apr.
761 310 895 356 1627
935 309 1190 373 KepleruS‚
1229 309 1507 372 praemissis
1534 306 1744 371 querelis
1783 305 1843 357 de
1871 304 1982 355 -filio
2016 317 2106 354 suo
2131 301 2405 367 LudovicO,

151 378 275 426 haec
314 379 397 426 dat
435 379 753 429 Schickardo:
797 381 846 432 S.
886 382 942 429 P.
981 383 1044 431 D.
1123 381 1290 431 Habes
1328 382 1408 430 hic
1445 383 1477 428 4
1515 383 1722 444 paginas
1759 380 2083 439 Tabularum,
2127 374 2403 440 jungendas

147 450 271 510 illis,
325 466 447 513 quas
486 453 635 502 habet
674 454 738 502 D.
780 455 948 503 Abbas
987 455 1374 504 Bebenhusanus
1413 454 1475 501 D.
1515 453 1580 501 Μ.
1622 452 1884 501 HitzleruS.
1962 450 2203 510 Obsecro,
2245 462 2405 497 acrem

148 529 194 571 te
232 537 345 584 gere
384 539 647 586 censorem,
689 521 970 590 pracsertim
1006 530 1054 575 in
1096 529 1380 592 praeceptiS‚
1429 533 1483 574 ut
1520 527 1695 575 clarius
1733 526 1866 588 loqui
1907 531 1955 573 et
1993 524 2164 572 docere
2206 522 2405 581 discam,

147 595 235 644 sed
274 602 322 644 et
361 598 407 643 in
447 598 567 647 locis
594 614 916 662 quaecunque
939 602 1031 649 tibi
1058 605 1313 650 occurrunt
1339 599 1647 664 opponenda.
1711 598 1928 647 Tabulas
1954 597 2210 646 Piscatorii
2236 608 2408 645 reeen-

145 669 357 716 tissimas
395 685 503 718 sum
541 677 751 734 secutuS,
792 689 919 736 quae
957 674 1168 737 spatium
1205 675 1328 723 inter
1354 672 1578 734 Belgium
1607 678 1655 721 et
1680 671 1889 719 Daniam
1919 670 2223 718 contrahunt.
2286 667 2408 730 Ejus

144 741 311 790 Scotia
347 741 527 792 lineam
568 745 699 794 ducit
738 747 1008 796 notabilem
1046 749 1096 795 in
1123 747 1408 795 Lusitaniae
1446 747 1605 794 litora.
1671 745 1802 792 Dum
1841 745 1989 806 igitur
2015 743 2255 791 admoveo
2282 740 2406 789 Sco-

146 816 264 862 tiam
308 817 474 877 nobiS‚
532 820 671 880 sequi
718 821 844 883 jussi
890 821 1221 880 Lusitaniam,
1276 820 1562 882 praesertim
1615 817 1672 866 de
1724 816 1894 866 Snellii
1942 817 2195 863 sententia.
2276 813 2405 880 Dedi

148 902 365 950 operam,
421 897 474 936 ut
513 895 878 941 constrictiones
919 897 1040 942 istae
1079 895 1129 958 in
1167 893 1453 956 Apennino,
1511 891 1744 955 Alpibus,
1800 889 2054 953 Pyrenaeo
2101 889 2406 951 potissimum

146 961 522 1023 occultarentur,
547 965 695 1029 ,quod
735 968 908 1015 itinera
945 966 1178 1030 impedita
1205 972 1253 1014 et
1282 966 1500 1013 flexuosa
1525 966 1636 1012 sint.
1712 963 1968 1011 Moscuam
1997 960 2220 1021 extendo,
2262 973 2404 1008 secu-

145 1041 224 1081 tus
261 1036 474 1083 rationes
515 1039 802 1097 itinerariaS‚
843 1047 897 1087 ut
934 1047 983 1086 et
1021 1042 1069 1086 in
1097 1039 1338 1101 Hispania
1373 1036 1676 1102 adducenda.
1739 1035 1935 1098 Ubi-que
1973 1033 2055 1082 vel
2090 1034 2407 1082 auctoritates
2446 1050 2447 1054 ¹

148 1107 224 1155 vel
263 1110 475 1157 rationes
513 1117 710 1159 secutus
757 1112 876 1159 mihi
915 1111 1107 1176 videor;
1162 1112 1266 1160 fieri
1305 1117 1466 1159 tamen
1506 1116 1695 1174 potest,
1750 1115 1803 1157 ut
1841 1107 2168 1157 aberraverim
2221 1121 2251 1154 a
2291 1119 2406 1168 pro-

143 1182 318 1243 posito,
395 1181 561 1230 Habes
614 1191 779 1233 autem
830 1192 974 1248 typos
1022 1186 1053 1231 4
1093 1184 1474 1233 semicirculares
1527 1182 1687 1231 colore
1742 1181 1881 1230 viridi
1933 1196 1998 1230 ex.
2038 1180 2204 1242 lignea
2252 1179 2408 1228 forma

145 1253 391 1314 quondam
434 1255 627 1319 Apiani‚
668 1272 816 1319 quam
854 1258 934 1306 hic
971 1265 1139 1306 mutuo
1179 1258 1347 1308 sumsi.
1426 1256 1502 1304 Tu
1540 1257 1714 1317 insere,
1754 1257 1885 1318 prius
1925 1260 2089 1302 tamen
2130 1253 2253 1301 bene
2293 1252 2407 1315 glu-

147 1327 313 1374 tinatis
377 1335 425 1375 et
475 1329 822 1391 complanatiS‚
876 1336 925 1379 ct
971 1331 1156 1392 scribe,
1209 1335 1485 1393 praestetne
1533 1328 1702 1378 radere
1758 1333 1806 1378 et
1842 1327 2021 1376 rodere
2072 1341 2295 1390 cuprum,
2345 1340 2408 1374 an

144 1399 381 1462 sculpere,
425 1406 472 1448 et
510 1410 669 1449 utrum
709 1405 908 1452 minoris
948 1403 1178 1452 sumtus?
1232 1403 1533 1464 Noribergae
1571 1416 1708 1451 lasor
1745 1407 1818 1451 est
1857 1402 2080 1464 egregius
2110 1398 2404 1466 (Gravirer).

143 1472 308 1520 Insere
347 1473 543 1531 directe,
584 1489 699 1524 cura
739 1476 988 1525 ev·e1tendi
1027 1479 1180 1527 rasori
1219 1477 1534 1538 relinquatur
2173 1508 2176 1511 -

288 1546 394 1593 Etsi
419 1545 727 1597 Jansonius'
715 1565 762 1596 ln
791 1550 910 1598 locis
938 1566 967 1598 a
993 1565 1069 1598 me
1097 1551 1203 1612 sign
1209 1552 1302 1597 atis
1329 1551 1376 1595 in
1399 1549 1625 1612 catalogo
1653 1550 1806 1598 teneri
1838 1563 1934 1597 non
1954 1553 2116 1612 potest
2151 1549 2200 1594 in
2227 1560 2410 1614 mappa

144 1633 235 1666 sua
271 1620 554 1676 universali,
594 1624 685 1670 etsi
724 1625 871 1671 etiam
908 1623 1052 1672 litora
1097 1624 1368 1686 Hispaniae
1408 1628 1500 1671 etc.
1541 1625 1680 1686 sequi
1714 1622 1893 1671 debent
1931 1622 2074 1670 urbes
2114 1636 2144 1669 a
2181 1635 2258 1668 me
2298 1621 2404 1680 sig-

143 1697 283 1739 natas
322 1707 408 1756 pro
448 1708 566 1741 suae
607 1698 981 1759 propinquitatis
1019 1699 1234 1756 ratione,
1291 1704 1452 1744 tamen
1496 1696 1601 1758 jam
1639 1697 1688 1742 in
1729 1710 1859 1744 novo
1901 1695 2015 1743 orbe
2054 1694 2204 1743 velim
2242 1694 2406 1741 stricte

143 1767 295 1813 teneri
335 1765 647 1834 Jansonium,
686 1771 735 1815 in
764 1770 983 1818 Canariis
1023 1775 1071 1817 et
1105 1770 1344 1818 Asoribus
1383 1769 1708 1830 intervallum,
1751 1768 1882 1831 q'uod
1921 1769 2135 1816 futurum
2175 1771 2247 1816 est
2285 1767 2409 1813 inter

141 1837 434 1901 Hispaniam
462 1840 774 1904 Africamque
812 1858 969 1891 meam
1009 1848 1056 1892 et
1082 1843 1344 1892 Peruviam
1385 1842 1756 1903 Jansonianam,
1797 1843 2107 1906 proportione
2134 1855 2192 1890 ea
2230 1852 2409 1888 accen-

144 1913 260 1972 seri,
303 1927 428 1974 quae
466 1928 595 1963 nunc
633 1917 807 1964 visitur
846 1916 974 1980 apud
1014 1915 1329 1975 Jansonium,
1378 1921 1433 1963 ut
1471 1918 1588 1978 quia
1630 1915 1713 1963 ille
1755 1914 1847 1963 -dat
1884 1915 2123 1963 Hnennae
2172 1911 2264 1962 36⁰
2306 1908 2409 1971 45⁴,

144 1999 237 2047 ego
279 1982 372 2033 90ο
409 1986 488 2034 vel
527 1987 576 2037 h.
618 1990 667 2037 Ο.
710 1991 764 2050 O,
822 1990 1047 2038 omnibus
1086 2004 1200 2052 ergo
1240 1989 1561 2038 Jansonianis
1600 2003 1631 2037 a
1667 2004 1743 2037 me
1781 2003 1879 2037 non
1920 1988 2126 2050 signatis
2181 1989 2228 2034 in
2269 1991 2410 2034 cata-

142 2058 258 2120 logo
296 2073 385 2107 nec
422 2063 706 2124 propinquis
747 2061 987 2111 addantur
1029 2060 1121 2111 530
1164 2062 1261 2111 15‘.
1325 2062 1382 2110 Id
1411 2062 1503 2110 hoc
1547 2068 1849 2124 argumente,
1892 2063 2007 2124 quia
2045 2062 2205 2109 fluxus
2240 2059 2410 2107 oceani

146 2139 410 2194 perpetuus
452 2140 525 2181 est
564 2137 613 2181 in
654 2136 969 2195 occidentem,
1011 2142 1059 2184 et
1088 2136 1374 2200 plerumque
1402 2137 1713 2198 experiuntur
1739 2141 1935 2195 nautae,
1977 2149 2030 2183 se
2056 2135 2190 2182 fluxu
2219 2132 2408 2180 delatos

146 2207 194 2251 in
235 2205 535 2255 occidentem
576 2208 703 2257 ultra
729 2209 882 2271 leges
903 2224 1021 2258 suae
1045 2209 1291 2258 bussolae.
1349 2209 1420 2256 Eo
1447 2211 1643 2257 nomine
1671 2210 1817 2257 etiam
1845 2210 2000 2256 ausim
2026 2207 2409 2270 promontorium

39 2344 42 2356 .
111 2275 302 2326 'bonae
342 2281 445 2342 spei
486 2274 805 2332 subordinare
844 2283 1111 2332 meridiano
1142 2283 1398 2342 Hnennae,
1440 2284 1532 2331 etsi
1556 2282 1826 2332 Jansonius
1865 2282 1916 2349 id
1952 2282 2071 2330 facit
2098 2279 2409 2340 orientalius3

144 2350 193 2398 id
234 2351 425 2415 (ceteris
461 2354 657 2403 incertis
710 2363 758 2404 et
795 2356 975 2420 dubiis)
1012 2358 1272 2420 praecipue
1313 2356 1375 2403 ob
1415 2355 1490 2416 id,
1544 2361 1597 2403 ut
1634 2355 1874 2404 Hnennae
1924 2353 2223 2403 meridianus
2266 2353 2411 2415 'quasi

143 2426 379 2473 naturalis
421 2426 660 2487 videatur,
701 2444 785 2491 per
823 2429 1089 2477 latissimas
1130 2430 1479 2478 continentium
1518 2429 1743 2492 Europae
1783 2436 1831 2478 et
1853 2429 2047 2477 Africae
2086 2441 2196 2476 oras
2237 2440 2411 2475 excur-

144 2513 270 2546 rens.
344 2499 470 2546 Nam
521 2507 569 2548 et
619 2501 831 2565 nordcap
881 2517 933 2549 se
972 2503 1241 2565 praebebit.
1319 2500 1416 2550 Sed
1465 2500 1605 2565 plura
1653 2503 1871 2552 monebit
1917 2515 2174 2550 successus
2215 2514 2406 2563 operae.

147 2570 291 2631 Quod
329 2571 535 2621 Moscua
581 2579 717 2622 tanto
767 2577 974 2622 excurrit
1024 2578 1072 2622 in
1124 2577 1357 2624 orientem
1411 2589 1472 2622 ne
1522 2572 1789 2624 movearis}
1842 2576 2005 2623 nautis
2053 2576 2230 2622 nostris
2282 2574 2411 2621 circa

144 2643 288 2692 litora
329 2646 501 2692 oceani
539 2647 649 2709 plus
689 2647 816 2707 fidei,
857 2646 1086 2696 Straboni
1126 2649 1254 2697 circa
1290 2646 1658 2697 mediterranea.
1727 2647 1816 2697 Ille
1857 2662 1972 2697 vero
2001 2647 2206 2709 Caspias
2245 2650 2410 2709 portas

145 2731 253 2764 cum
293 2721 622 2778 promontorio
662 2720 998 2779 Caramaniae‚
1039 2720 1172 2783 quod
1208 2722 1383 2769 fretum
1422 2722 1614 2783 stringit
1653 2722 1787 2769 sinus
1829 2721 2028 2781 Persici,
2068 2720 2158 2768 sub
2199 2717 2407 2767 eundem

146 2792 285 2852 qnasi
325 2790 642 2839 meridianum
683 2794 857 2843 referre
900 2794 1103 2842 videtur.
1181 2794 1238 2841 In
1278 2808 1461 2843 oceano
1487 2794 1656 2843 Indico
1697 2795 1790 2843 hoc
1828 2793 2008 2856 adjicio
2047 2792 2317 2850 audaciae,
2357 2797 2412 2839 ut

146 2864 337 2911 Africae
390 2864 534 2912 litora
581 2872 846 2928 sequantur
892 2874 1039 2929 caput
1090 2868 1260 2916 Bonae
1311 2867 1430 2931 Spei
1481 2868 1737 2930 (quantum
1790 2867 1939 2929 hujus
1995 2867 2242 2929 patientur
2297 2863 2409 2913 loca

144 2935 329 2996 Indiae,
365 2936 468 2997 jam
509 2940 554 2984 in
597 2939 873 3002 catalogum
912 2942 1109 2989 inserta.
1187 2940 1285 2988 Sed
1338 2947 1386 2988 et
1424 2939 1649 2989 Sinarum
1701 2940 1784 2988 ille
1823 2941 2000 2987 nimius
2050 2952 2306 3001 procursus
2360 2939 2409 2984 in

146 3011 377 3057 orientem
418 3013 640 3073 restringi
679 3013 894 3075 posset),
938 3015 1127 3062 etiamsi
1165 3015 1237 3061 sic
1274 3013 1406 3061 illius
1434 3019 1651 3062 extrema
1690 3019 1738 3062 et
1764 3012 1982 3077 Japonia
2018 3012 2214 3078 longius
2250 3009 2410 3060 divel-
2464 3016 2467 3017 ’

144 3081 272 3129 latur
325 3083 387 3130 ab
439 3083 728 3133 occidentali
777 3085 917 3133 litore
972 3086 1227 3136 Peruanae
1281 3086 1342 3134 ob
1395 3100 1569 3135 causas
1619 3086 1838 3145 easdem,
1893 3101 2017 3149 quas
2069 3085 2203 3147 prius
2252 3085 2407 3147 tetigi.

147 3155 244 3203 Eae
294 3170 387 3203 non
431 3158 593 3205 valent
651 3163 735 3205 aut
787 3155 883 3206 non
938 3164 1126 3207 tantum
1176 3158 1346 3207 valent
1391 3160 1438 3206 in
1491 3173 1674 3208 oceano
1714 3159 1884 3208 Indico
1925 3157 2303 3207 orientalissimo
2345 3158 2407 3206 ob

147 3227 453 3276 crebritatem
511 3230 794 3279 insularum.
884 3231 1054 3294 quue
1110 3234 1157 3278 in
1213 3233 1411 3280 arbitrio
1457 3234 1672 3293 retine0,
1734 3233 1776 3279 si
1833 3230 2181 3282 occidentalius
2233 3231 2409 3279 facturi

145 3315 311 3347 sumus
351 3310 498 3365 caput
537 3305 694 3351 bonae
734 3304 861 3365 spei,
904 3304 1050 3366 idque
1088 3304 1268 3365 multe,
1327 3304 1432 3366 ejus
1471 3306 1863 3369 transpositionis
1893 3306 2197 3368 potissimam
2221 3310 2409 3367 partem

145 3372 420 3436 impendere
455 3374 680 3424 litoribus
707 3377 915 3436 Africae,
958 3377 1131 3425 exinde
1184 3379 1230 3423 in
1272 3378 1506 3426 orientem
1548 3376 1879 3437 extendendis,
1931 3386 1985 3427 ut
2025 3377 2138 3426 dixi.
2219 3376 2407 3439 Gangis

146 3447 288 3494 etiam
329 3447 486 3497 fontes
524 3456 745 3511 respectu
797 3444 1029 3497 ostiorum
1081 3451 1226 3497 nimis
1266 3449 1526 3499 orientales
1578 3451 1736 3499 facere
1784 3450 1976 3499 videtur
2012 3450 2308 3510 Jansonius,
2366 3452 2405 3497 si

145 3517 373 3587 Straboni
411 3522 561 3583 fides3
601 3529 648 3570 et
687 3523 796 3585 quis
835 3521 917 3570 illo
958 3522 1218 3570 dilucidius
1259 3521 1318 3570 de
1359 3521 1500 3570 India
1538 3523 1772 3586 scripsit?
1835 3523 2007 3587 Itaque
2036 3524 2251 3574 Persiam
2293 3537 2406 3570 ver-

144 3605 226 3660 sus
265 3597 619 3655 septentriones
661 3597 894 3643 coarctari
935 3595 1154 3643 nonnihil
1195 3593 1327 3643 haud
1367 3597 1615 3656 nocuerit,
1672 3602 1724 3644 ut
1765 3595 1962 3660 Ganges
2009 3614 2038 3646 a
2076 3598 2209 3646 fonte
2250 3597 2405 3657 magis

147 3665 192 3710 in
232 3667 464 3715 orientem
503 3668 747 3717 fundatur.

288 3738 432 3787 Mitto
471 3741 558 3788 has
597 3756 682 3805 per
720 3741 869 3789 filiam
910 3740 971 3789 D.
1013 3738 1193 3787 Blossii
1233 3755 1277 3802 p.
1318 3755 1407 3800 m.,
1459 3755 1604 3802 quam
1644 3742 1986 3805 intempestive
2038 3744 2218 3792 excivit
2273 3741 2404 3789 fama

96 3819 102 3826 ‘
147 3810 275 3872 apud
326 3826 416 3860 vos
454 3811 525 3878 (ut
563 3814 625 3861 ad
664 3816 817 3876 ipsam
856 3810 1186 3876 perscribitur)
1223 3827 1393 3875 sparsa
1447 3813 1505 3861 (le
1551 3814 1704 3876 ipsius
1754 3817 2025 3879 puerperio.
2102 3817 2404 3864 Decreverat

148 3885 305 3944 patrui
345 3887 626 3934 comitatum
667 3894 963 3949 exspectare.
1041 3884 1170 3947 Quid
1220 3885 1306 3933 illa
1346 3884 1526 3936 dudum
1566 3886 1695 3950 apud
1737 3902 1825 3937 vos
1864 3890 2116 3951 meruerit,
2168 3888 2231 3939 ob
2273 3886 2404 3950 quod
