2554 4140
796 107 1031 165 Excerpta
1059 119 1115 152 ex
1146 104 1332 153 Tabulis
1353 104 1672 163 Rudolphinis.
2261 109 2363 158 5⁷3

104 251 358 309 stitialibus,
390 253 479 299 ista
510 251 565 296 ab
597 264 796 308 apogaeo
827 252 899 297 vel
928 252 1140 310 perigaeo
1174 251 1307 297 Solis.
1368 251 1531 307 Itaque
1563 250 1676 296 duos
1708 249 1853 296 solum
1881 249 2101 295 habemus
2128 261 2275 294 annos
2307 261 2365 294 ex

103 320 222 376 omni
251 333 360 366 aevo
391 322 638 372 transacto,
671 330 773 361 cum
804 318 1041 373 utriusque
1056 329 1227 362 causae
1257 315 1482 372 principia
1512 322 1853 372 concurrerunt,
1885 321 1991 360 ante
2017 315 2185 361 Christi
2214 327 2365 360 aeram

102 384 365 431 hodiernam
395 397 515 431 anno
547 383 676 428 3993.
706 383 776 427 24.
809 382 1004 439 Aprilis,
1045 397 1145 428 cum
1189 381 1267 427 Sol
1305 386 1351 426 et
1389 395 1642 438 apogaeum
1672 383 1729 440 Θ
1770 381 1817 425 ιιι
1856 381 1908 426 0⁰
1939 384 1991 428 V
2023 379 2131 437 fuit,
2172 384 2218 424 et
2259 384 2366 436 post

105 451 330 496 Christum
361 465 478 503 anno
513 450 638 495 1466.
677 449 744 493 14.
777 450 917 506 Junii,
950 450 1200 495 cumidem
1232 446 1352 494 Solis
1384 461 1635 504 apogaeum
1666 455 1712 492 et
1744 446 1822 491 Sol
1851 446 1949 502 ipse
1978 446 2026 489 in
2056 447 2108 491 00
2136 450 2192 498 Ξ
2224 443 2320 489 fuit.

270 518 358 563 Est
389 515 571 574 quidem
594 519 639 558 et
659 515 794 560 tertia
816 529 954 561 causa
974 513 1290 570 astronomica,
1325 525 1441 569 quae
1462 519 1641 568 tempus
1665 511 1853 568 aequari
1871 510 2085 566 postulet,
2114 509 2366 566 inaequalis

15 578 18 579 ⁷
100 580 272 625 scilicet
301 581 560 639 praecessio
591 585 864 636 punctorum
888 580 1301 638 aequinoctialium,
1333 590 1392 621 ex
1412 578 1665 622 mutatione
1689 575 1967 634 obliquitatis
1990 575 2225 631 eclipticae
2246 580 2363 630 orta3

102 647 183 692 sed
212 648 325 693 haec
355 648 545 692 mutatio
579 651 624 690 et
653 647 825 692 incerta
858 655 949 704 est,
995 649 1067 693 vel
1095 650 1143 693 in
1173 661 1238 704 re,
1269 647 1341 692 vel
1373 646 1532 691 saltem
1562 645 1610 689 in
1638 644 1800 699 modo,
1840 650 1891 688 ut
1929 657 2012 688 suo
2042 644 2142 687 loco
2176 642 2365 699 dicetur,

101 719 147 758 et
173 712 220 756 in
249 719 342 757 tam
371 713 498 757 brevi
529 712 783 757 seculorum
815 713 1028 770 decursu,
1070 713 1247 758 etiamsi
1278 717 1400 757 esset
1441 715 1488 756 et
1517 710 1710 755 sciretur
1741 709 1962 765 dilucide,
2003 709 2175 754 nullam
2212 712 2366 752 tamen

101 778 358 823 sensibilem
389 777 688 823 differentiam
704 784 958 836 temporum
973 783 1220 824 acervaret
1278 778 1441 833 Itaque
1467 776 1572 833 J‘ure
1591 775 1670 819 illa
1700 773 1771 819 vel
1803 774 2036 832 omittitur,
2067 773 2139 818 vel
2160 772 2199 819 si
2229 772 2366 817 etiam

101 843 172 892 sit,
202 842 525 888 dissimulatur.

240 915 356 960 Nam
378 916 520 961 altera
548 916 627 961 illa
658 916 1064 973 aequinoctiorum
1074 916 1325 973 inaequalis
1355 914 1614 971 incidentia,
1647 925 1762 970 quae
1794 918 1864 958 est
1887 925 1942 957 ex
1974 911 2170 956 transitu
2201 925 2366 968 aequa-

98 981 270 1026 tionum
301 981 419 1026 Solis
450 995 507 1026 ex
539 982 850 1027 solstitialibus
881 982 1062 1038 punctis
1099 981 1147 1025 in
1186 979 1558 1038 aequinoctialia,
1596 993 1687 1024 non
1728 979 1934 1025 locorum
1974 990 2055 1022 seu
2094 982 2367 1033 punctorum

99 1047 332 1104 eclipticae
363 1052 446 1104 est,
479 1047 559 1092 sed
588 1052 915 1092 momentorum
944 1047 1188 1105 temporis,
1225 1061 1340 1103 quae
1372 1060 1537 1092 annum
1571 1045 1820 1102 tropicum,
1864 1045 1920 1090 ab
1953 1042 2238 1100 aequinoctio
2269 1055 2366 1087 ver-

99 1112 191 1159 nali
220 1118 453 1170 coeptum,
492 1113 712 1158 hactenus
743 1112 1093 1170 prolongarunt,
1134 1114 1190 1158 ab
1215 1113 1480 1157 autumnali
1520 1111 1858 1168 abbreviarunt.
1915 1107 2054 1157 Nulla
2093 1108 2232 1164 igitur
2259 1109 2367 1154 hinc

101 1180 280 1238 quidem
310 1179 464 1224 existit
494 1179 734 1236 trepidatio
778 1178 985 1235 principii
1013 1179 1208 1230 zodiaci,
1252 1178 1380 1224 nulla
1411 1192 1494 1236 per
1523 1191 1622 1223 eam
1653 1176 1968 1223 ascensionum
1998 1179 2224 1220 rectarum
2252 1174 2367 1227 alte-

98 1246 227 1301 ratio,
258 1243 475 1299 temporis
507 1245 698 1301 amplius
729 1244 955 1300 aequandi
984 1244 1188 1289 materia

269 1308 477 1355 Secundo
497 1308 610 1354 illud
639 1310 843 1365 inprimis
873 1310 1186 1356 inculcandum
1215 1315 1286 1355 est
1315 1310 1528 1356 studiosis
1563 1307 1880 1364 astronomiae,
1913 1307 2115 1365 quamvis
2137 1306 2360 1354 secundus

99 1375 185 1426 iste
213 1374 407 1418 modus
394 1387 440 1417 ιιι
474 1374 623 1418 causis
654 1373 789 1430 plane
812 1376 1052 1420 conveniat
1074 1389 1175 1420 cum
1198 1388 1264 1432 eo,
1298 1388 1431 1432 quem
1452 1374 1639 1420 tradunt
1658 1374 1940 1427 Prutenicae,
1970 1374 2192 1418 rationem
2214 1379 2366 1435 tamen

99 1439 254 1491 utendi
285 1438 505 1484 diversam
536 1439 612 1484 hic
651 1441 907 1486 necessario
951 1441 1114 1486 debere
1147 1440 1399 1497 observari,
1439 1454 1574 1498 quam
1612 1440 1660 1484 in
1690 1438 1967 1483 Prutenicis.
2016 1438 2131 1484 Illae
2171 1452 2366 1496 namque

102 1518 201 1553 cum
230 1504 477 1550 adhibeant
507 1505 703 1562 epochas
734 1520 824 1550 non
846 1507 1000 1563 plures
1033 1520 1166 1563 quam
1189 1506 1402 1563 quinque,
1438 1506 1635 1549 omnium
1655 1504 1834 1549 illarum
1854 1509 2060 1561 tempora
2089 1517 2172 1561 per
2202 1517 2366 1562 aequa-

100 1567 268 1623 tionem
299 1571 470 1615 dierum
500 1571 779 1616 reduxerunt
798 1572 856 1616 ad
877 1573 1159 1628 apparentia,
1189 1565 1482 1628 motuumque
1512 1571 1760 1626 mediorum
1791 1568 1893 1613 loca
1922 1568 1976 1613 iis
2008 1569 2072 1613 sic
2104 1570 2263 1615 sumtis
2294 1584 2367 1615 ac-

63 1644 66 1645 ’
102 1635 456 1681 commodarunt,
514 1637 576 1681 At
607 1636 712 1692 quia
740 1637 787 1680 in
818 1637 889 1680 his
921 1637 1107 1697 Tabulis
1140 1637 1341 1694 epochae
1370 1636 1525 1693 plures
1557 1641 1662 1679 sunt
1694 1634 1965 1692 collocatae,
1998 1634 2054 1679 ob
2088 1649 2250 1681 causas
2283 1649 2365 1682 suo

99 1701 202 1759 loco·
239 1702 556 1759 explicandas:
599 1715 754 1747 omnes
797 1702 935 1757 igitur
963 1702 1302 1759 intelliguntur,
1342 1708 1394 1746 ut
1439 1700 1753 1757 aequabilibus
1794 1699 2041 1744 intervallis
2075 1707 2367 1747 centenorum

101 1773 180 1814 aut
206 1768 491 1814 millenorum
522 1781 744 1812 annorum
776 1766 1014 1812 distantes.
1073 1766 1446 1811 Molestissimum
1478 1766 1597 1810 enim
1642 1765 1828 1822 fuisset,
1867 1778 2229 1824 unamquamque
2261 1780 2366 1824 epo-

100 1835 228 1880 cham
257 1834 445 1879 seorsim
475 1833 534 1878 ad
555 1846 687 1878 suum
717 1840 896 1891 tempus
919 1847 1145 1892 apparens
1176 1834 1394 1879 reducere
1415 1835 1697 1888 totidemque
1720 1833 2011 1877 ascensiones
2031 1839 2179 1892 rectas
2212 1840 2363 1878 motu-s

53 1927 61 1933 —
104 1899 221 1946 Solis
250 1900 345 1943 veri
375 1899 639 1944 calculatori
670 1899 935 1957 obtrudere,
985 1906 1096 1956 quot
1126 1905 1232 1945 sunt
1265 1899 1490 1957 epochae,
1522 1899 1669 1943 solum
1700 1899 1927 1955 aequandi
1956 1899 2173 1957 temporis
2204 1912 2366 1956 causa3

101 1965 364 2039 praesertim
395 1978 497 2010 cum
527 1964 648 2009 modi
679 1965 905 2021 aequandi
937 1965 1028 2010 sint
1057 1965 1211 2026 plures
1243 1970 1289 2009 et
1320 1978 1396 2010 res
1430 1965 1582 2010 dubia.

269 2031 432 2087 Itaque
464 2031 503 2075 si
534 2030 684 2074 locum
714 2032 873 2076 Lunae
914 2031 1014 2087 quis
1047 2036 1309 2105 computare
1340 2029 1478 2074 vellet
1509 2028 1567 2074 ad
1597 2028 1745 2085 ipsum
1775 2035 1954 2087 tempus
1986 2031 2119 2077 unius
2150 2031 2368 2089 epochae,

100 2095 148 2140 in
174 2095 244 2139 his
275 2097 459 2141 Tabulis
490 2097 695 2154 positae,
737 2096 795 2140 ad
834 2109 1000 2151 annum
1040 2109 1103 2140 sc.
1136 2095 1234 2152 ejus
1266 2099 1425 2140 exacte
1457 2094 1751 2169 completum:
1793 2101 2026 2152 oporteret
2067 2098 2259 2155 tempori
2299 2097 2367 2143 illi

98 2159 223 2221 prius
254 2161 470 2206 adhibere
499 2161 816 2218 aequationem
847 2161 1039 2217 dierum,
1083 2162 1206 2218 quod
1245 2160 1317 2219 fit,
1363 2161 1400 2205 si
1439 2161 1540 2216 quis
1573 2167 1721 2206 motus
1762 2174 1846 2218 per
1875 2161 2050 2207 minuta
2081 2163 2366 2218 aequationis

102 2225 273 2271 dierum
302 2229 515 2275 collectos
546 2233 626 2274 aut
656 2228 832 2273 auferat
863 2241 889 2272 a
918 2227 1019 2273 loco
1051 2228 1265 2288 epochae,
1298 2228 1336 2274 si
1367 2228 1563 2273 ablativa
1589 2232 1659 2272 est
1680 2228 1903 2285 aequatio,
1935 2234 2015 2272 aut
2036 2226 2187 2285 addat,
2219 2228 2258 2273 si
2290 2227 2367 2272 ad-

98 2290 303 2348 iectoria.
362 2294 435 2339 Ita
463 2294 563 2340 loca
592 2293 933 2350 respondebunt
964 2307 1081 2338 anno
1114 2294 1314 2350 epochae
1343 2293 1581 2351 apparenti
1610 2294 1849 2350 completo.
1894 2292 2082 2338 Nullum
2117 2294 2235 2338 enim
2255 2298 2367 2339 tem-

92 2358 221 2416 poris
258 2365 534 2405 momentum
579 2360 675 2405 dari
713 2364 887 2416 potest,
935 2358 1058 2417 quod
1103 2359 1374 2416 aequatione
1420 2359 1613 2408 dierum,
1656 2365 1708 2404 ut
1753 2372 1807 2404 ea
1850 2360 1898 2404 in
1943 2359 2015 2404 his
2062 2358 2230 2405 tabulis
2277 2365 2367 2404 tra-

105 2425 236 2482 ditur,
266 2443 356 2474 non
385 2429 598 2486 indigeat,
630 2434 949 2484 praeterquam
979 2428 1069 2482 illa,
1099 2429 1146 2474 in
1178 2429 1340 2486 quibus
1371 2435 1451 2474 aut
1482 2441 1647 2474 causae
1677 2427 1896 2484 temporis
1928 2426 2152 2484 aequandi
2184 2426 2239 2471 ab
2271 2439 2361 2470 uno

89 2497 164 2603 ἐξ)
177 2494 331 2539 eodem
361 2499 529 2552 puncto
562 2495 780 2540 cardinali
808 2495 1055 2553 incipiunt,
1088 2502 1168 2542 aut
1197 2497 1341 2542 altera
1371 2495 1560 2542 alteram
1592 2500 1877 2553 compensat,
1922 2490 2043 2551 quod
2071 2493 2124 2538 fit
2153 2493 2222 2540 bis
2255 2506 2364 2550 quo-

88 2602 94 2606 .
166 2562 212 2603 et
240 2571 371 2604 anno,

274 2632 470 2678 Secundi
498 2633 636 2691 igitur
663 2632 784 2678 modi
804 2634 1014 2689 aequatio
1036 2634 1252 2691 temporis
1284 2635 1584 2679 astronomica
1612 2639 1657 2679 et
1679 2632 2033 2679 demonstrativa
2054 2632 2237 2690 proprie
2269 2632 2365 2689 qui-

110 2691 207 2739 dem
227 2709 317 2741 non
336 2711 419 2754 per
437 2698 639 2743 tabulam
672 2699 942 2755 excerpitur,
974 2699 1053 2743 sed
1076 2712 1160 2756 per
1182 2699 1563 2756 computationem
1594 2699 1680 2743 loci
1705 2699 1818 2743 Solis
1849 2698 1985 2743 medii
2016 2703 2062 2743 et
2090 2697 2366 2743 ascensionis

102 2766 254 2807 rectae
275 2762 481 2837 ejusdem
502 2763 618 2809 Solis
640 2764 727 2808 loci
746 2766 852 2811 veri.
911 2766 1085 2811 Harum
1112 2766 1229 2811 enim
1252 2766 1519 2824 differentia,
1553 2767 1646 2811 sive
1667 2766 1944 2827 temporibus
1967 2770 2178 2811 constans
2201 2777 2366 2820 aequa-

61 2826 258 2883 toriis,
305 2828 399 2871 sive
431 2829 476 2872 in
506 2828 680 2873 minuta
709 2829 861 2883 horae,
893 2836 943 2876 ut
972 2831 1122 2888 prius,
1156 2844 1386 2888 conversa,
1420 2837 1491 2876 est
1520 2832 1621 2888 ipsa
1651 2833 1867 2888 temporis
1899 2831 2108 2887 aequatio
2141 2831 2365 2876 subtrahi-

72 2894 267 2949 tui-que
304 2906 332 2939 a
369 2899 573 2950 tempore
616 2895 876 2953 apparenti,
920 2896 958 2940 si
997 2895 1125 2940 locus
1159 2896 1277 2942 Solis
1317 2897 1491 2941 medius
1534 2897 1783 2942 excesserit
1812 2896 1899 2941 loci
1930 2897 2023 2941 veri
2055 2896 2364 2941 ascensionem

102 2965 290 3015 rectam,
322 2959 516 3017 additur,
550 2962 587 3005 si
618 2960 835 3006 defecerit
864 2962 920 3006 ab
950 2974 1015 3018 ea,
1048 2968 1099 3007 ut
1127 2962 1208 3007 fiat
1237 2969 1418 3021 tempus
1448 2962 1666 3020 aequale3
1698 2962 1972 3008 contrarium
2001 2962 2066 3020 fit,
2099 2960 2138 3007 si
2167 2961 2364 3039 medium

91 3025 456 3070 convertendum
488 3030 557 3070 est
588 3026 633 3069 in
665 3039 901 3083 apparens,
932 3033 985 3073 ut
1012 3028 1152 3084 prius.

277 3091 366 3136 Sed
403 3097 580 3148 tamen,
622 3093 726 3148 quia
766 3106 855 3137 non
895 3093 958 3138 ita
989 3094 1146 3139 crebra
1185 3093 1381 3139 occurrit
1409 3093 1655 3139 necessitas
1686 3092 1733 3136 in
1764 3092 1836 3137 his
1876 3056 2043 3138 tabulis
2075 3087 2365 3148 computandi

11 3190 17 3246 ι
106 3149 252 3202 locum
282 3156 398 3202 Solis
429 3157 625 3201 medium
657 3159 841 3214 (quippe
873 3170 962 3214 qua
993 3158 1299 3212 sublevamur,
1331 3158 1368 3203 si
1400 3171 1638 3215 operemur
1668 3171 1751 3214 per
1778 3157 1958 3203 tabulas
1990 3157 2108 3204 Solis
2140 3156 2364 3203 subsidia-

106 3218 226 3278 rias),
255 3235 414 3279 parum
444 3224 683 3269 admodum
715 3224 1014 3282 peccabimus,
1053 3225 1091 3270 si
1122 3225 1257 3269 etiam
1289 3226 1353 3270 sic
1375 3238 1577 3281 agamus
1637 3224 1837 3286 Primum
1868 3223 2133 3280 exquiratur
2153 3224 2363 3280 aequatio

109 3281 376 3347 Tychoniea,
407 3296 458 3335 ut
487 3290 625 3366 prius,
658 3290 714 3334 in
734 3290 1015 3346 temporibus
1038 3290 1325 3347 aequatoriis,
1358 3304 1458 3335 cum
1482 3290 1611 3335 titulo
1643 3303 1739 3335 suo.
1802 3291 1978 3336 Deinde
2010 3303 2111 3335 cum
2141 3289 2364 3335 anomalia

110 3348 226 3397 Solis
253 3364 503 3412 coaequata
540 3357 585 3401 in
616 3356 745 3412 signa
774 3357 959 3400 redacta
991 3358 1160 3413 (eJusve
1191 3356 1371 3402 residuo
1403 3355 1460 3400 ad
1491 3361 1638 3400 totum
1670 3356 1906 3411 circulum)
1938 3356 2020 3402 fiat
2048 3357 2285 3414 ingressus
2315 3357 2362 3400 in

19 3454 22 3484 Ι
110 3416 306 3464 tabulam
344 3423 590 3467 secundam
633 3421 915 3478 aequationis
954 3421 1127 3467 dierum
1167 3426 1563 3478 excerpanturque
1608 3433 1665 3465 ex
1707 3422 1807 3478 eJus
1853 3422 2102 3468 columellis
2149 3422 2358 3478 sinistris,

19 3486 24 3518 l
111 3492 224 3539 quae
253 3485 308 3530 ab
340 3488 615 3533 astronomia
650 3488 833 3532 titulum
865 3487 1033 3532 habent
1064 3488 1231 3544 gradus
1263 3494 1309 3532 et
1340 3488 1555 3544 scrupula
1585 3487 1866 3544 aequationis
1898 3487 2043 3542 Solis,
2084 3501 2186 3532 cum
2225 3486 2358 3531 titulo

21 3540 28 3620 ιι
113 3556 214 3606 uuo,
251 3563 307 3595 ex
346 3551 494 3598 fronte
534 3554 605 3599 vel
644 3554 780 3599 calce.
842 3552 995 3596 Tertio
1028 3552 1117 3597 duo
1148 3552 1262 3597 haec
1303 3552 1526 3596 elementa
1568 3553 1979 3609 componanturin
2022 3566 2183 3609 unum,
2224 3554 2362 3607 prout

26 3670 28 3675 ,
112 3610 229 3659 tituli
257 3618 587 3693 requisiverint.
647 3620 763 3664 Nam
795 3619 832 3662 si
863 3617 1034 3662 fuerint
1064 3617 1254 3671 similes,
1299 3615 1528 3661 adduntur
1565 3616 1611 3661 in
1643 3629 1777 3662 unam
1817 3632 2038 3665 summam
2069 3632 2170 3663 cum
2202 3617 2361 3661 eodem

26 3679 30 3711 '-
110 3676 268 3736 titulo,
299 3683 368 3727 sin
398 3683 657 3735 dissimiles,
696 3685 841 3729 minor
872 3698 898 3729 a
928 3684 1088 3739 majori
1119 3687 1345 3739 aufertur,
1377 3682 1557 3727 residuo
1588 3682 1750 3729 titulus
1783 3685 1866 3729 erit
1896 3683 2094 3741 maioris.
2155 3684 2225 3727 Ita
2254 3695 2359 3726 con-

0 3797 3 3802 ,
114 3741 270 3789 tutata
306 3748 390 3792 erit
429 3751 638 3806 aequatio
676 3751 788 3795 haec
830 3750 1079 3808 composita
1119 3750 1163 3793 in
1195 3750 1399 3806 partibus
1431 3755 1477 3795 ct
1508 3752 1752 3809 scrupulis,
1799 3764 1915 3807 quae
1946 3749 2079 3794 facile
2109 3749 2154 3792 in
2185 3748 2359 3792 minuta

0 3785 35 3899 {i
114 3805 290 3856 horaria
320 3822 653 3862 convertuntur.
712 3817 907 3862 Additur
945 3821 1094 3861 autem
1133 3815 1246 3861 haec
1284 3816 1491 3873 aequatio
1528 3817 1719 3875 tempori
1757 3816 1995 3874 apparenti
2039 3815 2109 3860 vel
2140 3813 2358 3871 aufertur,

0 3975 40 4074 ι

0 4068 41 4140 l:
