2554 4140
845 141 986 188 Liber
1016 140 1198 190 Sextus.
1255 140 1369 187 Pars
1402 140 1588 197 Quart-a.
2093 205 2095 208 Α
2248 142 2350 192 467

100 294 430 356 apparentiae
476 304 637 352 quove
677 289 895 338 ordine?
968 290 1025 337 In
1082 291 1214 339 omni
1263 286 1458 352 quidem
1497 289 1592 336 situ
1647 293 1784 337 extra
1824 286 2049 350 copulas,
2097 288 2358 352 praecipue

101 372 262 414 tamen
304 366 351 410 in
393 362 588 425 quadris
630 364 835 424 patescit
886 365 1033 426 inque
1074 363 1366 410 octantibus
1441 360 1567 409 Nam
1606 376 1714 409 cum
1754 374 2026 423 apogaeum
2080 360 2159 410 vel
2197 360 2358 409 nodus

99 445 173 488 est
220 440 268 484 in
308 435 529 499 quadriS,
583 437 900 496 aequationes
951 435 1031 484 vel
1068 434 1350 484 latitudines
1400 435 1694 496 proveniunt
1733 433 1979 497 simplices
2030 440 2133 483 toto
2172 447 2355 494 mense,

98 517 154 559 ut
191 511 238 556 in
278 509 440 557 soluta
477 507 828 570 inaequalitate
870 509 1065 557 dictum.
1142 507 1317 556 Posset
1342 506 1421 554 hic
1457 508 1635 555 mensis
1675 512 1896 569 respectu
1935 506 2027 555 hoc
2081 513 2356 557 menstruae

99 581 179 632 vel
215 582 523 644 aequationis
564 581 640 628 vel
681 580 952 629 latitudinis
995 582 1084 629 dici
1127 595 1328 629 vacuus.
1405 579 1633 628 Proximo
1673 594 1866 639 mense,
1913 593 2021 627 cum
2061 579 2190 629 Solis
2230 594 2357 642 qua-

101 655 294 704 dratura
345 653 558 702 deseruit
609 668 883 716 apogaeum
927 654 1003 702 vel
1055 653 1235 701 nodum
1277 653 1469 714 Lunae,
1523 653 1593 700 sic
1644 658 1698 700 ut
1750 650 1834 699 illa
1885 658 2067 714 puncta
2106 653 2223 714 jam*
2261 653 2359 701 sint

101 742 266 778 versus
307 733 575 791 octantem,
608 727 714 790 jam
752 728 1047 789 proveniunt
1073 727 1391 789 aequationes
1419 724 1499 774 vel
1515 724 1806 780 ,latitudines
1833 723 2169 787 aliquantulae
2208 726 2358 774 etiam

98 806 387 860 menstruae,
430 806 477 847 et
514 799 608 847 hoc
646 799 975 859 nihilominuS,
1017 800 1208 847 etiamsi
1246 798 1388 846 Luna
1423 799 1567 847 suerit
1606 800 1654 845 in
1694 799 1800 860 ipso
1839 811 1927 844 suo
1963 812 2185 860 apogaeo
2223 804 2358 846 motu

47 925 50 928 ,
102 872 349 936 aequabili
389 872 468 920 vel
511 875 556 918 in
599 874 705 935 ipso
745 873 889 932 noth,
933 873 1014 920 ubi
1055 871 1245 934 legibus
1283 871 1476 920 solutae
1516 885 1678 921 carere
1719 869 1956 918 debuerat
2006 872 2134 917 omni
2173 885 2361 932 aequa-

100 950 229 996 tione
270 945 346 993 vel
386 945 662 994 latitudine.
740 945 948 992 Rursum
990 944 1363 993 succedentibus
1402 945 1650 994 mensibus
1697 941 2075 1005 inaequalitates
2113 942 2206 992 hae
2244 957 2360 1005 pro-

102 1020 300 1068 veniunt
337 1018 576 1079 majoreS‚
617 1033 771 1079 usque
812 1018 925 1065 dum
966 1018 1170 1079 copulae
1209 1018 1384 1065 suerint
1424 1023 1678 1067 assecutae
1723 1029 1996 1078 apogaeum
2040 1013 2116 1064 vel
2153 1014 2363 1078 nodum;

98 1093 146 1141 in
184 1091 268 1139 tali
307 1105 471 1140 mense
512 1093 797 1152 contingunt
837 1092 1157 1152 aequationes
1197 1089 1276 1138 vel
1315 1090 1598 1139 latitudines
1637 1096 1912 1138 menstruae
1939 1088 2180 1139 maximae
2219 1101 2361 1137 asso-

100 1165 322 1226 ciantque
372 1178 478 1211 sese
519 1163 613 1211 illis
664 1178 723 1211 ex
761 1163 924 1211 soluta
962 1162 1338 1225 inaequalitate,
1395 1165 1466 1211 sic
1511 1168 1564 1211 ut
1602 1168 1838 1224 utraeque
1890 1160 2064 1210 iisdem
2102 1162 2362 1210 momentis

99 1236 216 1285 fiant
251 1238 519 1284 maximae:
562 1239 726 1298 itaque
768 1241 869 1283 toto
912 1238 1050 1298 quasi
1090 1251 1254 1284 meuse
1293 1237 1522 1298 aequatio
1550 1235 1629 1284 vel
1656 1233 1864 1284 latitudo
1905 1248 1964 1283 ex
1992 1239 2196 1297 utraque
2224 1239 2361 1298 parte

102 1309 343 1359 cumulata
393 1311 618 1371 provenit
655 1308 893 1371 regularis
943 1308 1233 1371 legibusque
1274 1310 1477 1357 usitatis.
1554 1307 1729 1357 Posset
1772 1306 1852 1356 hic
1890 1306 1984 1355 diei
2032 1308 2212 1356 mensis
2251 1305 2362 1371 ple-

102 1397 204 1442 nus,
246 1388 294 1430 et
331 1382 425 1430 hoc
462 1380 655 1446 duplici*
683 1383 892 1441 nomine,
932 1382 974 1429 si
1014 1382 1339 1429 coinciderent
1378 1383 1426 1428 in
1464 1395 1679 1429 mensem
1719 1395 1868 1429 uuum
1912 1379 2195 1431 affectiones
2236 1381 2359 1429 istae

102 1461 200 1504 tam
250 1454 567 1516 longitudinis
621 1469 768 1517 quarn
820 1454 1104 1502 latitudinis,
1181 1453 1512 1516 Sequentibus
1560 1455 1808 1506 mensibus
1859 1453 1981 1502 haec
2029 1454 2358 1517 inaequalitas

100 1534 343 1577 menstrua
380 1542 567 1576 rursum
595 1527 765 1576 iisdem
793 1526 1025 1590 gradibus
1054 1527 1300 1587 decrescit,
1341 1526 1497 1576 donec
1533 1529 1726 1590 penitus
1769 1528 2122 1589 exstinguatur,
2164 1541 2222 1576 ex
2264 1539 2361 1590 quo

102 1607 313 1664 tempore
352 1603 501 1649 oritur
533 1616 617 1664 per
656 1602 922 1649 contrarias
948 1600 1078 1648 Solis
1116 1600 1521 1663 configurationes
1561 1614 1705 1648 nova.
1782 1597 1843 1648 Et
1882 1601 1930 1647 in
1963 1600 2359 1663 contrariis'qui-

102 1673 209 1723 dem
249 1673 443 1736 quadris
498 1674 575 1723 vel
615 1674 803 1737 copulis
851 1674 1132 1722 affectiones
1181 1674 1326 1722 etiam
1366 1675 1712 1736 aequationum
1764 1672 1842 1722 vel
1893 1671 2207 1722 latitudinum
2245 1678 2362 1722 sunt

102 1748 382 1797 contrariae.
459 1747 584 1795 Nam
625 1749 665 1795 si
705 1748 919 1796 semissis
957 1746 1128 1795 Lunae
1167 1748 1463 1795 senescentis
1503 1746 1859 1809 longitudinem
1898 1745 2109 1795 mediam
2157 1761 2372 1811 anomaff

101 1818 196 1869 liae
220 1819 412 1868 solutae
437 1821 743 1883 interceperit
770 1820 917 1879 illam,
958 1820 1097 1882 eujus
1125 1825 1199 1868 est
1223 1821 1452 1882 aequatio
1479 1820 1816 1880 subtractoria,
1861 1819 1939 1869 vel
1980 1818 2182 1877 limitem
2210 1818 2362 1881 illum,

102 1894 186 1956 qui
225 1892 412 1941 Lunam
454 1895 502 1940 in
542 1894 741 1942 boream
780 1893 1062 1956 longissime
1101 1892 1340 1954 sustollit,
1389 1899 1504 1942 tunc
1541 1895 1688 1941 etiam
1726 1899 2003 1942 menstruae
2042 1893 2364 1955 aequationes

105 1981 190 2029 per
229 1973 382 2014 totum
421 1966 559 2014 illum
597 1968 847 2015 semissem
887 1968 1183 2015 senescentis
1223 1973 1337 2014 sunt
1374 1967 1755 2027 subtractoriae,
1806 1965 1886 2015 vel
1926 1972 2041 2015 tunc
2078 1965 2364 2016 latitudines

102 2045 375 2088 menstruae
425 2055 512 2103 per
562 2047 718 2088 totum
770 2039 905 2087 illum
945 2041 1192 2088 semissem
1246 2045 1358 2087 sunt
1397 2040 1598 2101 boreae,
1655 2041 1802 2089 etiam
1849 2041 1896 2086 in
1936 2038 2035 2087 illis
2073 2039 2366 2090 semicirculi

102 2114 307 2176 punctiS,
346 2114 394 2160 in
435 2113 613 2176 quibus
653 2114 885 2180 aequatio
925 2112 1115 2162 solutae
1155 2118 1228 2161 est
1266 2112 1547 2176 adjectoria,
1587 2111 1668 2161 vel
1707 2111 1915 2161 latitudo
1953 2110 2144 2162 solutae
2171 2108 2366 2163 austra-

102 2184 179 2247 lis,
205 2185 501 2249 ‘obtinetque
541 2189 821 2249 oppositum
861 2188 908 2233 in
948 2180 1250 2234 semicirculo
1279 2187 1554 2242 crescentis,
1630 2185 1752 2236 Post
1781 2186 1973 2249 aliquot
2011 2200 2128 2236 vero
2155 2201 2363 2248 mansee,

101 2257 184 2307 ubi
218 2258 410 2308 solutae
448 2259 702 2322 longitudo
743 2259 903 2308 media
938 2261 1069 2322 prior
1105 2259 1186 2307 vel
1223 2258 1361 2308 limes
1390 2259 1566 2308 boreus
1606 2260 1950 2321 emigraverint
1989 2273 2015 2309 e
2063 2261 2363 2309 senescentis

103 2331 302 2380 semisse
342 2334 654 2396 coeperitque
693 2332 813 2380 alter
852 2333 1109 2381 crescentis
1149 2331 1270 2382 haec
1306 2332 1498 2381 solutae
1535 2338 1719 2394 puncta.
1755 2332 1834 2382 vel
1872 2338 2080 2395 utraque
2118 2332 2201 2382 vel
2238 2333 2367 2383 alte-

106 2416 210 2453 mm
261 2404 419 2453 solum
468 2406 561 2454 sibi
601 2405 874 2466 vindicare,
928 2406 1256 2453 subtractor-ia
1297 2406 1445 2454 etiam
1483 2405 1676 2455 affectio
1725 2405 1805 2455 vel
1851 2405 2119 2455 borealitas
2157 2412 2365 2470 utraque

105 2475 183 2526 vel
230 2477 385 2527 altera
434 2480 607 2528 transit
659 2479 705 2525 in
757 2478 885 2527 hunc
937 2476 1143 2527 alterum
1193 2479 1468 2539 semissem,
1520 2479 1571 2525 in
1610 2477 1718 2541 ejus
1768 2477 1957 2528 scilicet
1999 2481 2150 2528 totius
2199 2493 2367 2529 omues

104 2552 420 2613 aequationes
459 2551 538 2601 vel
575 2550 876 2612 latitudines,
917 2556 1187 2600 menstruas
1229 2550 1409 2618 dietas3
1449 2551 1733 2601 affectiones
1772 2553 2059 2614 contrariae,
2099 2551 2370 2615 adjectoria

103 2621 182 2672 vel
220 2623 495 2685 borealitas‚
537 2627 584 2671 in
612 2626 835 2687 priorem.
893 2623 1033 2675 Haec
1058 2625 1128 2674 sic
1155 2623 1379 2687 copulate
1418 2624 1510 2674 sub
1537 2639 1687 2674 unum
1714 2631 2030 2690 conspectum
2062 2626 2228 2689 posita
2259 2625 2367 2688 jam

104 2708 243 2761 porro
281 2697 574 2746 evolventur
614 2697 902 2747 distinctius.

251 2769 363 2834 Quo
399 2772 705 2821 circulorum
744 2770 1029 2833 indiyemus
1065 2776 1329 2833 apparatu
1355 2769 1425 2818 ad
1447 2770 1579 2820 hanc
1604 2771 2024 2835 inaequalitatem
2051 2777 2365 2830 menstruam

17 2842 20 2852 “
105 2845 481 2904 temporaneam
529 2843 978 2894 demonstrandam
1027 2844 1279 2906 oculisque
1326 2843 1735 2904 subjiciendam?
1809 2843 1915 2892 Etsi
1953 2857 2042 2894 nec
2080 2845 2368 2895 eccentriei-

110 2918 208 2963 tate
249 2916 477 2965 utendum
518 2925 593 2966 est
631 2932 762 2966 nova
799 2916 934 2976 reali,
974 2917 1123 2965 veluti
1163 2917 1211 2963 in
1252 2922 1474 2966 eccentro
1515 2919 1746 2977 eccentri,
1787 2925 1841 2965 ut
1879 2924 2076 2965 cautum
2114 2917 2240 2967 libro
2275 2915 2366 2968 IV.

19 3011 22 3058 ἐ
107 2985 223 3036 solio
264 2990 392 3050 389,
432 3005 522 3039 nec
563 2991 758 3052 omnino
797 2991 940 3038 novis
979 2989 1195 3051 circulis,
1236 2996 1426 3053 praeter
1465 2988 1601 3051 illos,
1656 2989 1834 3054 quibus
1873 2991 1950 3039 usi
1987 3004 2156 3039 sumus
2194 2991 2243 3039 in
2280 3004 2368 3040 so-

107 3057 236 3109 lutae
274 3061 685 3112 demonstratione
735 3064 879 3126 inque
918 3063 1159 3125 primariis
1208 3065 1354 3111 etiarn
1402 3062 1612 3126 planetis
1658 3063 1908 3124 omnibuS,
1962 3077 2076 3112 vere
2115 3069 2278 3114 tamen
2318 3068 2367 3114 et

22 3174 25 3181 f
110 3132 299 3183 realiter
337 3134 478 3184 Luna
530 3135 787 3198 dupliciter
842 3135 1140 3184 acceleratur
1191 3136 1270 3185 vel
1307 3135 1578 3185 retardatur
1628 3137 1677 3183 in
1716 3135 1804 3184 illa
1842 3149 1933 3185 sua
1975 3136 2132 3186 orbita
2182 3151 2281 3187 una
2320 3142 2369 3187 et

22 3259 26 3270 ,
110 3204 301 3269 eadem3
353 3223 501 3271 quare
551 3211 696 3257 etiam
745 3209 866 3256 duos
922 3215 1110 3271 oportet
1159 3209 1317 3257 sontes
1369 3215 1528 3257 motus
1568 3208 1738 3258 Lunae
1779 3210 2062 3272 concipere,
2118 3224 2149 3259 a
2188 3209 2366 3273 quibus

111 3273 250 3327 Luna
289 3281 334 3327 in
375 3283 707 3345 superioribus
748 3281 933 3330 orbitae
973 3280 1302 3341 semicirculis,
1343 3281 1422 3344 qui
1465 3280 1689 3343 copulam
1730 3295 2010 3346 apogaeum,
2043 3282 2238 3344 habent,
2279 3297 2368 3333 ex-

116 3357 271 3400 currat
306 3352 526 3417 longius,
583 3357 629 3402 in
670 3354 973 3403 inferioribus
1013 3354 1234 3414 brevius,
1289 3360 1336 3403 et
1376 3352 1565 3401 illorum
1607 3353 1812 3403 sontium
1852 3360 2075 3419 respectu
2125 3354 2367 3420 duplicem

112 3422 253 3472 etiam
291 3430 696 3476 eccentricitatem
750 3429 892 3475 unius
942 3434 989 3474 et
1030 3424 1246 3488 ejusdem
1293 3427 1441 3475 centri
1496 3426 1682 3476 orbitae
1722 3427 1890 3477 Lunae
1939 3429 2135 3491 unicae,
2187 3427 2367 3493 duplex

111 3507 393 3562 apogaeum,
434 3500 555 3549 duas
594 3501 748 3549 lineas
788 3498 1009 3562 apsidum
1050 3505 1097 3547 et
1135 3513 1219 3561 per
1257 3513 1559 3561 consequens
1599 3497 1694 3550 duo
1722 3502 1868 3550 etiam
1907 3501 2152 3565 triangula
2177 3517 2367 3566 aequa-

28 3582 36 3636 3,
112 3569 247 3631 turia,
286 3572 332 3619 in
373 3587 577 3636 quorum
617 3574 740 3622 areis
779 3575 924 3620 insint
964 3585 1215 3620 mensurae
1255 3570 1631 3621 retardationum
1683 3579 1731 3623 et
1777 3571 2204 3625 accelerationum.
2283 3575 2366 3631 Sic

30 3643 31 3646 ’
113 3641 255 3690 etiam
294 3658 441 3694 causa
478 3646 748 3695 latitudinis
790 3646 928 3693 Luna
956 3659 1065 3693 vere
1094 3643 1351 3706 dupliciter
1376 3646 1584 3694 excurrit
1619 3644 1682 3695 ad
1705 3645 1861 3697 latera
1899 3647 2168 3712 eclipticae‚
2211 3661 2360 3711 quare

32 3757 34 3767 ,
114 3723 255 3763 unam
293 3725 341 3765 et
381 3719 581 3769 eandem
623 3720 828 3768 orbitarn
872 3718 1036 3766 Lunae
1077 3723 1266 3780 oportet
1304 3718 1555 3780 concipere
1605 3733 1709 3769 esse
1750 3719 2007 3770 libratilem
2057 3722 2120 3770 ad
2158 3721 2358 3785 planum

33 3838 37 3868 9
114 3777 374 3852 ecliptieae,
413 3789 506 3840 hoc
545 3798 619 3842 est
655 3792 1016 3842 inclinationem
1055 3789 1323 3853 planorum,
1365 3804 1490 3855 quae
1516 3791 1722 3857 simplex
1747 3793 1838 3843 suit
1863 3795 1911 3842 in
1938 3793 2101 3844 soluta
2141 3794 2360 3844 obtinet-

34 3889 41 3925 i

1892 3881 2015 3930 30⁴⁶
