2554 4140
791 125 930 170 Liber
959 123 1153 170 Tertius.
1213 124 1326 170 Pars
1359 123 1582 170 Secunda.
2213 128 2319 185 241

61 276 163 324 diat
210 290 317 324 cum
363 274 460 322 illa.
542 274 725 323 Eodem
776 275 921 324 modo
969 274 1215 338 quadrans
1260 289 1292 322 a
1337 277 1518 337 puncto
1567 274 1752 322 oriente
1805 280 1933 322 retro
1987 277 2218 321 extensus
2273 272 2321 318 in

62 348 285 410 ecliptica
333 347 494 409 signat
544 349 915 410 nonagesimum
963 348 1218 412 eclipticae
1257 345 1315 394 N.
1359 342 1663 408 Compaiatis
1715 347 1866 408 igitur
1903 347 2112 394 invicem
2166 343 2321 408 eclip-

58 423 185 469 ticae
236 421 550 481 nonagesimo
597 421 642 468 N
691 429 739 469 et
790 427 968 484 puncto
1010 420 1062 468 M
1112 419 1301 468 coelum
1348 416 1617 477 mediante,
1673 418 1931 468 innotescit
1981 432 2121 467 arcus
2169 419 2322 465 inter-

62 498 229 557 ceptus
266 491 380 539 NM.
1758 514 1761 517 «

201 555 426 612 Secundo
466 566 514 611 in
553 564 648 613 hoc
688 565 932 629 triangulo
971 565 1294 627 investigatur
1330 562 1461 610 latus
1499 563 1550 608 in
1590 561 1860 611 meridiano
1901 563 2004 611 VM
2043 565 2168 612 inter
2207 577 2322 612 ver-

57 639 202 686 ticem
241 636 287 682 V
325 644 374 685 et
410 637 684 700 eclipticam
723 637 792 686 M.
870 638 1001 685 Dato
1041 639 1169 686 enim
1208 636 1464 698 eclipticae
1502 641 1686 697 puncto
1715 634 1782 695 M,
1823 635 2016 684 coelum
2055 635 2320 696 mediante,

60 709 200 759 datur
236 709 343 771 ejus
382 709 644 758 declinatio
686 709 805 770 AM,
859 725 1011 772 quae,
1051 712 1093 758 si
1132 707 1527 772 septentrionalis
1567 707 1735 768 fuerit,
1775 708 1968 765 ablata,
2010 711 2051 757 si
2089 709 2324 757 meridio-

57 782 207 840 nalis,
258 781 429 830 addita
477 782 540 831 ad
590 782 898 831 altitudinem
945 781 1048 845 poli
1087 781 1207 843 VA,
1257 781 1512 829 constituit
1563 779 1845 828 distantiam
1900 780 2031 829 illius
2070 781 2324 843 eclipticae

56 856 221 920 puncti
259 869 291 903 a
329 856 509 904 vertice
552 855 678 917 VM,
732 855 940 918 angulus
990 869 1106 903 vero
1154 853 1287 916 apud
1332 854 1704 915 nonagesimum
1757 847 2016 917 eclipticae
2059 853 2203 902 VNM
2252 860 2326 902 est

57 935 244 977 rectus:
293 929 447 976 tribus
496 930 643 991 igitur
693 929 843 988 datis,
880 926 947 977 et
985 935 1211 990 quartum
1249 926 1419 975 haberi
1456 926 1664 988 poterit,
1715 925 1846 974 latus
1897 940 1963 975 sc.
2014 927 2062 974 in
2103 926 2322 975 verticuli

58 1014 144 1050 seu
184 999 415 1049 distantia
451 1003 756 1065 nonagesimi
797 1017 826 1049 a
861 1002 1042 1049 vertice
1068 1000 1109 1047 N
1121 999 1178 1061 V;
1217 998 1628 1062 complementum
1658 1004 1732 1048 est
1769 998 1980 1048 altitudo
2019 1001 2325 1063 nonagesimi

58 1087 204 1137 super
241 1073 558 1135 horizontem,
597 1089 826 1124 mensura
863 1072 1031 1136 anguli
1071 1074 1299 1135 quaesiti.

756 1206 974 1270 Typus
1028 1203 1221 1266 hujus
1267 1216 1629 1265 processus,

465 1321 635 1361 Oriatur
695 1347 1437 1362 ...........
1529 1316 1580 1357 7⁰
1639 1317 1682 1357 5¹
1714 1318 1828 1369 Virg.

469 1380 513 1418 iu
547 1377 771 1419 altitudine
800 1377 891 1430 poli
922 1406 1444 1420 ........
1505 1377 1575 1416 48.
1618 1377 1691 1419 24.

464 1437 574 1487 Ergo
606 1439 797 1478 ascensio
829 1437 1005 1489 obliqua
1067 1463 1444 1477 ......
1482 1436 1578 1475 148.
1619 1436 1690 1477 31.

1320 1492 1449 1533 Aufer
1509 1495 1564 1534 90

464 1571 666 1610 Ascensio
698 1574 812 1609 recta
838 1570 967 1609 medii
997 1567 1104 1608 coeli
1135 1597 1443 1609 .....
1504 1569 1574 1608 58.
1614 1566 1688 1608 31.

466 1627 569 1668 Cum
601 1641 648 1667 eo
681 1627 842 1668 coelum
874 1627 1031 1668 mediat
1065 1657 1441 1669 ......
1533 1628 1575 1668 Ο.
1611 1627 1681 1667 41.
1718 1626 1881 1668 Gemin.

472 1690 589 1737 quus
621 1687 846 1727 declinatio
915 1715 1444 1727 ........
1505 1686 1575 1726 20.
1615 1686 1690 1726 22.
1719 1689 1828 1737 sept.

469 1744 614 1785 ablata.
644 1747 698 1785 ab
720 1744 943 1784 altitudine
978 1744 1068 1795 poli
1098 1742 1301 1796 relinquit
1362 1774 1372 1785 .
1435 1773 1445 1784 .
1507 1744 1578 1785 28.
1646 1745 1691 1785 2.

464 1803 556 1843 Hoc
585 1805 712 1854 igitur
741 1808 804 1844 est
832 1803 941 1842 latus
971 1802 1218 1852 MV,·qu'us
1249 1801 1400 1854 compl.
1433 1829 1445 1842 .
1509 1804 1561 1842 61
1620 1803 1690 1843 58.
1723 1801 1904 1841 altitudo
1936 1800 1998 1845 M,

465 1862 536 1902 Sic
564 1874 591 1901 a
623 1889 1444 1905 ............
1539 1859 1589 1901 7⁰
1650 1861 1690 1901 5¹
1720 1859 1838 1910 Virg.

1332 1918 1451 1959 aufer
1511 1921 1566 1960 90

471 1993 551 2032 erit
578 1994 875 2043 nonagesimus
906 1994 959 2032 ab
992 1996 1083 2031 ortu
1148 2022 1452 2035 .....
1546 1994 1587 2034 7.
1659 1994 1702 2033 5.
1733 1991 1900 2032 Gemin.

469 2051 578 2091 Hinc
607 2051 724 2092 aufer
754 2052 916 2091 coelum
947 2051 1134 2091 medians
1225 2084 1234 2093 .
1298 2083 1307 2092 .
1373 2082 1382 2091 .
1444 2080 1454 2091 .
1546 2053 1587 2092 Ο.
1628 2052 1699 2092 41.
1733 2050 1897 2090 Gemin.

474 2125 552 2163 erit
579 2122 690 2164 latus
719 2123 808 2166 MN
862 2154 1459 2166 .........
1549 2126 1587 2164 6.
1627 2124 1698 2163 24.
1731 2125 1903 2174 ejusque

473 2181 820 2234 complementum
852 2212 1451 2225 .........
1513 2184 1583 2224 83.
1624 2183 1694 2222 36.

243 2238 357 2279 Hinc
400 2245 664 2291 computatur
704 2241 816 2281 latus
855 2241 931 2280 VN
973 2242 1052 2281 sic:
1104 2239 1285 2280 altitudo
1325 2242 1470 2290 puncti
1509 2238 1929 2279 coelum‘mediantis
1976 2235 2052 2278 61⁰
2083 2239 2170 2291 58¹,
2215 2239 2332 2279 sinus

8 2315 10 2321 ν
70 2296 236 2345 88267ς
279 2299 572 2350 complementi
607 2299 750 2340 lateris
780 2300 865 2340 MN
897 2297 977 2340 83⁰
1007 2300 1077 2339 36‘
1120 2300 1234 2339 sinus
1267 2300 1423 2340 99377.
1484 2298 1661 2350 Divide‚
1707 2298 1898 2348 quotiens
1939 2297 2084 2346 88820
2117 2301 2178 2336 est
2218 2298 2333 2336 sinus

9 2372 11 2376 v
70 2355 151 2394 ⁶2⁰
180 2356 263 2395 39¹.
325 2356 485 2396 Tantus
517 2362 578 2397 est
610 2357 786 2408 angulus
814 2361 924 2398 inter
954 2359 1207 2397 horizontem
1231 2361 1271 2397 et
1302 2356 1536 2408 eclipticam
1559 2357 1602 2396 in
1636 2353 1683 2396 7⁰
1713 2356 1752 2395 5⁴
1785 2356 1987 2409 Virginis,
2022 2357 2194 2409 ejusque
2217 2367 2333 2396 com-

47 2411 327 2464 .p1ementum
358 2415 438 2455 27⁰
469 2417 540 2455 21¹
571 2416 770 2457 distantia
800 2416 1057 2465 nonagesimi
1087 2427 1114 2455 a
1141 2416 1312 2457 vertice.

222 2485 367 2549 Quae
402 2488 719 2539 observanda
760 2492 982 2539 varietas
1021 2491 1157 2538 circa
1190 2490 1326 2537 hunc
1352 2487 1647 2550 anyulum?
1700 2488 1926 2551 Angulus
1952 2489 2044 2537 istc
2083 2502 2334 2551 nunquam

68 2557 126 2606 fit
162 2559 319 2621 major
356 2559 614 2610 altitudine
651 2564 818 2626 puncti
859 2562 1132 2611 solstitialis
1171 2562 1369 2617 aestivi,
1414 2576 1667 2624 nunquam
1694 2563 1850 2610 minor
1878 2560 2137 2609 altitudine
2165 2563 2334 2624 puncti

0 2643 2 2672 ι
73 2630 348 2680 solstitialis
401 2632 607 2681 hiberni.
696 2635 839 2685 Illam
890 2634 1274 2697 magnitudinem
1322 2633 1473 2682 habet
1521 2636 1706 2683 oriente
1755 2642 1936 2697 puncto
1986 2632 2362 2696 aequinoctiali'

16 2742 18 2749 .
73 2705 347 2753 autumnali
385 2705 454 2772 (in
491 2705 851 2769 hemisphaerio
884 2705 1082 2774 nostro),
1122 2707 1249 2755 hanc
1276 2708 1460 2756 oriente
1500 2714 1679 2771 puncto
1709 2706 1910 2756 vernali.
1974 2707 2334 2769 Nonagesimus

75 2782 151 2825 est
187 2778 236 2824 in
276 2778 500 2827 orientali
540 2780 825 2842 quadrante,
868 2795 977 2831 cum
1015 2779 1285 2829 ascendunt
1321 2782 1464 2843 signa
1489 2780 1906 2845 septentrionalia,
1949 2781 1997 2827 in
2026 2778 2333 2840 occidentali,

77 2863 185 2899 cum
222 2851 574 2903 meridionalia.

222 2922 465 2974 Etiamne
502 2926 751 2975 verticalis
801 2937 915 2974 cum
962 2926 1188 2988 ecliptica
1233 2928 1443 2975 sectione
1494 2928 1792 2975 constitutus
1831 2926 2056 2987 anyulus
2091 2926 2212 2975 solet
2250 2923 2337 2974 in-

0 2993 17 3070 l¹
80 2996 254 3060 quiri?
313 2996 442 3046 Sane
481 2999 787 3047 necessarius
824 3004 897 3047 est
935 2999 1043 3061 ejus
1081 3012 1213 3058 usus,
1252 3000 1301 3046 in
1343 2998 1561 3047 doctrina
1599 2999 1859 3062 praecipue
1901 2996 2152 3061 eclipsium
2191 2998 2336 3049 Solis.

0 3059 20 3126 ,ἰ
226 3069 487 3134 Quomodo
525 3070 843 3135 inquiritur?
894 3070 986 3120 Vel
1027 3086 1086 3120 ex
1124 3070 1380 3121 altitudine
1419 3070 1582 3131 Solis,
1638 3073 1686 3118 in
1725 3071 1954 3134 ecliptica
1995 3086 2185 3135 semper
2221 3087 2336 3121 ver-

0 3142 21 3186 ³
81 3144 260 3202 santis,
319 3143 396 3192 vel
457 3159 515 3192 ex
571 3143 802 3192 distantia
855 3146 1021 3206 puncti
1078 3146 1307 3193 sectionis
1355 3159 1385 3191 a
1432 3145 1777 3207 nonagesimo,
1836 3142 2071 3206 adjuncta
2109 3147 2335 3209 utrinque

0 3228 22 3260 l·
85 3211 315 3264 distantia
352 3219 656 3279 nonagesimi
696 3231 727 3264 a
767 3217 963 3266 vertice.
1037 3215 1161 3265 Nam
1202 3219 1241 3265 si
1282 3223 1513 3280 punctum
1552 3218 1784 3266 sectionis
1823 3219 2020 3279 oriatur,
2069 3219 2178 3284 ipsa
2215 3218 2340 3268 haec

0 3281 24 3346 l
82 3283 176 3336 NV
211 3291 405 3338 metitur
443 3289 689 3352 angulum,
731 3304 788 3337 ex
830 3303 904 3348 eo,
946 3303 1043 3351 quo
1085 3291 1286 3337 vicinior
1324 3293 1642 3353 nonagesimo
1682 3289 1826 3338 suerit
1851 3293 2019 3353 sectio,
2060 3292 2154 3341 hoc
2183 3284 2338 3355 ma'jor

21 3363 28 3440 l
85 3361 306 3424 angulus.
381 3362 554 3425 Itaque
602 3368 831 3426 tangente
869 3361 958 3409 NV
1001 3362 1030 3408 5
1071 3360 1266 3426 cyphi-is
1316 3361 1634 3426 prolongatO,
1691 3362 1850 3412 diviso
1899 3379 1987 3428 per
2030 3367 2192 3414 sinum
2240 3365 2338 3426 NS,

24 3453 26 3477 ι
86 3430 344 3484 distantiae
381 3437 611 3484 sectionis
648 3451 678 3485 a
715 3435 1058 3497 nonagesimo,
1109 3432 1272 3498 prodit
1309 3441 1514 3497 tangens
1554 3435 1700 3499 hujus
1738 3435 1922 3499 anguli.
2003 3437 2103 3488 Aut
2140 3440 2183 3488 si
2222 3437 2341 3487 alti-

25 3504 29 3572 ζ
86 3504 203 3556 tudo
241 3506 493 3571 habeatur,
531 3523 618 3573 per
656 3509 762 3572 ejus
799 3509 957 3557 sinum
995 3507 1155 3556 diviso
1194 3508 1303 3556 sinu
1338 3507 1447 3570 NV,
1485 3508 1647 3575 prodit
1684 3509 1819 3560 sinus
1858 3511 2030 3574 anguli
2067 3513 2214 3566 NSV.

188 3934 336 3982 Rapum
360 3942 494 3983 Opera.
544 3943 609 3977 VI.
1937 3951 2000 3998 16
