2554 4140
210 152 314 201 364
990 133 992 138 ’
1037 141 1273 201 Epitomes
1303 140 1619 187 Astronomiae

210 299 446 346 insecuta.
539 293 710 344 Manet
762 293 930 357 itaque
978 291 1377 352 verisimilitudo,
1437 290 1569 353 quod
1615 293 1801 354 species
1847 293 1942 341 ista
1994 292 2209 355 corporis
2257 291 2466 343 Telluris

206 375 342 418 mota
389 373 588 418 moveat
631 367 850 427 Lunam,
902 368 971 415 sic
1017 373 1208 425 tamen,
1260 370 1316 413 ut
1367 365 1532 412 vincat
1578 365 1753 413 inertia
1801 367 2016 428 corporis
2054 364 2264 413 Lunaris
2301 371 2464 429 partes

206 442 351 504 spatii
391 441 490 490 fere
530 441 600 488 29
645 440 829 497 dietim,
869 439 1092 489 vincatur
1130 451 1227 486 non
1264 437 1374 500 plus
1413 451 1569 498 quam·
1600 437 1683 484 30.

358 513 531 576 Quare
566 514 761 574 statuis,
799 515 974 576 speciei
1007 511 1220 559 Telluris
1255 511 1455 559 metrici
1480 508 1647 557 Solem
1689 524 1988 559 concurrere
2024 512 2175 558 etiam
2215 509 2286 557 ad
2320 511 2464 559 illum

205 591 415 645 motum,
456 601 557 648 quo
596 584 752 633 Luna
788 586 923 633 circa
969 584 1180 632 Terram
1219 581 1483 630 volvitur?
1532 580 1581 643 1)
1621 581 1749 644 Quia
1785 583 1957 646 Tycho
1995 582 2156 631 Brahe
2196 581 2466 646 deprehen·-

206 657 289 718 dit,
331 663 516 706 motum
555 657 726 707 Lunae
762 657 976 707 medium
1013 654 1125 723 (hoc
1163 659 1256 714 est,
1297 659 1496 702 exutum
1534 652 1619 702 illa
1656 655 1926 716 anomalia,
1977 669 2104 717 quae
2154 655 2203 701 in
2243 655 2466 703 omnibus

312 747 315 751 v
1208 726 1420 789 planetis
1459 727 1622 775 existit
1658 734 1855 791 propter
1891 729 2295 777 ecceutricitatem
2334 728 2467 777 orbi-

1206 796 1307 866 tae)
1354 801 1617 848 etiamnum
1657 815 1764 850 esse
1802 799 2063 849 anomalon
2101 814 2189 849 seu
2226 802 2465 862 inaequa-

1203 871 1315 921 lem.
1392 871 1593 934 Semper
1626 875 1755 922 enim
1792 873 1993 922 celerior
2030 878 2103 921 est
2125 872 2266 922 Luna
2301 873 2351 920 in
2380 887 2466 922 co-

1204 944 1347 1007 pulis,
1387 950 1439 992 ut
1473 944 1553 994 hic
1590 947 1639 992 in
1666 945 1770 1007 GD,
1812 945 1923 1007 GH,
1963 945 2144 995 tardior
2181 947 2229 992 in
2268 945 2466 1008 quadris

1205 1017 1300 1078 EF,
1340 1016 1428 1077 IK,
1469 1032 1614 1080 quam
1653 1019 1745 1069 fert
1782 1020 1904 1067 ratio
1944 1019 2230 1079 eccentrici,
2269 1020 2377 1068 sive
2415 1021 2464 1066 in

1203 1103 1425 1153 apogaeo
1464 1091 1724 1154 utrobique
1761 1092 1931 1152 suerit,
1986 1093 2092 1140 sive
2131 1092 2178 1137 in
2219 1092 2465 1155 perigae0‚

1202 1176 1291 1212 seu
1339 1177 1631 1225 quocunque
1679 1163 1777 1212 alio
1815 1164 1924 1213 loco
1962 1166 2039 1212 sui
2077 1165 2362 1226 eccentrici3
2418 1170 2467 1213 et

1203 1236 1269 1296 (si
1306 1250 1470 1298 presse
1490 1236 1828 1285 'insistendum
1858 1243 1933 1286 est
1970 1236 2232 1300 hypothesi
2264 1236 2465 1301 Tycho-

1202 1309 1341 1357 nicae
1389 1309 1674 1357 variationis
1722 1311 1791 1358 sic
1847 1307 2034 1377 dictae)
2087 1309 2305 1372 praecise
2352 1311 2466 1372 qui-

1205 1380 1312 1430 dem
1351 1387 1488 1430 tanto
1526 1381 1728 1430 celerior
1766 1382 1886 1442 illic,
1927 1388 2110 1445 quanto
2150 1381 2332 1431 tardior
2369 1382 2464 1432 hic.

1130 1458 1142 1468 “
1204 1453 1271 1502 At
1296 1467 1412 1503 vero
1432 1454 1621 1517 species
1647 1455 1756 1517 ipsa
1775 1455 1985 1504 Telluris
2011 1457 2059 1503 in
2079 1457 2321 1505 rotatione
2347 1469 2467 1504 con-

543 759 554 766 *
618 770 698 811 mg.
744 769 798 803 ss.

1202 1600 1357 1647 ritatis
1385 1605 1460 1649 est
1495 1600 1748 1649 uniformis
1781 1602 2104 1662 circumcirca,
2142 1607 2242 1649 tam
2267 1602 2325 1649 iis
2351 1615 2466 1664 par-

1202 1672 1349 1732 tibus,
1387 1687 1514 1735 quae
1539 1680 1798 1722 versantur
1822 1675 1869 1721 in
1896 1673 2085 1738 copulis
2111 1674 2173 1735 D,
2214 1672 2277 1735 Η,
2319 1688 2464 1737 quam

1202 1746 1278 1805 iis,
1317 1759 1444 1807 quae
1469 1747 1518 1793 in
1546 1745 1743 1808 quadris
1772 1746 1826 1808 F,
1863 1746 1925 1807 K,
1965 1746 2183 1809 intellige
2213 1748 2262 1794 iu
2291 1760 2387 1795 uno
2418 1753 2467 1796 et

201 1818 372 1869 eodem
407 1817 665 1869 intervallo
702 1817 874 1867 Lunae
913 1822 962 1866 et
999 1817 1197 1867 Terrae.
1273 1815 1480 1881 Oportet
1516 1819 1664 1880 igitur
1700 1819 1763 1868 ad
1801 1821 2012 1883 speciem
2051 1819 2179 1869 hanc
2215 1821 2465 1869 motricem

200 1891 429 1943 accedere
455 1905 628 1942 causas
667 1896 830 1940 motus
867 1890 1006 1952 alias,
1047 1905 1172 1954 quae
1211 1889 1273 1939 ad
1300 1890 1472 1940 Lunae
1509 1891 1688 1954 phases
1726 1894 1823 1941 sint
1860 1892 2287 1954 accommodata03
2327 1894 2462 1956 atqui

199 1965 370 2015 Lunae
421 1965 600 2034 phases
655 1963 929 2013 efficiuntur
981 1979 1013 2013 a
1068 1963 1208 2013 Sole:
1266 1962 1353 2012 Sol
1408 1965 1559 2028 igitur
1612 1963 1817 2028 adjuvat
1871 1971 2056 2015 motum
2111 1965 2281 2015 Lunae
2337 1966 2464 2014 circa

200 2038 413 2088 Terram.

347 2107 400 2175 2)
437 2110 624 2159 Firmat
672 2107 815 2159 fidem
869 2106 1017 2170 hujus
1068 2121 1331 2156 concursus
1369 2106 1523 2170 Solis,
1575 2108 1707 2172 quod
1745 2111 1880 2173 prius
1919 2110 2002 2158 fol.
2043 2110 2163 2159 360.
2207 2108 2336 2158 idem
2374 2109 2460 2159 Sol
2533 2106 2536 2110 ’

201 2184 464 2233 accersitus
502 2183 607 2244 suit,
649 2183 732 2245 qui
777 2181 923 2231 etiam
962 2178 1173 2229 Telluris
1213 2182 1261 2227 in
1299 2180 1599 2230 revolvendo
1639 2181 1937 2232 celeritatem
1976 2181 2237 2245 adjuvaret
2275 2182 2458 2232 illumi-

201 2257 398 2305 natione
436 2255 587 2319 globi,
627 2255 766 2317 cujus
804 2254 884 2302 hic
921 2251 1111 2302 medius
1151 2253 1359 2302 circulus
1386 2254 1490 2302 AB.
1547 2255 1678 2305 Hinc
1717 2257 1846 2304 enim
1884 2257 2093 2319 primum
2131 2261 2369 2318 tanquam
2410 2257 2456 2304 in

201 2329 423 2392 exemplo
463 2327 675 2377 Telluris
720 2325 1074 2387 intelleximuS,
1129 2327 1276 2375 etiam
1323 2328 1371 2374 in
1423 2325 1606 2377 lumine
1653 2327 1784 2377 Solis
1834 2330 1934 2376 vim
1981 2329 2141 2377 inesse
2194 2329 2458 2391 vegetandi

200 2407 411 2460 motum,
462 2399 636 2451 deinde
685 2399 1012 2450 necessarium
1066 2399 1213 2447 etiam
1250 2413 1337 2462 pro
1379 2399 1519 2449 Luna
1566 2406 1905 2463 argumentum
1950 2400 2163 2449 indidem
2203 2403 2455 2452 nectimus.

199 2475 325 2523 Nam
362 2475 403 2523 si
444 2473 634 2522 DFHK
672 2475 861 2536 species
903 2472 1118 2535 corporis
1156 2471 1336 2521 Terrae
1375 2472 1488 2533 AB,
1540 2480 1594 2521 ut
1642 2472 1729 2523 illa
1770 2481 1842 2523 est
1882 2476 1930 2522 in
1969 2474 2298 2523 turbinatione
2338 2488 2459 2524 con-

202 2548 387 2609 stituta,
427 2552 594 2595 movet
619 2546 825 2606 Lunam,
865 2543 953 2594 Sol
991 2558 1108 2593 vero
1149 2545 1525 2595 turbinatiouem
1564 2545 1692 2595 hanc
1732 2548 1931 2597 incitat:
1971 2561 2058 2610 per
2083 2546 2283 2596 Terram
2314 2548 2462 2612 igitur

202 2620 407 2683 ejusque
446 2619 658 2683 speciem
696 2621 946 2667 incitatam
986 2617 1210 2666 incitabit
1246 2625 1294 2666 et
1333 2617 1538 2667 Lunam.

348 2692 490 2741 Num
530 2694 688 2756 iyitur
724 2693 874 2754 aliter
909 2705 959 2739 se
995 2690 1143 2739 habet
1179 2691 1302 2740 haec
1339 2691 1681 2753 illuminatio,
1740 2690 1897 2740 Luna
1950 2694 2008 2740 in
2046 2691 2258 2755 quadris
2294 2691 2366 2753 F,
2407 2692 2466 2742 K

202 2772 460 2827 versante,
517 2767 666 2815 aliter
702 2767 757 2813 in
795 2764 864 2826 D,
904 2765 961 2812 H
994 2763 1226 2825 copulis?
1285 2763 1487 2815 Minime
1526 2778 1668 2814 vero:
1720 2779 1834 2814 nam
1874 2765 2132 2828 utrobique
2171 2764 2458 2815 medietates

202 2838 459 2900 globorum
498 2838 860 2892 illuminantur,
911 2843 1012 2886 tam
1050 2835 1259 2884 Telluris
1300 2836 1415 2898 AB,
1470 2852 1595 2900 quae
1652 2844 1839 2886 motum
1878 2839 2044 2899 insert,
2103 2852 2249 2900 quam
2288 2838 2458 2887 Lunae

203 2910 289 2959 OD
329 2910 408 2960 vel
448 2910 572 2971 GH,
628 2912 708 2960 cui
756 2915 917 2959 motus
970 2909 1183 2958 infertur.
1263 2908 1391 2971 Quin
1441 2913 1586 2960 etiam
1625 2909 1835 2959 Telluris
1876 2925 1936 2960 ex
1974 2911 2067 2960 hac
2104 2909 2458 2960 illuminatione

203 2982 500 3032 celeritatem
538 2990 746 3046 utroque
784 2990 1003 3047 tempore
1042 2981 1297 3044 aequalem
1338 2994 1460 3043 esse,
1496 2983 1600 3046 jam
1639 2983 1784 3031 modo
1824 2983 2005 3034 dictum
2045 2989 2133 3032 est.

356 3055 494 3105 Unde
546 3059 705 3119 iyitur
752 3057 868 3104 huic
920 3057 1222 3103 accessor-iae
1271 3070 1455 3104 causae
1504 3057 1782 3118 disparitas
1818 3057 1910 3105 illa
1947 3059 2085 3105 venit
2119 3056 2318 3119 effectus
2334 3093 2346 3113 ,
2400 3063 2460 3106 ut
2510 3060 2512 3062 ’

1202 1527 1416 1587 stitutae,
1442 1526 1762 1589 intelligenda
1785 1528 1877 1577 sub
1898 1527 2078 1577 circulo
2099 1527 2302 1588 DFHK,
2335 1527 2465 1578 cele·
2542 1547 2547 1553 ·

201 3133 395 3175 motum
424 3128 606 3178 Lunae
643 3132 700 3177 in
726 3129 794 3189 D,
822 3129 881 3177 H
911 3127 1104 3190 copulis
1141 3129 1378 3176 acceleret
1411 3130 1712 3192 plurimum,
1753 3132 1810 3177 in
1846 3127 1909 3190 F,
1950 3129 2010 3178 K
2042 3129 2254 3192 quadris
2289 3129 2460 3178 nihil?
2551 3200 2554 3206 A

207 3199 276 3246 Et
311 3200 437 3261 quid
473 3218 498 3250 e
545 3204 803 3250 contrario
840 3200 1073 3250 retardat
1109 3207 1304 3250 motum
1344 3201 1527 3250 Lunae
1565 3205 1620 3250 in
1658 3201 1870 3265 quadris
1910 3200 1974 3263 F,
2015 3201 2109 3249 K?
2154 3201 2304 3251 Nulla
2340 3215 2454 3265 pars

200 3271 434 3335 physicae
473 3273 694 3322 coelestis
735 3274 829 3324 hac
867 3276 976 3337 ipsa
1014 3273 1254 3323 difficilior
1290 3275 1383 3322 fuit
1420 3274 1692 3338 explicatu:
1737 3289 1885 3337 quam
1922 3280 1976 3322 ut
2013 3289 2111 3337 qua
2148 3273 2262 3323 licet
2301 3289 2452 3338 expe-

202 3343 408 3403 diamuS,
450 3345 694 3395 schemate
733 3349 822 3395 erit
859 3346 1095 3396 utendum
1133 3346 1247 3395 Nro.
1292 3348 1374 3396 66.

252 3459 258 3466 ,,
346 3415 623 3466 Memineris
661 3419 823 3480 igitur,
864 3419 1071 3468 circulos
1109 3433 1292 3479 omnoe,
1334 3421 1416 3482 qui
1456 3421 1715 3470 terminant
1751 3418 2156 3467 illuminationem
2188 3419 2323 3483 globi
2351 3404 2471 3468 Lu·⁶
2545 3410 2554 3469 i

199 3502 316 3548 nae,
358 3494 412 3536 ut
451 3489 553 3550 CD,
591 3489 690 3537 GH
730 3498 778 3539 et
813 3493 1046 3554 reliquos,
1087 3506 1194 3541 esse
1233 3499 1396 3555 partes
1433 3492 1637 3541 totidem
1675 3490 2038 3554 superficierum
2076 3492 2453 3555 sphaericamm,

200 3563 251 3608 in
288 3571 413 3624 quas
450 3561 638 3620 lumen,
689 3577 747 3610 ex
786 3563 900 3612 Sole
940 3571 994 3612 ut
1032 3570 1196 3613 centro
1237 3566 1461 3625 venienS,
1503 3566 1797 3628 explicatur,
1838 3564 2068 3613 circulum
2111 3579 2225 3614 vero
2264 3563 2454 3613 DFHK

198 3639 564 3697 repraesentare
603 3635 814 3696 speciem
853 3639 1065 3698 corporis
1104 3637 1315 3687 Telluris
1343 3638 1447 3697 AB,
1486 3639 1537 3686 in
1575 3638 1681 3700 ejus
1722 3642 1885 3686 centro
1924 3638 2020 3698 siti,
2060 3639 2310 3687 motricem
2349 3637 2452 3685 Lu·
2540 3656 2546 3678 ε

197 3721 307 3756 nae.
336 3741 340 3749 «
366 3707 516 3755 Vides
554 3707 604 3752 in
642 3706 705 3763 D,
745 3705 793 3752 H
832 3709 1019 3769 copulis
1058 3710 1268 3759 invicem
1307 3710 1544 3773 applicari
1582 3724 1668 3773 per
1705 3714 1983 3758 contactum
2018 3712 2231 3773 speciem
2255 3709 2451 3758 luminis

2538 3703 2544 3742 ἱ

201 3780 288 3827 CD
328 3787 377 3829 et
414 3780 627 3843 speciem
667 3779 882 3840 corporis
922 3778 1129 3828 Telluris
1171 3781 1378 3843 OCDL,
1425 3797 1551 3845 quae
1590 3785 1638 3829 iu
1677 3782 1734 3842 L,
1774 3782 1845 3846 M,
1884 3782 1945 3843 N,
1988 3781 2030 3831 Ο
2069 3797 2122 3831 se
2159 3788 2330 3831 mutuo
2367 3778 2470 3830 se-‘
2538 3777 2543 3802 ⁷

202 3858 312 3901 cant
349 3851 544 3918 angulis
584 3851 817 3914 obliquis,
871 3855 925 3899 ut
963 3851 1227 3915 applicatio
1267 3857 1330 3904 sit
1369 3855 1715 3923 imperfectior,
1775 3861 1824 3905 at
1861 3857 1911 3902 in
1949 3855 2062 3914 EF,
2109 3855 2183 3904 IK
2235 3853 2447 3920 quadris,-
2535 3867 2539 3883 ¹
