2554 4140
814 897 1145 983 Comparatio
1190 895 1470 964 Ptolemaei
1500 902 1567 995 ‘et
1611 897 1835 984 chlcri.

555 1040 698 1098 Quod,
730 1039 998 1092 Ptolemaee,
1028 1052 1180 1085 moves
1210 1038 1386 1085 coelum
1416 1041 1741 1099 flagrantiaque
1771 1046 1908 1097 astra,

725 1104 886 1151 Judice
915 1119 987 1152 me
1013 1105 1165 1162 magni
1193 1104 1270 1162 nil,
1300 1105 1575 1162 Ptolemaeo,
1606 1105 1734 1153 facis.
1789 1132 1791 1135 ·

551 1171 641 1216 Res
671 1170 780 1216 levis
811 1177 882 1217 est
911 1172 1100 1225 coelum,
1138 1171 1254 1217 levia
1284 1178 1427 1229 astra,
1458 1173 1713 1220 levissimus
1743 1174 1860 1232 ignis

725 1237 786 1281 Et
815 1238 1028 1296 quicquid
1059 1238 1192 1284 simili
1220 1238 1468 1284 mobilitate
1497 1240 1632 1296 viget.

552 1302 816 1360 Keplerides
846 1304 1005 1349 merito
1035 1309 1081 1348 te
1111 1304 1254 1349 multo
1285 1304 1430 1362 maj0r,
1456 1303 1672 1362 habetur,

725 1369 917 1416 Telluris
946 1383 1081 1427 grave
1111 1371 1189 1428 qui
1218 1370 1397 1427 pondus
1426 1371 1637 1428 inersque
1665 1376 1826 1428 movet,

550 1433 613 1478 Et
642 1433 739 1479 solo
770 1434 857 1480 hoc
885 1441 1011 1481 motu
1039 1437 1143 1494 plus
1172 1441 1377 1494 praestat
1406 1441 1454 1480 et
1482 1435 1623 1482 efficit
1653 1451 1791 1485 nnus,

730 1500 875 1556 Quam
905 1515 1005 1546 cum
1035 1502 1227 1548 millenis
1256 1508 1321 1555 tu,
1351 1501 1623 1559 Ptolemaee‚
1655 1503 1804 1561 cyclis.

551 1564 591 1609 Α
621 1567 775 1623 pueris
803 1567 998 1624 plumae,
1029 1567 1222 1626 stipulae
1252 1567 1494 1624 bnllaeqne
1522 1573 1750 1626 rotantur,

727 1631 790 1676 At
817 1633 958 1678 maria
986 1637 1032 1679 et
1059 1638 1236 1679 montes
1267 1633 1344 1691 qui
1372 1639 1507 1693 rotat,
1536 1633 1614 1679 ille
1643 1634 1711 1679 vir
1740 1639 1822 1680 est.

1152 1788 1532 1849 Aliud:

553 1921 819 1980 Kepleridcs
850 1923 1035 1971 Terram
1064 1924 1226 1983 volvit,
1255 1926 1543 1972 Ptolemaeus
1575 1925 1827 1983 Olympum,

723 1989 837 2035 Rem
866 1996 988 2036 rotat
1015 1991 1102 2038 iste
1131 1993 1297 2049 levem,
1327 2006 1423 2038 rem
1452 1997 1576 2038 rotat
1604 1991 1680 2038 ille
1711 2005 1905 2051 gravem.

550 2052 636 2098 Dic
666 2058 768 2099 uter
795 2054 974 2101 illorum
1003 2057 1174 2114 majore
1204 2062 1275 2104 est
1308 2057 1467 2114 dignus
1498 2057 1688 2113 honore,

727 2119 1035 2168 Germanusne
1064 2123 1233 2181 gravis,
1267 2122 1517 2170 Graeculus
1548 2136 1665 2168 anne
1694 2123 1837 2171 levis?

551 2186 605 2231 In
636 2185 771 2232 dubio
803 2185 859 2231 lis
890 2194 973 2232 est.
1031 2187 1200 2234 Tamen
1230 2189 1366 2235 unica
1394 2187 1552 2246 regula
1579 2187 1705 2234 Juris

725 2252 999 2310 Kepleriden
1027 2254 1155 2312 ponit
1182 2253 1401 2300 nobiliore
1428 2254 1546 2301 loc0.

553 2317 727 2375 Regula
758 2319 902 2374 quae?
932 2317 1187 2376 Numquam
1215 2320 1312 2366 fieri
1342 2333 1425 2377 per
1453 2320 1602 2378 pluria
1633 2320 1812 2377 debent,

726 2384 948 2430 Constitui
977 2391 1171 2443 possunt
1199 2399 1316 2445 quae
1344 2386 1548 2432 breviore
1576 2399 1725 2431 manu.

1501 2489 1553 2535 F.

1647 2591 1928 2650 Saxirupius
1967 2593 2278 2652 Viryinianus.
