2554 4140
242 158 342 207 162
1137 149 1386 208 'Epitomes
1422 147 1735 195 Astronomiae

245 307 407 351 centro
448 306 549 363 est,
590 301 707 363 quia
745 298 933 349 circulis
971 299 1151 350 Terrae
1191 304 1242 349 et
1278 298 1401 366 coeli
1439 299 1672 348 eveniunt
1707 295 2116 362 proportionalia,
2164 296 2252 348 sed
2290 312 2350 348 ex
2387 296 2480 346 ad-

238 389 379 423 verso
419 373 529 422 ideo
570 374 800 422 eveniunt
838 372 1027 422 circulis
1052 373 1230 422 Terrae
1270 377 1317 421 et
1353 370 1477 420 coeli
1500 371 1898 436 proportionalia,
1938 373 2054 435 quia
2078 373 2215 420 visus
2254 376 2301 420 et
2325 372 2479 420 ratio-

236 448 414 496 cinatio
454 445 657 513 circulos
696 446 931 495 coelestes
969 460 1030 494 ex
1068 450 1230 494 centro
1271 443 1448 492 Terrae
1488 443 1779 492 describunt.

382 518 441 566 Si
484 502 642 567 Terra
689 533 796 568 non
831 525 949 568 esset
984 520 1041 566 in
1076 510 1262 577 medio,
1310 516 1550 564 videntur
1594 531 1700 565 non
1733 517 1918 580 futura
1968 518 2311 578 aequinoctia,
2351 515 2482 564 Sole

235 594 290 638 in
328 590 551 639 medium
589 592 837 640 circulum
875 593 1116 639 veniente.
1191 588 1321 637 Sane
1358 602 1418 636 ex
1456 589 1778 650 aequinoctiis
1825 589 2086 652 probatur,
2135 588 2335 637 Terram
2374 601 2480 638 esse

234 666 283 709 in
322 665 542 713 sectione·
582 666 823 712 communi
860 663 1048 711 zodiaci
1088 676 1197 710 cum
1234 667 1522 723 aequatore,
1573 666 1623 709 et
1658 662 1729 709 sic
1764 663 1813 709 in
1850 663 2101 724 utriusque
2139 660 2286 723 plano
2332 674 2481 723 inque

235 742 398 791 centro
437 738 734 799 aequatoris,
774 742 827 784 ut
863 736 1051 799 patebit
1088 748 1148 783 ex
1188 733 1406 782 doctrina
1444 733 1713 795 sphaerica.
1789 734 1854 782 At
1902 748 1999 782 non
2040 739 2115 781 est
2150 746 2376 792 necesse,
2428 739 2483 781 ut

234 808 382 857 Terra
419 807 482 857 sit
519 809 639 859 ideo
667 812 715 856 in
756 815 918 857 centro
956 809 1107 855 totius
1144 807 1376 856 universi.
1449 806 1575 854 Nam
1603 808 1747 854 etiam
1785 808 1855 855 sic
1891 809 1982 855 erit
2016 807 2064 852 in
2103 805 2251 870 plano
2276 805 2479 866 zodiaci,

235 883 276 928 si
313 883 420 944 ipsa
458 888 592 931 motu
631 896 720 930 suo
763 884 888 929 circa
926 879 1088 929 Solem
1129 879 1197 944 (et
1234 881 1303 927 sic
1338 877 1490 941 [extra
1540 879 1981 942 mundicentrum)
2022 878 2263 927 describat
2307 877 2478 926 zodia·
2532 942 2535 945 ἢ

234 968 344 1002 cum
384 955 475 1002 sub
514 954 621 1003 fixis
659 968 745 1017 per
781 954 1209 1016 imaginationem3
1251 952 1397 1001 etiam
1435 953 1505 999 sic
1544 953 1631 999 erit
1670 953 1717 999 in
1755 952 1901 1015 plano
1941 954 2236 1013 aequatoris,
2273 953 2315 999 si
2342 957 2478 999 motu

233 1029 309 1073 sui
361 1028 574 1090 corporis
624 1027 794 1075 diurno
847 1028 974 1074 circa
1025 1039 1165 1074 axem
1203 1039 1344 1072 suum
1397 1022 1638 1072 describat
1687 1024 1893 1073 circulos
1947 1038 2033 1088 per
2080 1025 2478 1087 imaginationem

235 1101 325 1147 sub
366 1098 474 1147 fixis
523 1099 785 1163 parallelos
825 1112 1088 1160 eorumque
1126 1097 1337 1146 medium
1374 1103 1711 1160 aequatorem,
1751 1111 2042 1160 quocunque
2081 1098 2129 1143 in
2168 1096 2277 1145 loco
2315 1096 2482 1145 mundi
2539 1142 2554 1163 ,Ι

233 1173 302 1220 sic
340 1178 538 1222 rotetur.
613 1172 739 1220 Nam
789 1172 832 1220 si
870 1171 1022 1219 Terra
1074 1171 1123 1218 in
1171 1169 1270 1218 alia
1317 1168 1484 1232 aliqua
1534 1171 1731 1232 regione
1768 1169 1934 1218 mundi
1985 1175 2033 1218 et
2082 1175 2321 1218 rotaretur
2359 1171 2484 1219 eirca

234 1259 375 1293 axem
418 1250 469 1292 et
508 1245 709 1294 ferretur
749 1246 874 1293 circa
902 1243 1082 1304 Solem,
1123 1257 1208 1306 per
1223 1242 1347 1292 alias
1387 1244 1533 1292 etiam
1570 1242 1692 1291 fixas
1729 1242 1781 1290 hi
1819 1242 1983 1292 circuli
2026 1242 2339 1306 imaginando
2377 1248 2479 1292 tra-

233 1316 536 1368 ducerentur.

379 1390 437 1437 Si
482 1389 639 1438 Terra
675 1404 781 1438 non
818 1395 935 1436 esset
977 1391 1034 1437 in
1070 1387 1234 1438 medio
1269 1387 1452 1436 mundi
1500 1389 1650 1437 totius
1686 1393 1874 1449 centro,
1927 1402 2198 1451 nunquam
2236 1390 2484 1452 conspice-

229 1467 370 1510 retur
407 1461 574 1509 media
609 1461 1060 1529 praecisezodiaci
1097 1462 1175 1509 vel
1211 1461 1394 1509 mundi
1423 1475 1553 1522 pars
1585 1474 1745 1522 supra
1782 1460 2103 1522 horizontem,
2141 1461 2226 1508 sed
2260 1462 2339 1510 vel
2370 1461 2485 1524 plus

231 1535 310 1583 vel
343 1537 531 1594 minue,
570 1537 669 1582 nisi
687 1540 889 1582 tantum
926 1549 982 1583 eo
1017 1539 1283 1594 momente,
1323 1532 1530 1595 quando
1551 1532 1746 1582 zodiaci
1782 1533 1860 1581 vel
1894 1533 2078 1582 mundi
2113 1539 2340 1582 centrum
2378 1536 2484 1582 ori-

229 1612 330 1654 tur.
417 1606 478 1654 Ut
514 1609 555 1654 si
591 1599 691 1655 sint
718 1606 768 1654 N
771 1605 832 1655 M
860 1607 938 1654 vel
968 1605 1058 1654 OE
1092 1607 1362 1655 horizontis
1398 1607 1574 1666 lineae,
1611 1606 1850 1654 secabunt
1872 1606 2126 1655 mundum
2150 1608 2208 1654 in
2230 1610 2484 1669 inaequa-

227 1679 312 1740 lia,
351 1682 431 1727 sin
470 1679 566 1740 IA,
619 1686 739 1727 tunc
775 1682 832 1727 in
870 1679 1132 1741 aequalia,
1184 1681 1307 1741 quia
1347 1681 1390 1726 A
1439 1685 1667 1727 centrum
1716 1678 1893 1727 incidit
1941 1681 1998 1727 in
2036 1679 2111 1727 121
2161 1678 2480 1729 hodzontM.

228 1751 411 1800 Verum
466 1758 566 1812 est,
629 1751 761 1815 quod
810 1751 1061 1813 objicitur,
1122 1757 1174 1800 at
1226 1751 1346 1799 nihil
1391 1750 1540 1800 habet
1591 1747 1818 1812 absurdi,
1884 1751 2006 1799 nihil
2056 1753 2347 1801 contrarium
2397 1766 2484 1801 ex—

227 1826 492 1886 perientiae
530 1825 832 1874 manifestae.
874 1823 996 1886 Quis
1033 1827 1160 1873 enim
1198 1839 1394 1874 mensus
1434 1829 1508 1873 est
1546 1837 1759 1887 unquam
1795 1823 1862 1885 id,
1925 1823 2056 1887 quod
2094 1824 2154 1875 de
2194 1825 2374 1875 mundo
2413 1826 2484 1874 si-

227 1898 329 1945 mul
366 1912 463 1946 uno
503 1899 678 1947 intuitu
718 1895 1120 1960 comprehendit?
1171 1896 1558 1960 Quantacunque
1585 1903 1744 1947 tamen
1771 1896 1936 1945 mundi
1961 1900 2120 1961 portio
2146 1899 2321 1961 quovis
2359 1904 2484 1947 tem-

2535 1478 2554 1622 ...ιτ-ΕΜ
2537 1374 2554 1458 *ct-„¹
2547 1314 2554 1355 ὁ...
2552 1267 2554 1274 .
2552 1205 2554 1213 -

2534 1737 2554 1842 *ιε-ἰη
2536 1712 2539 1714 “
2552 1680 2554 1689 ..

228 1984 347 2032 pore
387 1977 638 2033 cernatur,
688 1985 747 2019 ea
786 1972 1134 2033 imaginatione
1171 1970 1438 2034 sphaerae,
1485 1971 1612 2019 circa
1649 1971 1806 2020 visum
1845 1969 2113 2035 descriptae
2152 1977 2200 2020 et
2236 1971 2485 2023 horizonte
2510 1983 2554 2031 aefiss

237 2043 416 2093 circulo
458 2045 686 2106 bisectae,
728 2050 950 2093 censetur
988 2058 1094 2093 esse
1133 2043 1398 2107 perfectum
1434 2042 1858 2105 hemisphaerium.

343 2165 467 2208 Pone
491 2165 676 2209 Terram
705 2164 742 2209 Ο
775 2178 874 2211 esse
904 2165 1053 2212 medio
1085 2149 1187 2211 loco
1217 2165 1336 2211 inter
1365 2165 1388 2209 I
1410 2118 1497 2209 ex·-
1896 2178 1981 2220 Fig.
2010 2178 2066 2232 ²33·

229 2231 499 2274 tremitatem
529 2231 623 2275 veri
664 2229 837 2276 zodiaci
876 2247 956 2285 seu
986 2230 1180 2277 fixarum
1220 2232 1266 2277 et
1303 2231 1422 2275 inter
1451 2230 1493 2273 A

231 2299 462 2340 centrum:
495 2295 647 2353 itaque
670 2295 796 2354 COE,
829 2312 945 2354 quae
968 2305 1038 2346 est
1054 2298 1140 2356 ipsi
1157 2297 1220 2342 ΑΙ
1242 2296 1300 2342 ad
1329 2300 1492 2344 rectos,

229 2360 453 2405 resecabit
487 2362 584 2406 CIE
618 2359 794 2407 tertiam
825 2371 1015 2422 partem,
1063 2363 1239 2420 eritque
1271 2362 1388 2407 CNE
1422 2376 1491 2407 ar-

229 2438 308 2471 cus
358 2424 523 2484 duplus
569 2427 712 2484 ipsius
755 2429 868 2474 CIE.
930 2432 992 2476 At
1032 2428 1326 2474 nihilominus
1368 2427 1491 2473 visus

226 2493 273 2536 in
306 2492 342 2537 0
375 2493 648 2539 constitutus
686 2495 877 2542 haberet
918 2508 1071 2541 arcum
1103 2494 1204 2539 CIE
1234 2507 1317 2551 pro
1361 2494 1491 2538 semi—

229 2558 418 2612 circulo,
466 2571 556 2604 non
597 2559 745 2605 minus
786 2576 920 2619 quam
960 2575 1114 2607 arcum
1156 2560 1287 2605 CNE.
1350 2560 1490 2604 Fixas

229 2624 347 2668 enim
379 2637 532 2669 omnes
562 2625 610 2669 in
639 2625 742 2672 ICN
771 2628 1037 2673 transferret
1072 2639 1155 2684 per
1183 2631 1334 2670 rectas
1367 2638 1422 2668 ex
1453 2623 1490 2667 Ο

229 2689 416 2735 eductas
448 2689 496 2734 in
527 2688 755 2735 circellum
786 2692 1005 2736 minorem
1039 2704 1096 2736 ex
1127 2691 1164 2736 O
1199 2687 1489 2747 descriptum.

373 2767 536 2830 Siyna
577 2767 722 2830 bina,
772 2771 827 2816 in
866 2783 1087 2832 quorum
1123 2781 1229 2817 uno
1267 2770 1492 2815 cernitur

230 2840 384 2888 Luna
409 2840 647 2903 deficiens,
685 2843 742 2889 in
781 2842 937 2892 altero
975 2841 1076 2902 Sol,
1116 2855 1221 2890 non
1258 2840 1491 2888 videren-

216 2919 315 2961 tur
363 2928 422 2962 ex
481 2914 638 2962 Terra
683 2916 900 2963 invicem
946 2916 1197 2978 opposita,
1249 2915 1291 2960 si
1336 2913 1491 2960 Terra

226 3000 332 3034 non
372 2993 487 3035 esset
516 2989 573 3035 in
610 2987 787 3037 medio.
863 2988 1103 3051 Equidem
1139 2987 1181 3034 si
1208 2985 1358 3034 Terra
1394 2998 1491 3033 non

230 3058 356 3106 inter
393 3057 559 3108 Solem
597 3066 646 3108 et
676 3060 866 3110 Lunam
904 3059 1235 3119 intercederet,
1265 3072 1371 3106 *non
1410 3060 1491 3121 vi-

231 3129 365 3178 deret
402 3130 660 3181 luminaria
691 3135 740 3181 in
779 3133 900 3183 locis
940 3134 1192 3198 oppositis.
1268 3131 1336 3179 At
1382 3145 1491 3179 cum

230 3202 372 3251 Luna
411 3203 594 3265 deficit,
643 3206 796 3255 Terra
831 3207 1146 3256 interlocatur
1183 3206 1306 3254 inter
1343 3203 1492 3253 lumi·
2408 3246 2418 3249 -

225 3277 382 3335 naria,
432 3278 548 3339 quia
584 3280 691 3341 ipsa
728 3279 879 3328 Terra
915 3287 1017 3338 est,
1065 3292 1192 3341 quae
1231 3277 1402 3326 umbra
1438 3278 1514 3326 sui
1555 3278 1769 3340 corporis
1810 3276 1998 3326 Lunam
2047 3278 2270 3328 involvit.
2346 3280 2472 3343 Ergo

223 3362 422 3397 necesse
461 3355 558 3411 est,
599 3350 788 3399 Lunam
827 3351 1132 3402 deficientem
1169 3352 1218 3398 in
1257 3352 1481 3415 opposito
1520 3350 1651 3400 Solis
1686 3351 1909 3414 spectari,
1950 3364 2240 3415 quocunque
2277 3351 2473 3403 Terram

226 3421 540 3484 eclipsantem
577 3437 687 3471 cum
724 3424 866 3472 Luna
904 3426 1140 3489 eclipsata
1175 3426 1465 3487 reposueris.

370 3493 574 3557 Semper
613 3498 801 3546 oriente
838 3496 994 3546 Luna
1029 3499 1265 3560 eclipsata
1303 3497 1392 3547 Sol
1428 3497 1603 3546 occidit
1639 3498 1903 3558 oriturque
1927 3496 2171 3546 occidente
2206 3498 2297 3547 illa
2323 3498 2473 3561 eclip-

222 3573 361 3626 sata,
409 3573 454 3614 et
489 3567 579 3617 hoc
612 3583 703 3631 per
739 3575 900 3617 totum
945 3570 1128 3618 Terrae
1179 3569 1452 3631 ambitum,
1500 3570 1787 3631 ubicunque
1836 3570 2024 3632 eclipsis
2067 3571 2124 3618 in
2167 3571 2472 3621 horizontem
2535 3558 2554 3603 ’ἶ

221 3639 411 3688 incidit.
487 3642 573 3687 An
608 3655 714 3690 non
750 3641 866 3689 hinc
899 3643 1162 3704 probatur,
1212 3643 1420 3691 Terram
1459 3657 1561 3691 esse
1597 3645 1654 3691 in
1689 3642 1850 3692 medio
1875 3641 2096 3690 mundi?
2167 3643 2277 3692 Non
2301 3644 2469 3707 sequi·-

222 3719 298 3760 tur
335 3712 443 3774 hoc,
482 3711 571 3762 sed
610 3713 767 3761 solum
806 3713 944 3773 illud,
984 3714 1181 3763 Terram
1222 3729 1330 3763 cum
1367 3716 1686 3764 luminaribus
1722 3716 1772 3762 in
1811 3715 1983 3764 eadem
2006 3713 2137 3764 linea
2173 3721 2305 3765 recta
2341 3730 2463 3776 esse,

221 3784 415 3847 quando
461 3784 602 3834 Luna
658 3785 833 3835 deficit.
909 3786 1086 3836 Posset
1139 3793 1304 3837 autem
1351 3788 1481 3838 idem
1524 3787 1652 3848 fieri,
1710 3789 1752 3835 si
1789 3787 1939 3838 Terra
1987 3801 2095 3835 cum
2135 3789 2251 3838 orbe
2292 3788 2460 3838 Lunae

218 3860 436 3919 proxime
474 3859 606 3921 ipsas
646 3858 767 3909 fixas
807 3858 1143 3910 collocaretur.
1218 3859 1535 3926 Apparetque
1574 3860 1701 3911 idem
1731 3861 2000 3912 necessario
2043 3863 2188 3911 etiam
2226 3862 2273 3911 in
2312 3861 2459 3926 globo

2549 3482 2554 3527 l

2548 3612 2554 3675 ¹]
