2554 4140
1113 121 1360 172 Praefatio.
2013 99 2020 108 Ι
2271 127 2371 176 667

113 277 215 328 deri
254 283 456 342 possent
492 281 753 340 essentque
791 280 932 340 signa
968 276 1240 326 futurorum
1275 276 1410 339 prius
1446 276 1496 324 in
1534 280 1720 336 mente,
1773 289 1920 338 quam
1955 275 2004 321 in
2042 270 2240 321 mundo,
2316 270 2374 319 In

112 351 242 401 hunc
282 367 424 402 usum
465 349 797 415 suppeditavit
836 350 1138 400 arithmetica
1176 348 1391 398 calculos
1431 354 1479 397 et
1516 348 1727 409 tabulaS,
1766 344 2110 412 hypothesium
2148 346 2247 394 vim
2285 357 2372 391 ex-

110 426 402 487 primentes,
442 424 726 473 mechanica
764 423 987 485 circulos,
1027 423 1254 482 theorias,
1294 423 1574 471 sciaterica:
1617 427 1671 469 ut
1708 436 1805 484 qua
1843 426 1979 483 parte
2018 433 2153 468 mens
2194 416 2370 466 defati-

110 503 228 559 gata
267 497 630 556 succumberet,
678 496 746 544 ibi
785 495 865 545 vel
902 510 1075 545 manus
1114 493 1465 558 opitularentur
1502 500 1727 556 essetque
1765 491 2040 541 omnimodo
2081 493 2163 540 via
2200 495 2371 553 patens

112 576 160 617 et
199 569 524 632 complanata,
564 583 690 632 quae
727 570 777 616 in
813 570 1028 632 positum
1066 568 1278 617 siderum
1314 573 1637 630 praesentem,
1688 567 2002 628 praeteritum
2040 565 2121 613 vel
2159 564 2371 612 futurum

109 647 243 691 recta
280 641 490 703 duceret,
530 647 585 690 ut
623 641 728 704 ejus
766 643 945 690 intuitu
982 640 1169 690 scilicet
1207 645 1491 690 nascentum
1528 639 1632 688 fata
1668 639 1819 701 pangi
1857 643 2072 701 possent.

255 713 437 763 Verum
477 710 722 764 enimvero
759 720 923 778 partes
959 715 1081 763 istas
1119 715 1264 778 artiS‚
1317 717 1543 776 acceptas
1581 712 1643 760 ab
1682 711 1887 759 infantia
1925 725 2028 770 sua,
2069 723 2186 758 sane
2226 722 2372 771 quam

109 785 350 849 profunda
388 794 437 837 et
474 788 754 852 insipiente,
808 786 1073 836 succedens
1111 787 1344 840 maturior
1397 785 1755 835 exercitationis
1796 789 1930 832 aetas
1969 783 2173 845 finisque
2212 781 2371 830 subli-

111 859 234 907 mior
259 867 307 908 et
343 859 623 924 inculpatus
650 868 698 909 et
724 861 1019 923 approbavit
1057 873 1238 920 omneS,
1281 864 1329 908 et
1364 859 1617 908 robor-avit
1654 855 2094 919 consolidavitque,
2140 860 2191 904 ut
2228 867 2371 917 porro

112 945 208 980 non
246 934 403 995 possit
439 935 501 982 iis
540 947 702 982 carere
739 932 1052 995 philosophia
1090 931 1337 992 sideralis,
1391 931 1652 994 Solemque
1693 945 1719 979 e
1756 928 1937 978 mundo
1988 928 2234 976 sublatum
2274 931 2368 986 eat,

113 1005 197 1067 qui
233 1005 427 1055 tabulas
467 1005 816 1055 astronomicas
855 1019 881 1054 e
918 1005 1232 1067 philosophia
1282 1003 1630 1067 doctorumque
1683 1001 1884 1066 pulpitis
1924 1001 2118 1051 exulare
2152 1000 2370 1062 jusserit.

255 1077 383 1127 Nam
429 1085 484 1127 ut
527 1077 650 1126 nihil
701 1076 859 1126 dicam
910 1077 969 1126 de
1022 1079 1155 1126 vitae
1210 1077 1522 1140 quotidianae
1572 1076 1946 1125 necessitatibus
1988 1073 2143 1135 deque
2182 1074 2371 1132 artium,

113 1164 241 1212 quae
280 1152 340 1199 iis
379 1152 671 1211 inserviunt,
719 1151 996 1212 principiiS,
1036 1164 1094 1198 ex
1134 1152 1433 1199 astronomia
1472 1155 1520 1199 et
1556 1151 1721 1212 petitis
1763 1154 1811 1198 et
1848 1146 2054 1197 subinde
2091 1143 2373 1208 reparandis

110 1221 529 1287 perficiendisque,
569 1222 628 1271 de
669 1222 1012 1286 chronologia,
1054 1222 1114 1271 de
1152 1222 1384 1271 festorum
1423 1224 1797 1286 supputatione,
1854 1221 1913 1270 de
1952 1218 2273 1283 agricultura,
2315 1216 2374 1266 de

111 1294 379 1357 medicina,
420 1297 480 1345 de
518 1295 840 1358 geographia,
893 1295 953 1345 de
990 1309 1044 1344 re
1079 1297 1306 1344 nautica:
1359 1295 1747 1359 metaphysicam
1784 1296 1941 1357 ipsam
1989 1298 2038 1342 et
2074 1290 2373 1354 theologiam

112 1369 403 1427 intueamur.
478 1368 530 1417 Si
569 1375 656 1429 est,
696 1367 828 1431 quod
863 1382 1029 1418 omnes
1067 1367 1470 1431 philosophorum
1507 1374 1669 1417 sectae
1694 1369 1921 1427 fatentur,
1963 1379 2130 1415 omnes
2158 1365 2371 1413 omnium

113 1445 328 1490 aetatum
378 1440 595 1504 theologi
661 1440 992 1504 conclamant,
1055 1446 1223 1491 omnes
1274 1443 1429 1490 sancti
1481 1441 1714 1490 divinitus
1767 1441 1989 1504 inspirati
2044 1439 2279 1488 effantur:
2334 1437 2375 1483 si

114 1514 237 1563 coeli
273 1527 341 1563 sc.
383 1520 636 1563 enarrant
682 1515 902 1577 yles-iam
939 1513 1066 1574 Dei,
1117 1521 1164 1563 et
1208 1530 1376 1577 opera·
1415 1529 1672 1563 manuum
1726 1515 1833 1574 ejus
1871 1515 2159 1562 annunciat
2192 1511 2374 1574 firma-

112 1593 342 1635 mentum
379 1588 670 1646 (Psal.19.)‚
725 1601 936 1650 quanam
989 1586 1039 1635 id
1077 1589 1228 1636 nostri
1277 1593 1416 1651 parte
1465 1586 1867 1651 deprehendimus
1906 1585 2205 1644 evidentiuS,
2259 1597 2376 1631 num

117 1658 270 1709 oculis
310 1659 583 1723 corporeis,
639 1673 702 1708 an
742 1659 1019 1709 elevatione
1056 1660 1270 1710 mentis?
1327 1658 1509 1709 Oculos
1563 1660 1759 1723 quidem
1805 1673 1897 1708 nos
1933 1659 2112 1707 literati
2151 1671 2259 1706 cum
2297 1658 2376 1704 in-

114 1731 285 1792 doctis,
326 1734 443 1796 quin
482 1733 579 1780 imo
618 1746 729 1781 cum
766 1733 936 1781 bestiis
974 1733 1194 1782 homines
1236 1747 1513 1782 communes
1552 1732 1815 1792 habemuS,
1871 1733 2047 1796 quibus
2087 1732 2177 1779 etsi
2215 1729 2375 1778 admi-

112 1805 318 1854 rabilem
370 1804 581 1853 siderum
639 1807 925 1855 varietatem
985 1812 1033 1855 et
1062 1805 1490 1870 *pulchritudinem
1547 1807 1864 1855 communiter
1915 1805 2044 1854 docti
2095 1809 2142 1853 et
2192 1802 2375 1851 indocti

117 1884 414 1938 contuemur,
456 1886 507 1927 at
532 1880 806 1928 interiorem
826 1881 985 1943 operis
1011 1885 1247 1941 ornatum,
1287 1879 1649 1928 revolutionum
1676 1879 1960 1929 coelestium
1987 1876 2217 1938 ordinem,
2258 1889 2378 1924 con-

117 1954 348 2000 stantiam
386 1957 434 2000 et
472 1953 845 2015 perpetuitatem
881 1952 1025 2001 nudis
1063 1951 1217 2002 oculis
1255 1967 1351 2001 non
1391 1953 1710 2016 percipimus3
1749 1956 1917 2001 mente.
1948 1951 2026 2000 hic
2066 1964 2188 2014 opus
2215 1954 2289 1998 est
2327 1954 2376 1996 et

114 2026 349 2074 memoria
387 2025 783 2073 observationum
834 2027 1203 2088 praeteritarum
1241 2020 2106 2088 comparationequepraesentium,
2166 2022 2375 2084 denique

114 2098 444 2161 praedictione
492 2097 762 2146 futurorum
810 2100 1080 2161 posituum,
1127 2105 1184 2147 ut
1232 2101 1273 2147 si
1325 2114 1410 2159 ea,
1458 2114 1585 2162 quae
1634 2099 1809 2161 quovis
1861 2103 2076 2160 tempore
2118 2097 2378 2145 observata

115 2177 243 2234 sunt,
283 2177 385 2219 arte
422 2172 685 2219 constituta
722 2178 1156 2234 repraesentemuS,
1199 2186 1258 2220 ea
1296 2186 1429 2232 ver0,
1472 2186 1599 2235 quae
1637 2185 1794 2235 porro‘
1819 2170 2162 2234 praediximus,
2205 2168 2375 2218 eodem

111 2243 257 2293 modo
296 2237 558 2292 viderimus
597 2245 816 2304 evenire,
866 2242 926 2293 de
966 2245 1179 2308 supremi
1230 2247 1431 2294 motoris
1469 2245 1762 2293 immutabili
1799 2249 1975 2293 natura
2013 2242 2170 2305 deque
2210 2240 2376 2289 mundi

112 2317 467 2380 gubernatione
505 2317 956 2380 providentissima,
1000 2318 1058 2366 de
1096 2319 1267 2379 rebus,
1309 2319 1535 2381 inquam,
1574 2319 1623 2366 in
1663 2317 1831 2366 oculos
1869 2331 1965 2365 non
2006 2318 2169 2365 statim
2209 2316 2372 2363 incur-

109 2390 327 2439 rentibus
380 2391 527 2452 inque
580 2389 779 2438 dubium
826 2392 1009 2452 passim
1064 2392 1254 2439 vocatis
1305 2391 1590 2454 plenissima
1645 2392 1965 2455 persuasione
2022 2389 2372 2439 confirmemur.

114 2461 210 2524 Qui
238 2460 317 2511 hic
342 2461 537 2510 tabulas
571 2464 935 2524 astronomicas,
974 2465 1235 2513 memoriae
1272 2464 1559 2524 subsidium,
1601 2464 1832 2512 studiosis
1861 2465 2102 2526 eripuerit,
2143 2464 2182 2510 is
2211 2461 2378 2510 oculos

113 2535 324 2584 hominis
378 2548 577 2594 caecos,
634 2536 1001 2584 observationes
1041 2535 1252 2584 siderum
1305 2538 1469 2585 brutas
1521 2536 1741 2599 nihilque
1781 2536 1982 2600 dignum
2032 2536 2229 2584 homine
2284 2533 2378 2582 do-

113 2615 277 2665 centes
315 2609 632 2671 pracstiterit3
688 2610 728 2655 is
765 2622 923 2671 genus
974 2609 1240 2657 humanum
1277 2607 1428 2672 longa
1479 2609 1754 2658 seculorum
1798 2610 2108 2658 successione
2155 2607 2378 2656 maximis

114 2681 353 2729 artificum
393 2680 644 2729 laboribus
671 2682 946 2728 institutum
985 2681 1043 2730 de
1082 2682 1227 2730 rebus
1255 2680 1685 2744 praestantissimis
1725 2682 2050 2745 edoctumque
2087 2695 2275 2729 rursum
2315 2679 2377 2727 ad

113 2754 411 2803 incunabula
447 2754 679 2816 pristinae
716 2752 958 2817 redegerit
996 2757 1315 2817 ignorantiae.

259 2826 357 2875 Sed
406 2826 618 2889 perstitit
669 2825 839 2875 eadem
891 2829 1217 2876 astronomiae
1269 2827 1605 2877 distinctorum
1657 2827 1824 2876 finium
1875 2827 2196 2885 consociatio,
2251 2839 2377 2887 quae

111 2900 316 2963 primam
356 2900 400 2948 ei
442 2898 573 2947 dedit
611 2900 870 2961 originem,
918 2901 1143 2963 perstitit,
1188 2902 1410 2964 inquam,
1457 2902 1604 2950 etiam
1643 2903 1689 2947 in
1729 2901 2022 2964 perfectione
2066 2900 2206 2958 artis,
2258 2898 2377 2946 reti-

112 2973 315 3036 nuitque
354 2971 627 3034 disciplina,
664 2972 766 3034 jam
805 2986 890 3035 per
916 2972 1146 3022 sublimia
1184 2973 1424 3036 gradiens,
1461 2972 1728 3036 jucundam
1766 2974 2003 3037 pueritiae
2047 2986 2165 3020 suae
2190 2985 2379 3020 memo-

112 3046 260 3106 riam,
309 3052 363 3093 ut
403 3042 653 3092 divinandi
691 3043 930 3105 studium,
986 3046 1115 3108 quod
1153 3048 1360 3109 primum
1400 3047 1595 3095 tabulas
1636 3046 1933 3106 dictaverat,
1996 3044 2191 3094 easdem
2231 3045 2378 3093 etiam

113 3132 341 3167 successu
380 3116 651 3166 seculorum
691 3116 1017 3166 emendandas
1057 3119 1350 3171 admoneret.
1414 3119 1539 3167 Nam
1579 3125 1630 3167 ut
1656 3118 1777 3167 nihil
1811 3120 1915 3181 jam
1945 3118 2102 3166 dicam
2141 3116 2200 3167 de
2227 3116 2379 3166 Chal-

114 3190 346 3240 daeorum
394 3191 652 3248 institutis,
707 3190 1063 3252 longinquitate
1111 3194 1342 3254 temporis
1383 3192 1643 3251 obsoletis,
1699 3198 1753 3239 ut
1791 3206 1957 3240 eorum
1999 3192 2079 3240 vix
2117 3191 2277 3240 tenuis
2316 3189 2377 3239 ad

110 3277 201 3311 nos
240 3278 393 3326 usque
432 3263 562 3311 fama
598 3261 850 3323 perduret:
889 3263 936 3310 in
975 3266 1406 3327 parapegmatibus
1446 3271 1571 3314 certe
1602 3263 1899 3313 Graecorum
1938 3265 2175 3327 pueritiae
2216 3277 2376 3327 quan-

113 3335 225 3385 dam
263 3336 435 3385 videas
475 3336 749 3396 imaginem,
794 3334 960 3384 videas
983 3338 1095 3384 etin
1115 3351 1242 3386 anno
1282 3337 1377 3386 fixo
1420 3338 1620 3385 coelesti
1647 3337 1891 3401 Dionysii,
1933 3339 2016 3401 qui
2057 3352 2165 3386 cum
2205 3337 2378 3399 depre-

113 3408 387 3470 hendisset,
436 3413 750 3470 tempestates
790 3422 976 3456 annuas
1014 3423 1172 3471 neque
1223 3424 1331 3459 cum
1371 3409 1940 3460 enneakaedecaeteridis
1980 3425 2139 3474 vagae
2177 3425 2378 3459 maean-

113 3481 235 3542 dris,
283 3495 440 3544 neque
487 3482 633 3529 etiarn
682 3495 788 3528 cum
844 3482 1090 3530 exortibus
1142 3489 1190 3531 et
1237 3482 1646 3531 occultationibus
1693 3483 1904 3532 siderum
1955 3484 2207 3532 affixorum
2258 3497 2377 3530 con-

117 3559 302 3604 stanter
347 3553 410 3602 ad
462 3568 576 3602 suos
625 3553 727 3602 dies
765 3554 968 3613 reverti,
1021 3555 1180 3617 coepit
1234 3557 1448 3617 quinque
1496 3569 1688 3604 errones
1738 3562 2043 3619 suspectare,
2096 3571 2260 3604 aurem
2301 3555 2378 3602 hic

114 3626 374 3675 Chaldaeis
413 3627 660 3688 praebere,
701 3625 762 3674 ad
803 3640 925 3688 quos
964 3626 1054 3673 sub
1081 3627 1276 3689 regibus
1317 3626 1587 3675 Seleucidis
1617 3635 1879 3691 coeperunt
1919 3643 2188 3678 commeare
2219 3632 2376 3676 astro-

113 3701 245 3748 nomi
282 3698 483 3760 Graeci3
533 3700 694 3762 coepit
731 3700 1061 3762 apparitiones
1115 3713 1335 3748 erronum
1375 3705 1423 3747 et
1463 3700 1841 3762 occultationes,
1891 3709 2023 3751 ortus
2076 3713 2374 3761 occasusque

114 3785 277 3820 corum
318 3771 617 3835 acronychos
659 3786 768 3821 cum
807 3771 1007 3819 fixarum
1046 3778 1093 3821 et
1134 3771 1300 3821 Lunae
1339 3773 1727 3834 apparitionibus
1767 3775 2062 3838 conjungere
2104 3780 2151 3822 et
2191 3775 2238 3819 in
2282 3786 2374 3835 pa-

114 3845 477 3908 rapegmatibus
528 3858 761 3894 annorum
814 3850 1164 3893 transactorum
1204 3846 1465 3894 memoriae
1513 3858 1660 3895 causa
1713 3850 2029 3912 consignare,
2082 3847 2375 3895 mutationes
