<?xml version="1.0" encoding="UTF-8"?>
<!DOCTYPE html PUBLIC "-//W3C//DTD XHTML 1.0 Transitional//EN"
    "http://www.w3.org/TR/xhtml1/DTD/xhtml1-transitional.dtd">
<html xmlns="http://www.w3.org/1999/xhtml" xml:lang="en" lang="en">
 <head>
  <title>
</title>
<meta http-equiv="Content-Type" content="text/html;charset=utf-8" />
  <meta name='ocr-system' content='tesseract 3.04.00' />
  <meta name='ocr-capabilities' content='ocr_page ocr_carea ocr_par ocr_line ocrx_word'/>
</head>
<body>
  <div class='ocr_page' id='page_1' title='image "./operaomniaedidit06kepluoft_0041.png"; bbox 0 0 2560 4100; ppageno 0'>
   <div class='ocr_carea' id='block_1_1' title="bbox 914 103 2378 162">
    <p class='ocr_par' dir='ltr' id='par_1_1' title="bbox 914 103 2378 162">
     <span class='ocr_line' id='line_1_1' title="bbox 914 103 2378 162; baseline 0.001 -12"><span class='ocrx_word' id='word_1_1' title='bbox 914 105 983 151; x_wconf 89' lang='lat' dir='ltr'>De</span> <span class='ocrx_word' id='word_1_2' title='bbox 1027 104 1236 162; x_wconf 88' lang='lat' dir='ltr'>Epitome</span> <span class='ocrx_word' id='word_1_3' title='bbox 1273 103 1600 151; x_wconf 84' lang='lat' dir='ltr'>Astronomiae.</span> <span class='ocrx_word' id='word_1_4' title='bbox 2314 108 2378 152; x_wconf 80' lang='lat'>27</span> 
     </span>
    </p>
   </div>
   <div class='ocr_carea' id='block_1_2' title="bbox 141 247 2382 421">
    <p class='ocr_par' dir='ltr' id='par_1_2' title="bbox 141 247 2382 421">
     <span class='ocr_line' id='line_1_2' title="bbox 141 247 2382 309; baseline -0.004 -12"><span class='ocrx_word' id='word_1_5' title='bbox 141 260 231 297; x_wconf 84' lang='lat' dir='ltr'>tum</span> <span class='ocrx_word' id='word_1_6' title='bbox 261 254 329 309; x_wconf 84' lang='lat' dir='ltr'>(de</span> <span class='ocrx_word' id='word_1_7' title='bbox 361 255 479 304; x_wconf 84' lang='lat' dir='ltr'>cujus</span> <span class='ocrx_word' id='word_1_8' title='bbox 508 264 583 302; x_wconf 83' lang='lat' dir='ltr'>ego</span> <span class='ocrx_word' id='word_1_9' title='bbox 614 254 659 292; x_wconf 84' lang='lat' dir='ltr'>vi</span> <span class='ocrx_word' id='word_1_10' title='bbox 686 253 755 293; x_wconf 87' lang='lat' dir='ltr'>hic</span> <span class='ocrx_word' id='word_1_11' title='bbox 784 254 828 292; x_wconf 85' lang='lat' dir='ltr'>in</span> <span class='ocrx_word' id='word_1_12' title='bbox 858 252 1026 304; x_wconf 87' lang='lat' dir='ltr'>publica</span> <span class='ocrx_word' id='word_1_13' title='bbox 1056 254 1339 305; x_wconf 84' lang='lat' dir='ltr'>disputatione</span> <span class='ocrx_word' id='word_1_14' title='bbox 1367 263 1558 305; x_wconf 80' lang='lat' dir='ltr'>expresse</span> <span class='ocrx_word' id='word_1_15' title='bbox 1603 251 1780 291; x_wconf 85' lang='lat' dir='ltr'>disserui</span> <span class='ocrx_word' id='word_1_16' title='bbox 1823 261 2046 300; x_wconf 88' lang='lat' dir='ltr'>omnesque</span> <span class='ocrx_word' id='word_1_17' title='bbox 2090 247 2187 289; x_wconf 86' lang='lat' dir='ltr'>illos</span> <span class='ocrx_word' id='word_1_18' title='bbox 2232 248 2382 289; x_wconf 89' lang='lat' dir='ltr'>medici</span> 
     </span>
     <span class='ocr_line' id='line_1_3' title="bbox 144 310 2382 364; baseline -0.004 -9"><span class='ocrx_word' id='word_1_19' title='bbox 144 316 311 355; x_wconf 85' lang='lat' dir='ltr'>nomine</span> <span class='ocrx_word' id='word_1_20' title='bbox 339 311 535 361; x_wconf 87' lang='lat' dir='ltr'>indignos</span> <span class='ocrx_word' id='word_1_21' title='bbox 562 311 706 361; x_wconf 88' lang='lat' dir='ltr'>judico</span> <span class='ocrx_word' id='word_1_22' title='bbox 725 342 734 357; x_wconf 85' lang='lat'>,</span> <span class='ocrx_word' id='word_1_23' title='bbox 781 313 853 363; x_wconf 90' lang='lat' dir='ltr'>qui</span> <span class='ocrx_word' id='word_1_24' title='bbox 881 312 927 351; x_wconf 90' lang='lat' dir='ltr'>id</span> <span class='ocrx_word' id='word_1_25' title='bbox 954 314 1208 364; x_wconf 85' lang='lat' dir='ltr'>propinant,</span> <span class='ocrx_word' id='word_1_26' title='bbox 1257 313 1383 352; x_wconf 87' lang='lat' dir='ltr'>etiam</span> <span class='ocrx_word' id='word_1_27' title='bbox 1414 311 1715 351; x_wconf 87' lang='lat' dir='ltr'>studiosissime</span> <span class='ocrx_word' id='word_1_28' title='bbox 1745 314 1934 360; x_wconf 85' lang='lat' dir='ltr'>paratum</span> <span class='ocrx_word' id='word_1_29' title='bbox 1951 341 1962 362; x_wconf 93' lang='lat'>,</span> <span class='ocrx_word' id='word_1_30' title='bbox 1995 310 2158 359; x_wconf 78' lang='lat' dir='ltr'>aegroto</span> <span class='ocrx_word' id='word_1_31' title='bbox 2190 312 2230 348; x_wconf 90' lang='lat' dir='ltr'>et</span> <span class='ocrx_word' id='word_1_32' title='bbox 2259 321 2382 358; x_wconf 89' lang='lat' dir='ltr'>aegro</span> 
     </span>
     <span class='ocr_line' id='line_1_4' title="bbox 143 367 2382 421; baseline -0.002 -9"><span class='ocrx_word' id='word_1_33' title='bbox 143 371 350 412; x_wconf 73' lang='lat' dir='ltr'>lethaliter</span> <span class='ocrx_word' id='word_1_34' title='bbox 381 369 644 418; x_wconf 79' lang='lat' dir='ltr'>decumbenti</span> <span class='ocrx_word' id='word_1_35' title='bbox 662 402 672 421; x_wconf 94' lang='lat'>,</span> <span class='ocrx_word' id='word_1_36' title='bbox 706 369 901 421; x_wconf 79' lang='lat' dir='ltr'>collapsis</span> <span class='ocrx_word' id='word_1_37' title='bbox 927 372 1014 420; x_wconf 86' lang='lat' dir='ltr'>jam</span> <span class='ocrx_word' id='word_1_38' title='bbox 1047 371 1222 418; x_wconf 84' lang='lat' dir='ltr'>viribus)</span> <span class='ocrx_word' id='word_1_39' title='bbox 1250 374 1447 409; x_wconf 80' lang='lat' dir='ltr'><strong>renuente</strong></span> <span class='ocrx_word' id='word_1_40' title='bbox 1478 370 1607 408; x_wconf 87' lang='lat' dir='ltr'>altero</span> <span class='ocrx_word' id='word_1_41' title='bbox 1638 367 1825 421; x_wconf 89' lang='lat' dir='ltr'>medico,</span> <span class='ocrx_word' id='word_1_42' title='bbox 1865 369 1953 407; x_wconf 87' lang='lat' dir='ltr'>viro</span> <span class='ocrx_word' id='word_1_43' title='bbox 1983 370 2120 421; x_wconf 83' lang='lat' dir='ltr'>bon03</span> <span class='ocrx_word' id='word_1_44' title='bbox 2167 368 2239 407; x_wconf 88' lang='lat' dir='ltr'>sed</span> <span class='ocrx_word' id='word_1_45' title='bbox 2268 368 2382 420; x_wconf 90' lang='lat' dir='ltr'>quod</span> 
     </span>
    </p>
   </div>
   <div class='ocr_carea' id='block_1_3' title="bbox 54 425 2381 481">
    <p class='ocr_par' dir='ltr' id='par_1_3' title="bbox 54 425 2381 481">
     <span class='ocr_line' id='line_1_5' title="bbox 54 425 2381 481; baseline -0.002 -11"><span class='ocrx_word' id='word_1_46' title='bbox 54 463 62 466; x_wconf 85' lang='grc'>-</span> <span class='ocrx_word' id='word_1_47' title='bbox 139 433 299 470; x_wconf 85' lang='lat' dir='ltr'>factum</span> <span class='ocrx_word' id='word_1_48' title='bbox 330 432 419 481; x_wconf 87' lang='lat' dir='ltr'>est,</span> <span class='ocrx_word' id='word_1_49' title='bbox 464 428 665 467; x_wconf 84' lang='lat' dir='ltr'>infectum</span> <span class='ocrx_word' id='word_1_50' title='bbox 694 429 792 466; x_wconf 88' lang='lat' dir='ltr'>fieri·</span> <span class='ocrx_word' id='word_1_51' title='bbox 812 429 970 480; x_wconf 82' lang='lat' dir='ltr'>nequit.</span> <span class='ocrx_word' id='word_1_52' title='bbox 1033 428 1182 469; x_wconf 91' lang='lat' dir='ltr'>Mortis</span> <span class='ocrx_word' id='word_1_53' title='bbox 1212 430 1317 468; x_wconf 88' lang='lat' dir='ltr'>hora</span> <span class='ocrx_word' id='word_1_54' title='bbox 1346 427 1507 477; x_wconf 86' lang='lat' dir='ltr'>adfuit,</span> <span class='ocrx_word' id='word_1_55' title='bbox 1552 430 1669 478; x_wconf 81' lang='lat' dir='ltr'>cujus</span> <span class='ocrx_word' id='word_1_56' title='bbox 1707 427 1894 465; x_wconf 78' lang='lat' dir='ltr'>minister</span> <span class='ocrx_word' id='word_1_57' title='bbox 1924 425 2004 465; x_wconf 81' lang='lat' dir='ltr'>fuit</span> <span class='ocrx_word' id='word_1_58' title='bbox 2034 428 2151 467; x_wconf 87' lang='lat' dir='ltr'>stibii</span> <span class='ocrx_word' id='word_1_59' title='bbox 2179 428 2381 477; x_wconf 88' lang='lat' dir='ltr'>propina-</span> 
     </span>
    </p>
   </div>
   <div class='ocr_carea' id='block_1_4' title="bbox 130 483 2382 716">
    <p class='ocr_par' dir='ltr' id='par_1_4' title="bbox 130 483 2382 716">
     <span class='ocr_line' id='line_1_6' title="bbox 138 483 2381 538; baseline -0.001 -10"><span class='ocrx_word' id='word_1_60' title='bbox 138 494 203 528; x_wconf 88' lang='lat' dir='ltr'>tor</span> <span class='ocrx_word' id='word_1_61' title='bbox 231 517 242 527; x_wconf 90' lang='lat'><strong>.</strong></span> <span class='ocrx_word' id='word_1_62' title='bbox 274 516 284 526; x_wconf 90' lang='lat'><strong>.</strong></span> <span class='ocrx_word' id='word_1_63' title='bbox 318 517 330 528; x_wconf 91' lang='lat'><strong>.</strong></span> <span class='ocrx_word' id='word_1_64' title='bbox 364 517 375 528; x_wconf 81' lang='lat'><strong>.</strong></span> <span class='ocrx_word' id='word_1_65' title='bbox 434 486 527 525; x_wconf 87' lang='lat' dir='ltr'>Non</span> <span class='ocrx_word' id='word_1_66' title='bbox 551 489 619 525; x_wconf 85' lang='lat' dir='ltr'>&#39;est</span> <span class='ocrx_word' id='word_1_67' title='bbox 650 486 763 535; x_wconf 90' lang='lat' dir='ltr'>quod</span> <span class='ocrx_word' id='word_1_68' title='bbox 793 486 999 526; x_wconf 84' lang='lat' dir='ltr'>excruciet</span> <span class='ocrx_word' id='word_1_69' title='bbox 1027 491 1068 526; x_wconf 91' lang='lat' dir='ltr'>te</span> <span class='ocrx_word' id='word_1_70' title='bbox 1099 483 1293 528; x_wconf 88' lang='lat' dir='ltr'>memoria</span> <span class='ocrx_word' id='word_1_71' title='bbox 1321 483 1573 536; x_wconf 72' lang='lat' dir='ltr'>litigiorum,</span> <span class='ocrx_word' id='word_1_72' title='bbox 1616 496 1722 536; x_wconf 88' lang='lat' dir='ltr'>quae</span> <span class='ocrx_word' id='word_1_73' title='bbox 1750 485 1859 524; x_wconf 91' lang='lat' dir='ltr'>inter</span> <span class='ocrx_word' id='word_1_74' title='bbox 1889 487 2082 534; x_wconf 87' lang='lat' dir='ltr'>conjuges</span> <span class='ocrx_word' id='word_1_75' title='bbox 2114 497 2202 526; x_wconf 82' lang='lat' dir='ltr'>esse</span> <span class='ocrx_word' id='word_1_76' title='bbox 2233 484 2381 538; x_wconf 80' lang='lat' dir='ltr'>solent,</span> 
     </span>
     <span class='ocr_line' id='line_1_7' title="bbox 138 544 2381 599; baseline -0.001 -13"><span class='ocrx_word' id='word_1_77' title='bbox 138 548 262 587; x_wconf 87' lang='lat' dir='ltr'>etiam</span> <span class='ocrx_word' id='word_1_78' title='bbox 292 546 386 596; x_wconf 89' lang='lat' dir='ltr'>pios</span> <span class='ocrx_word' id='word_1_79' title='bbox 418 548 458 583; x_wconf 91' lang='lat' dir='ltr'>et</span> <span class='ocrx_word' id='word_1_80' title='bbox 489 545 642 595; x_wconf 89' lang='lat' dir='ltr'>optime</span> <span class='ocrx_word' id='word_1_81' title='bbox 673 548 866 583; x_wconf 91' lang='lat' dir='ltr'>moratos.</span> <span class='ocrx_word' id='word_1_82' title='bbox 927 545 990 583; x_wconf 89' lang='lat' dir='ltr'>Ea</span> <span class='ocrx_word' id='word_1_83' title='bbox 1020 547 1099 585; x_wconf 86' lang='lat' dir='ltr'>fert</span> <span class='ocrx_word' id='word_1_84' title='bbox 1130 548 1291 587; x_wconf 83' lang='lat' dir='ltr'>occasio</span> <span class='ocrx_word' id='word_1_85' title='bbox 1309 577 1321 599; x_wconf 95' lang='lat'>,</span> <span class='ocrx_word' id='word_1_86' title='bbox 1366 548 1537 585; x_wconf 84' lang='lat' dir='ltr'>satanas</span> <span class='ocrx_word' id='word_1_87' title='bbox 1569 544 1855 584; x_wconf 86' lang='lat' dir='ltr'>subministrat</span> <span class='ocrx_word' id='word_1_88' title='bbox 1886 545 2011 592; x_wconf 73' lang='lat' dir='ltr'>etiam</span> <span class='ocrx_word' id='word_1_89' title='bbox 2040 546 2169 583; x_wconf 88' lang='lat' dir='ltr'>multa</span> <span class='ocrx_word' id='word_1_90' title='bbox 2198 556 2272 595; x_wconf 89' lang='lat' dir='ltr'>per</span> <span class='ocrx_word' id='word_1_91' title='bbox 2299 546 2381 584; x_wconf 91' lang='lat' dir='ltr'>im-</span> 
     </span>
     <span class='ocr_line' id='line_1_8' title="bbox 134 601 2382 656; baseline -0 -13"><span class='ocrx_word' id='word_1_92' title='bbox 134 605 287 656; x_wconf 91' lang='lat' dir='ltr'>probos</span> <span class='ocrx_word' id='word_1_93' title='bbox 320 634 330 644; x_wconf 85' lang='lat'><em>.</em></span> <span class='ocrx_word' id='word_1_94' title='bbox 364 634 375 643; x_wconf 91' lang='lat'><strong>.</strong></span> <span class='ocrx_word' id='word_1_95' title='bbox 407 631 419 641; x_wconf 89' lang='lat'><strong>.</strong></span> <span class='ocrx_word' id='word_1_96' title='bbox 453 634 464 644; x_wconf 90' lang='lat'><strong>.</strong></span> <span class='ocrx_word' id='word_1_97' title='bbox 523 602 656 652; x_wconf 85' lang='lat' dir='ltr'>Nosti,</span> <span class='ocrx_word' id='word_1_98' title='bbox 685 614 820 641; x_wconf 86' lang='lat' dir='ltr'>meam</span> <span class='ocrx_word' id='word_1_99' title='bbox 851 614 1020 643; x_wconf 81' lang='lat' dir='ltr'>uxorem</span> <span class='ocrx_word' id='word_1_100' title='bbox 1052 616 1144 644; x_wconf 88' lang='lat' dir='ltr'>cum</span> <span class='ocrx_word' id='word_1_101' title='bbox 1173 610 1248 644; x_wconf 90' lang='lat' dir='ltr'>tua</span> <span class='ocrx_word' id='word_1_102' title='bbox 1277 606 1400 643; x_wconf 87' lang='lat' dir='ltr'>beata</span> <span class='ocrx_word' id='word_1_103' title='bbox 1427 605 1574 643; x_wconf 89' lang='lat' dir='ltr'>merito</span> <span class='ocrx_word' id='word_1_104' title='bbox 1608 601 1930 652; x_wconf 84' lang='lat' dir='ltr'>comparandam</span> <span class='ocrx_word' id='word_1_105' title='bbox 1962 613 2077 652; x_wconf 90' lang='lat' dir='ltr'>esse,</span> <span class='ocrx_word' id='word_1_106' title='bbox 2111 603 2194 654; x_wconf 91' lang='lat' dir='ltr'>sed,</span> <span class='ocrx_word' id='word_1_107' title='bbox 2224 604 2288 642; x_wconf 88' lang='lat' dir='ltr'>ita</span> <span class='ocrx_word' id='word_1_108' title='bbox 2317 615 2382 643; x_wconf 89' lang='lat' dir='ltr'>me</span> 
     </span>
     <span class='ocr_line' id='line_1_9' title="bbox 130 660 2380 716; baseline 0 -15"><span class='ocrx_word' id='word_1_109' title='bbox 130 664 248 702; x_wconf 88' lang='lat' dir='ltr'>Deus</span> <span class='ocrx_word' id='word_1_110' title='bbox 279 664 403 711; x_wconf 85' lang='lat' dir='ltr'>amet,</span> <span class='ocrx_word' id='word_1_111' title='bbox 436 665 476 699; x_wconf 92' lang='lat' dir='ltr'>et</span> <span class='ocrx_word' id='word_1_112' title='bbox 506 665 692 700; x_wconf 90' lang='lat' dir='ltr'>nostrum</span> <span class='ocrx_word' id='word_1_113' title='bbox 723 662 960 710; x_wconf 82' lang='lat' dir='ltr'>conjugium</span> <span class='ocrx_word' id='word_1_114' title='bbox 990 663 1174 703; x_wconf 89' lang='lat' dir='ltr'>immune</span> <span class='ocrx_word' id='word_1_115' title='bbox 1202 663 1370 714; x_wconf 90' lang='lat' dir='ltr'>penitus</span> <span class='ocrx_word' id='word_1_116' title='bbox 1399 666 1566 701; x_wconf 90' lang='lat' dir='ltr'>nonest</span> <span class='ocrx_word' id='word_1_117' title='bbox 1594 662 1644 699; x_wconf 88' lang='lat' dir='ltr'>ab</span> <span class='ocrx_word' id='word_1_118' title='bbox 1675 660 1920 709; x_wconf 78' lang='lat' dir='ltr'>huJ‘usmodi</span> <span class='ocrx_word' id='word_1_119' title='bbox 1948 661 2135 708; x_wconf 88' lang='lat' dir='ltr'>liticulis,</span> <span class='ocrx_word' id='word_1_120' title='bbox 2167 673 2243 699; x_wconf 93' lang='lat' dir='ltr'>nec</span> <span class='ocrx_word' id='word_1_121' title='bbox 2263 665 2380 716; x_wconf 83' lang='lat' dir='ltr'>puto,</span> 
     </span>
    </p>
   </div>
   <div class='ocr_carea' id='block_1_5' title="bbox 64 719 2380 771">
    <p class='ocr_par' dir='ltr' id='par_1_5' title="bbox 64 719 2380 771">
     <span class='ocr_line' id='line_1_10' title="bbox 64 719 2380 771; baseline 0 -12"><span class='ocrx_word' id='word_1_122' title='bbox 64 766 72 771; x_wconf 67' lang='lat'><em>,</em></span> <span class='ocrx_word' id='word_1_123' title='bbox 131 720 260 760; x_wconf 75' lang='lat' dir='ltr'>ullius</span> <span class='ocrx_word' id='word_1_124' title='bbox 278 731 382 759; x_wconf 40' lang='lat' dir='ltr'>*esse</span> <span class='ocrx_word' id='word_1_125' title='bbox 411 719 551 758; x_wconf 87' lang='lat' dir='ltr'>mariti</span> <span class='ocrx_word' id='word_1_126' title='bbox 582 723 623 758; x_wconf 88' lang='lat' dir='ltr'>et</span> <span class='ocrx_word' id='word_1_127' title='bbox 651 720 794 758; x_wconf 84' lang='lat' dir='ltr'>uxoris</span> <span class='ocrx_word' id='word_1_128' title='bbox 827 751 838 761; x_wconf 82' lang='lat'><strong>.</strong></span> <span class='ocrx_word' id='word_1_129' title='bbox 872 750 881 759; x_wconf 88' lang='lat'><strong>.</strong></span> <span class='ocrx_word' id='word_1_130' title='bbox 916 750 927 762; x_wconf 83' lang='lat'><strong>.</strong></span> <span class='ocrx_word' id='word_1_131' title='bbox 961 750 971 759; x_wconf 91' lang='lat'><em>.</em></span> <span class='ocrx_word' id='word_1_132' title='bbox 1031 721 1300 770; x_wconf 83' lang='lat' dir='ltr'>Theologiam</span> <span class='ocrx_word' id='word_1_133' title='bbox 1328 720 1447 771; x_wconf 85' lang='lat' dir='ltr'>illam</span> <span class='ocrx_word' id='word_1_134' title='bbox 1460 723 1562 770; x_wconf 66' lang='lat' dir='ltr'>v‘jam</span> <span class='ocrx_word' id='word_1_135' title='bbox 1591 722 1730 769; x_wconf 90' lang='lat' dir='ltr'>tuam,</span> <span class='ocrx_word' id='word_1_136' title='bbox 1764 719 1832 758; x_wconf 89' lang='lat' dir='ltr'>cui</span> <span class='ocrx_word' id='word_1_137' title='bbox 1861 721 1902 756; x_wconf 82' lang='lat' dir='ltr'>te</span> <span class='ocrx_word' id='word_1_138' title='bbox 1932 720 2098 767; x_wconf 81' lang='lat' dir='ltr'>juvenis</span> <span class='ocrx_word' id='word_1_139' title='bbox 2129 723 2264 758; x_wconf 89' lang='lat' dir='ltr'>totum</span> <span class='ocrx_word' id='word_1_140' title='bbox 2294 724 2380 759; x_wconf 86' lang='lat' dir='ltr'>tra·-</span> 
     </span>
    </p>
   </div>
   <div class='ocr_carea' id='block_1_6' title="bbox 0 0 26 4100">
    <p class='ocr_par' dir='ltr' id='par_1_6' title="bbox 0 0 26 4100">
     <span class='ocr_line' id='line_1_11' title="bbox 0 0 26 4100; baseline 0 0"><span class='ocrx_word' id='word_1_141' title='bbox 0 0 26 4100; x_wconf 95' lang='lat' dir='ltr'> </span> 
     </span>
    </p>
   </div>
   <div class='ocr_carea' id='block_1_7' title="bbox 78 775 2385 3876">
    <p class='ocr_par' dir='ltr' id='par_1_7' title="bbox 78 775 2383 1182">
     <span class='ocr_line' id='line_1_12' title="bbox 133 775 2382 829; baseline 0 -11"><span class='ocrx_word' id='word_1_142' title='bbox 133 779 314 826; x_wconf 87' lang='lat' dir='ltr'>dideras,</span> <span class='ocrx_word' id='word_1_143' title='bbox 345 781 419 816; x_wconf 90' lang='lat' dir='ltr'>aut</span> <span class='ocrx_word' id='word_1_144' title='bbox 449 778 589 828; x_wconf 90' lang='lat' dir='ltr'>potius</span> <span class='ocrx_word' id='word_1_145' title='bbox 619 779 751 816; x_wconf 84' lang='lat' dir='ltr'>animi</span> <span class='ocrx_word' id='word_1_146' title='bbox 780 778 1067 818; x_wconf 81' lang='lat' dir='ltr'>fortitudinem</span> <span class='ocrx_word' id='word_1_147' title='bbox 1098 792 1191 820; x_wconf 76' lang='lat' dir='ltr'>vere</span> <span class='ocrx_word' id='word_1_148' title='bbox 1221 779 1494 829; x_wconf 79' lang='lat' dir='ltr'>theologicam</span> <span class='ocrx_word' id='word_1_149' title='bbox 1524 780 1570 817; x_wconf 87' lang='lat' dir='ltr'>in</span> <span class='ocrx_word' id='word_1_150' title='bbox 1600 778 1781 817; x_wconf 89' lang='lat' dir='ltr'>medium</span> <span class='ocrx_word' id='word_1_151' title='bbox 1810 775 1962 827; x_wconf 82' lang='lat' dir='ltr'>profer,</span> <span class='ocrx_word' id='word_1_152' title='bbox 1993 782 2035 819; x_wconf 87' lang='lat' dir='ltr'>te</span> <span class='ocrx_word' id='word_1_153' title='bbox 2055 778 2190 816; x_wconf 88' lang='lat' dir='ltr'>virum</span> <span class='ocrx_word' id='word_1_154' title='bbox 2213 779 2382 818; x_wconf 83' lang='lat' dir='ltr'><strong>ostende</strong></span> 
     </span>
     <span class='ocr_line' id='line_1_13' title="bbox 130 833 2383 892; baseline 0.001 -16"><span class='ocrx_word' id='word_1_155' title='bbox 130 839 174 876; x_wconf 92' lang='lat' dir='ltr'>in</span> <span class='ocrx_word' id='word_1_156' title='bbox 204 833 419 875; x_wconf 83' lang='lat' dir='ltr'>doloribus</span> <span class='ocrx_word' id='word_1_157' title='bbox 448 837 608 885; x_wconf 86' lang='lat' dir='ltr'>magnis</span> <span class='ocrx_word' id='word_1_158' title='bbox 640 840 718 876; x_wconf 89' lang='lat' dir='ltr'>etc.</span> <span class='ocrx_word' id='word_1_159' title='bbox 779 836 910 880; x_wconf 28' lang='lat' dir='ltr'>Serva,</span> <span class='ocrx_word' id='word_1_160' title='bbox 948 840 989 875; x_wconf 91' lang='lat' dir='ltr'>te</span> <span class='ocrx_word' id='word_1_161' title='bbox 1032 836 1176 878; x_wconf 88' lang='lat' dir='ltr'>liberis</span> <span class='ocrx_word' id='word_1_162' title='bbox 1216 839 1325 890; x_wconf 88' lang='lat' dir='ltr'>tuis,</span> <span class='ocrx_word' id='word_1_163' title='bbox 1372 839 1447 892; x_wconf 89' lang='lat' dir='ltr'>qui</span> <span class='ocrx_word' id='word_1_164' title='bbox 1485 839 1575 887; x_wconf 84' lang='lat' dir='ltr'>jam</span> <span class='ocrx_word' id='word_1_165' title='bbox 1618 838 1752 887; x_wconf 85' lang='lat' dir='ltr'>magis</span> <span class='ocrx_word' id='word_1_166' title='bbox 1797 840 1874 875; x_wconf 84' lang='lat' dir='ltr'>tuo</span> <span class='ocrx_word' id='word_1_167' title='bbox 1916 836 2092 876; x_wconf 90' lang='lat' dir='ltr'>consilio</span> <span class='ocrx_word' id='word_1_168' title='bbox 2136 839 2177 875; x_wconf 87' lang='lat' dir='ltr'>et</span> <span class='ocrx_word' id='word_1_169' title='bbox 2205 840 2383 886; x_wconf 84' lang='lat' dir='ltr'>paterna</span> 
     </span>
     <span class='ocr_line' id='line_1_14' title="bbox 78 894 2376 948; baseline -0 -13"><span class='ocrx_word' id='word_1_170' title='bbox 78 896 81 905; x_wconf 92' lang='lat'>&#39;</span> <span class='ocrx_word' id='word_1_171' title='bbox 127 908 362 948; x_wconf 77' lang='grc' dir='ltr'><em>χειραγωγῃ</em></span> <span class='ocrx_word' id='word_1_172' title='bbox 390 894 592 946; x_wconf 84' lang='lat' dir='ltr'>indigent,</span> <span class='ocrx_word' id='word_1_173' title='bbox 624 906 748 946; x_wconf 88' lang='lat' dir='ltr'>quam</span> <span class='ocrx_word' id='word_1_174' title='bbox 777 905 958 946; x_wconf 88' lang='lat' dir='ltr'>unquam</span> <span class='ocrx_word' id='word_1_175' title='bbox 989 897 1159 935; x_wconf 87' lang='lat' dir='ltr'>antehac</span> <span class='ocrx_word' id='word_1_176' title='bbox 1189 898 1234 935; x_wconf 88' lang='grc'>111</span> <span class='ocrx_word' id='word_1_177' title='bbox 1263 897 1355 936; x_wconf 88' lang='grc'><strong>1666</strong></span> <span class='ocrx_word' id='word_1_178' title='bbox 1387 897 1602 948; x_wconf 82' lang='lat' dir='ltr'>peregrino</span> <span class='ocrx_word' id='word_1_179' title='bbox 1622 927 1632 946; x_wconf 94' lang='lat'>,</span> <span class='ocrx_word' id='word_1_180' title='bbox 1662 896 1707 935; x_wconf 91' lang='lat' dir='ltr'>in</span> <span class='ocrx_word' id='word_1_181' title='bbox 1739 897 1805 934; x_wconf 96' lang='grc'><strong>1115</strong></span> <span class='ocrx_word' id='word_1_182' title='bbox 1835 896 1981 934; x_wconf 87' lang='lat' dir='ltr'>mundi</span> <span class='ocrx_word' id='word_1_183' title='bbox 2012 895 2158 934; x_wconf 89' lang='lat' dir='ltr'>turbis.</span> <span class='ocrx_word' id='word_1_184' title='bbox 2219 895 2376 934; x_wconf 90' lang='lat' dir='ltr'>Memo-</span> 
     </span>
     <span class='ocr_line' id='line_1_15' title="bbox 128 950 2380 1006; baseline 0 -14"><span class='ocrx_word' id='word_1_185' title='bbox 128 955 235 992; x_wconf 85' lang='lat' dir='ltr'>riam</span> <span class='ocrx_word' id='word_1_186' title='bbox 265 965 316 992; x_wconf 86' lang='lat' dir='ltr'>ex</span> <span class='ocrx_word' id='word_1_187' title='bbox 347 954 485 991; x_wconf 86' lang='lat' dir='ltr'>animo</span> <span class='ocrx_word' id='word_1_188' title='bbox 517 957 589 991; x_wconf 94' lang='lat' dir='ltr'>tuo</span> <span class='ocrx_word' id='word_1_189' title='bbox 620 950 795 1002; x_wconf 74' lang='lat' dir='ltr'>eJice&#39;et</span> <span class='ocrx_word' id='word_1_190' title='bbox 825 950 1089 994; x_wconf 87' lang='lat' dir='ltr'>dulcedinum</span> <span class='ocrx_word' id='word_1_191' title='bbox 1119 959 1160 993; x_wconf 88' lang='lat' dir='ltr'>et</span> <span class='ocrx_word' id='word_1_192' title='bbox 1180 956 1462 994; x_wconf 79' lang='lat' dir='ltr'>molestiarum</span> <span class='ocrx_word' id='word_1_193' title='bbox 1492 955 1819 1006; x_wconf 88' lang='lat' dir='ltr'>praeteritarum.</span> <span class='ocrx_word' id='word_1_194' title='bbox 1880 954 1970 993; x_wconf 88' lang='lat' dir='ltr'>Deo</span> <span class='ocrx_word' id='word_1_195' title='bbox 1994 953 2185 1004; x_wconf 90' lang='lat' dir='ltr'>supplica</span> <span class='ocrx_word' id='word_1_196' title='bbox 2216 956 2256 992; x_wconf 90' lang='lat' dir='ltr'>et</span> <span class='ocrx_word' id='word_1_197' title='bbox 2282 965 2380 992; x_wconf 89' lang='grc'><strong>6611-</strong></span> 
     </span>
     <span class='ocr_line' id='line_1_16' title="bbox 129 1010 2378 1065; baseline 0 -14"><span class='ocrx_word' id='word_1_198' title='bbox 129 1012 236 1065; x_wconf 79' lang='lat' dir='ltr'>fide,</span> <span class='ocrx_word' id='word_1_199' title='bbox 280 1012 371 1062; x_wconf 88' lang='lat' dir='ltr'>ipse</span> <span class='ocrx_word' id='word_1_200' title='bbox 411 1011 649 1061; x_wconf 85' lang='lat' dir='ltr'>providebit</span> <span class='ocrx_word' id='word_1_201' title='bbox 693 1011 773 1049; x_wconf 90' lang='lat' dir='ltr'>tibi</span> <span class='ocrx_word' id='word_1_202' title='bbox 812 1022 862 1050; x_wconf 88' lang='lat' dir='ltr'>ac</span> <span class='ocrx_word' id='word_1_203' title='bbox 901 1012 998 1050; x_wconf 89' lang='lat' dir='ltr'>tuis.</span> <span class='ocrx_word' id='word_1_204' title='bbox 1031 1034 1083 1040; x_wconf 96' lang='lat'><strong>—</strong></span> <span class='ocrx_word' id='word_1_205' title='bbox 1127 1013 1264 1052; x_wconf 83' lang='lat' dir='ltr'>Lincii</span> <span class='ocrx_word' id='word_1_206' title='bbox 1291 1018 1333 1052; x_wconf 86' lang='lat' dir='ltr'>te</span> <span class='ocrx_word' id='word_1_207' title='bbox 1364 1026 1452 1053; x_wconf 90' lang='lat' dir='ltr'>esse</span> <span class='ocrx_word' id='word_1_208' title='bbox 1484 1015 1688 1064; x_wconf 76' lang='lat' dir='ltr'>optarim:</span> <span class='ocrx_word' id='word_1_209' title='bbox 1738 1012 1840 1052; x_wconf 88' lang='lat' dir='ltr'>novi</span> <span class='ocrx_word' id='word_1_210' title='bbox 1869 1013 2025 1052; x_wconf 89' lang='lat' dir='ltr'>ibidem</span> <span class='ocrx_word' id='word_1_211' title='bbox 2057 1010 2211 1051; x_wconf 90' lang='lat' dir='ltr'>multos</span> <span class='ocrx_word' id='word_1_212' title='bbox 2243 1012 2378 1051; x_wconf 90' lang='lat' dir='ltr'>bonos</span> 
     </span>
     <span class='ocr_line' id='line_1_17' title="bbox 130 1067 2381 1122; baseline 0 -13"><span class='ocrx_word' id='word_1_213' title='bbox 130 1071 266 1120; x_wconf 82' lang='lat' dir='ltr'>vitos,</span> <span class='ocrx_word' id='word_1_214' title='bbox 307 1080 483 1121; x_wconf 89' lang='lat' dir='ltr'>quorum</span> <span class='ocrx_word' id='word_1_215' title='bbox 523 1069 820 1108; x_wconf 88' lang='lat' dir='ltr'>consuetudine</span> <span class='ocrx_word' id='word_1_216' title='bbox 868 1067 1091 1119; x_wconf 86' lang='lat' dir='ltr'>plurimum</span> <span class='ocrx_word' id='word_1_217' title='bbox 1121 1083 1262 1122; x_wconf 91' lang='lat' dir='ltr'>posses</span> <span class='ocrx_word' id='word_1_218' title='bbox 1294 1074 1469 1112; x_wconf 88' lang='lat' dir='ltr'>recreari</span> <span class='ocrx_word' id='word_1_219' title='bbox 1495 1069 1733 1122; x_wconf 88' lang='lat' dir='ltr'>liberosque</span> <span class='ocrx_word' id='word_1_220' title='bbox 1762 1076 1859 1111; x_wconf 90' lang='lat' dir='ltr'>tuos</span> <span class='ocrx_word' id='word_1_221' title='bbox 1890 1072 2041 1110; x_wconf 85' lang='lat' dir='ltr'>rectius</span> <span class='ocrx_word' id='word_1_222' title='bbox 2073 1071 2248 1110; x_wconf 85' lang='lat' dir='ltr'>fortasse</span> <span class='ocrx_word' id='word_1_223' title='bbox 2281 1071 2381 1109; x_wconf 92' lang='lat' dir='ltr'>edu-</span> 
     </span>
     <span class='ocr_line' id='line_1_18' title="bbox 130 1128 983 1182; baseline -0.004 -15"><span class='ocrx_word' id='word_1_224' title='bbox 130 1140 233 1182; x_wconf 87' lang='lat' dir='ltr'>care,</span> <span class='ocrx_word' id='word_1_225' title='bbox 265 1139 394 1180; x_wconf 87' lang='lat' dir='ltr'>quam</span> <span class='ocrx_word' id='word_1_226' title='bbox 425 1128 592 1176; x_wconf 88' lang='lat' dir='ltr'>Pragae.</span> <span class='ocrx_word' id='word_1_227' title='bbox 875 1128 879 1132; x_wconf 87' lang='grc'><em>“</em></span> <span class='ocrx_word' id='word_1_228' title='bbox 981 1162 983 1164; x_wconf 88' lang='grc'><strong>.</strong></span> 
     </span>
    </p>

    <p class='ocr_par' dir='ltr' id='par_1_8' title="bbox 129 1186 2384 1533">
     <span class='ocr_line' id='line_1_19' title="bbox 272 1186 2384 1241; baseline 0 -17"><span class='ocrx_word' id='word_1_229' title='bbox 272 1187 337 1225; x_wconf 80' lang='lat' dir='ltr'>Ex</span> <span class='ocrx_word' id='word_1_230' title='bbox 366 1187 484 1225; x_wconf 90' lang='lat' dir='ltr'>libris</span> <span class='ocrx_word' id='word_1_231' title='bbox 516 1187 600 1225; x_wconf 91' lang='lat' dir='ltr'>tuis</span> <span class='ocrx_word' id='word_1_232' title='bbox 629 1186 762 1224; x_wconf 88' lang='lat' dir='ltr'>habeo</span> <span class='ocrx_word' id='word_1_233' title='bbox 794 1186 1106 1238; x_wconf 85' lang='lat' dir='ltr'>Paralipomena</span> <span class='ocrx_word' id='word_1_234' title='bbox 1137 1189 1192 1227; x_wconf 84' lang='lat' dir='ltr'>ad</span> <span class='ocrx_word' id='word_1_235' title='bbox 1228 1189 1517 1237; x_wconf 90' lang='lat' dir='ltr'>Vitellionem,</span> <span class='ocrx_word' id='word_1_236' title='bbox 1565 1191 1766 1241; x_wconf 87' lang='lat' dir='ltr'>scriptum</span> <span class='ocrx_word' id='word_1_237' title='bbox 1798 1188 1851 1227; x_wconf 88' lang='lat' dir='ltr'>ad</span> <span class='ocrx_word' id='word_1_238' title='bbox 1882 1186 2142 1241; x_wconf 88' lang='lat' dir='ltr'>Galilaeum,</span> <span class='ocrx_word' id='word_1_239' title='bbox 2175 1188 2298 1238; x_wconf 89' lang='lat' dir='ltr'>Resp.</span> <span class='ocrx_word' id='word_1_240' title='bbox 2331 1187 2384 1225; x_wconf 91' lang='lat' dir='ltr'>ad</span> 
     </span>
     <span class='ocr_line' id='line_1_20' title="bbox 129 1239 2382 1298; baseline 0 -15"><span class='ocrx_word' id='word_1_241' title='bbox 129 1245 316 1284; x_wconf 88' lang='lat' dir='ltr'>Roeslini</span> <span class='ocrx_word' id='word_1_242' title='bbox 347 1245 624 1294; x_wconf 89' lang='lat' dir='ltr'>objectiones,</span> <span class='ocrx_word' id='word_1_243' title='bbox 669 1242 891 1283; x_wconf 85' lang='lat' dir='ltr'>Oometam.</span> <span class='ocrx_word' id='word_1_244' title='bbox 919 1239 926 1249; x_wconf 65' lang='lat'><strong><em>⁹</em></strong></span> <span class='ocrx_word' id='word_1_245' title='bbox 953 1245 999 1286; x_wconf 90' lang='lat' dir='ltr'>Si</span> <span class='ocrx_word' id='word_1_246' title='bbox 1029 1247 1240 1297; x_wconf 81' lang='lat' dir='ltr'>paradoxa</span> <span class='ocrx_word' id='word_1_247' title='bbox 1269 1250 1342 1286; x_wconf 87' lang='lat' dir='ltr'>tua</span> <span class='ocrx_word' id='word_1_248' title='bbox 1371 1248 1547 1298; x_wconf 88' lang='lat' dir='ltr'>physica</span> <span class='ocrx_word' id='word_1_249' title='bbox 1578 1253 1675 1288; x_wconf 90' lang='lat' dir='ltr'>sunt</span> <span class='ocrx_word' id='word_1_250' title='bbox 1706 1247 1817 1287; x_wconf 84' lang='lat' dir='ltr'>edita</span> <span class='ocrx_word' id='word_1_251' title='bbox 1847 1251 1888 1286; x_wconf 90' lang='lat' dir='ltr'>et</span> <span class='ocrx_word' id='word_1_252' title='bbox 1919 1246 2126 1297; x_wconf 88' lang='lat' dir='ltr'>quidquid</span> <span class='ocrx_word' id='word_1_253' title='bbox 2155 1247 2280 1296; x_wconf 81' lang='lat' dir='ltr'>hujus</span> <span class='ocrx_word' id='word_1_254' title='bbox 2311 1257 2382 1294; x_wconf 90' lang='lat' dir='ltr'>ge-</span> 
     </span>
     <span class='ocr_line' id='line_1_21' title="bbox 130 1299 2382 1358; baseline 0 -16"><span class='ocrx_word' id='word_1_255' title='bbox 130 1304 239 1343; x_wconf 90' lang='lat' dir='ltr'>neris</span> <span class='ocrx_word' id='word_1_256' title='bbox 270 1303 399 1342; x_wconf 86' lang='lat' dir='ltr'>habes</span> <span class='ocrx_word' id='word_1_257' title='bbox 431 1302 481 1342; x_wconf 90' lang='lat' dir='ltr'>de</span> <span class='ocrx_word' id='word_1_258' title='bbox 510 1299 632 1342; x_wconf 87' lang='lat' dir='ltr'>rebus</span> <span class='ocrx_word' id='word_1_259' title='bbox 661 1304 861 1356; x_wconf 82' lang='lat' dir='ltr'>physicis,</span> <span class='ocrx_word' id='word_1_260' title='bbox 892 1307 1053 1343; x_wconf 88' lang='lat' dir='ltr'>mecum</span> <span class='ocrx_word' id='word_1_261' title='bbox 1083 1317 1236 1358; x_wconf 84' lang='lat' dir='ltr'>quaeso</span> <span class='ocrx_word' id='word_1_262' title='bbox 1269 1307 1543 1355; x_wconf 89' lang='lat' dir='ltr'>communica,</span> <span class='ocrx_word' id='word_1_263' title='bbox 1573 1311 1620 1346; x_wconf 90' lang='lat' dir='ltr'>ut</span> <span class='ocrx_word' id='word_1_264' title='bbox 1651 1319 1697 1346; x_wconf 89' lang='grc'>66</span> <span class='ocrx_word' id='word_1_265' title='bbox 1730 1306 1961 1345; x_wconf 84' lang='lat' dir='ltr'>accuratius</span> <span class='ocrx_word' id='word_1_266' title='bbox 1992 1317 2126 1344; x_wconf 88' lang='lat' dir='ltr'>meam</span> <span class='ocrx_word' id='word_1_267' title='bbox 2155 1300 2382 1355; x_wconf 80' lang='lat' dir='ltr'>physicam,</span> 
     </span>
     <span class='ocr_line' id='line_1_22' title="bbox 131 1361 2381 1414; baseline 0 -14"><span class='ocrx_word' id='word_1_268' title='bbox 131 1374 156 1400; x_wconf 82' lang='lat' dir='ltr'>a</span> <span class='ocrx_word' id='word_1_269' title='bbox 186 1364 228 1400; x_wconf 89' lang='lat' dir='ltr'>te</span> <span class='ocrx_word' id='word_1_270' title='bbox 258 1361 452 1414; x_wconf 88' lang='lat' dir='ltr'>adjutus,</span> <span class='ocrx_word' id='word_1_271' title='bbox 484 1362 727 1401; x_wconf 82' lang='lat' dir='ltr'>concinnare</span> <span class='ocrx_word' id='word_1_272' title='bbox 757 1362 940 1413; x_wconf 87' lang='lat' dir='ltr'>possim,</span> <span class='ocrx_word' id='word_1_273' title='bbox 973 1367 1014 1402; x_wconf 89' lang='lat' dir='ltr'>et</span> <span class='ocrx_word' id='word_1_274' title='bbox 1044 1364 1274 1413; x_wconf 85' lang='lat' dir='ltr'>catalogum</span> <span class='ocrx_word' id='word_1_275' title='bbox 1306 1364 1484 1404; x_wconf 84' lang='lat' dir='ltr'>describi</span> <span class='ocrx_word' id='word_1_276' title='bbox 1515 1376 1611 1405; x_wconf 88' lang='lat' dir='ltr'>cura</span> <span class='ocrx_word' id='word_1_277' title='bbox 1632 1366 1834 1404; x_wconf 88' lang='lat' dir='ltr'>librorum</span> <span class='ocrx_word' id='word_1_278' title='bbox 1865 1376 1888 1403; x_wconf 85' lang='lat' dir='ltr'>a</span> <span class='ocrx_word' id='word_1_279' title='bbox 1917 1369 1958 1403; x_wconf 88' lang='lat' dir='ltr'>tc</span> <span class='ocrx_word' id='word_1_280' title='bbox 1990 1363 2221 1411; x_wconf 87' lang='lat' dir='ltr'>editorum;</span> <span class='ocrx_word' id='word_1_281' title='bbox 2270 1374 2381 1402; x_wconf 91' lang='lat' dir='ltr'>com-</span> 
     </span>
     <span class='ocr_line' id='line_1_23' title="bbox 133 1419 2382 1476; baseline 0.001 -18"><span class='ocrx_word' id='word_1_282' title='bbox 133 1421 315 1471; x_wconf 90' lang='lat' dir='ltr'>pensabo</span> <span class='ocrx_word' id='word_1_283' title='bbox 347 1431 421 1469; x_wconf 87' lang='lat' dir='ltr'>ego</span> <span class='ocrx_word' id='word_1_284' title='bbox 451 1419 745 1459; x_wconf 77' lang='lat' dir='ltr'>liberalitatem</span> <span class='ocrx_word' id='word_1_285' title='bbox 777 1421 882 1460; x_wconf 90' lang='lat' dir='ltr'>hanc</span> <span class='ocrx_word' id='word_1_286' title='bbox 910 1426 1025 1460; x_wconf 89' lang='lat' dir='ltr'>tuam</span> <span class='ocrx_word' id='word_1_287' title='bbox 1055 1422 1264 1463; x_wconf 83' lang='lat' dir='ltr'>elaborato</span> <span class='ocrx_word' id='word_1_288' title='bbox 1310 1424 1499 1476; x_wconf 89' lang='lat' dir='ltr'>succino,</span> <span class='ocrx_word' id='word_1_289' title='bbox 1538 1428 1586 1463; x_wconf 89' lang='lat' dir='ltr'>ut</span> <span class='ocrx_word' id='word_1_290' title='bbox 1622 1429 1719 1464; x_wconf 91' lang='lat' dir='ltr'>tuus</span> <span class='ocrx_word' id='word_1_291' title='bbox 1750 1423 2036 1463; x_wconf 90' lang='lat' dir='ltr'>Ludoviculus</span> <span class='ocrx_word' id='word_1_292' title='bbox 2068 1426 2109 1461; x_wconf 94' lang='lat' dir='ltr'>et</span> <span class='ocrx_word' id='word_1_293' title='bbox 2140 1422 2277 1462; x_wconf 86' lang='lat' dir='ltr'>filiola</span> <span class='ocrx_word' id='word_1_294' title='bbox 2306 1421 2382 1460; x_wconf 89' lang='grc'><strong>116-</strong></span> 
     </span>
     <span class='ocr_line' id='line_1_24' title="bbox 131 1478 1989 1533; baseline 0.002 -16"><span class='ocrx_word' id='word_1_295' title='bbox 131 1480 267 1528; x_wconf 87' lang='lat' dir='ltr'>beant,</span> <span class='ocrx_word' id='word_1_296' title='bbox 300 1478 350 1529; x_wconf 88' lang='lat' dir='ltr'>de</span> <span class='ocrx_word' id='word_1_297' title='bbox 382 1490 462 1528; x_wconf 91' lang='lat' dir='ltr'>quo</span> <span class='ocrx_word' id='word_1_298' title='bbox 495 1479 579 1517; x_wconf 90' lang='lat' dir='ltr'>sibi</span> <span class='ocrx_word' id='word_1_299' title='bbox 607 1480 878 1528; x_wconf 78' lang='lat' dir='ltr'>gratulentur,</span> <span class='ocrx_word' id='word_1_300' title='bbox 1371 1528 1374 1532; x_wconf 89' lang='lat'><strong>.</strong></span> <span class='ocrx_word' id='word_1_301' title='bbox 1988 1530 1989 1533; x_wconf 11' lang='grc' dir='ltr'><strong>Ἴ</strong></span> 
     </span>
    </p>

    <p class='ocr_par' dir='ltr' id='par_1_9' title="bbox 126 1535 2379 1645">
     <span class='ocr_line' id='line_1_25' title="bbox 271 1535 2379 1595; baseline 0.002 -20"><span class='ocrx_word' id='word_1_302' title='bbox 271 1537 375 1576; x_wconf 89' lang='lat' dir='ltr'>Vale</span> <span class='ocrx_word' id='word_1_303' title='bbox 404 1538 449 1576; x_wconf 92' lang='lat' dir='ltr'>in</span> <span class='ocrx_word' id='word_1_304' title='bbox 480 1535 642 1576; x_wconf 85' lang='lat' dir='ltr'>Christo</span> <span class='ocrx_word' id='word_1_305' title='bbox 673 1550 765 1576; x_wconf 90' lang='grc'><strong>66111</strong></span> <span class='ocrx_word' id='word_1_306' title='bbox 794 1539 877 1577; x_wconf 85' lang='lat' dir='ltr'>tuis</span> <span class='ocrx_word' id='word_1_307' title='bbox 909 1539 1159 1579; x_wconf 84' lang='lat' dir='ltr'>charissimis</span> <span class='ocrx_word' id='word_1_308' title='bbox 1189 1540 1359 1595; x_wconf 78' lang='lat' dir='ltr'>liberis,</span> <span class='ocrx_word' id='word_1_309' title='bbox 1406 1543 1538 1582; x_wconf 84' lang='lat' dir='ltr'>amice</span> <span class='ocrx_word' id='word_1_310' title='bbox 1586 1542 1824 1582; x_wconf 85' lang='lat' dir='ltr'>charissime</span> <span class='ocrx_word' id='word_1_311' title='bbox 1854 1539 2162 1592; x_wconf 89' lang='lat' dir='ltr'>plurimumque</span> <span class='ocrx_word' id='word_1_312' title='bbox 2195 1538 2379 1579; x_wconf 86' lang='lat' dir='ltr'>colende.</span> 
     </span>
     <span class='ocr_line' id='line_1_26' title="bbox 126 1595 1477 1645; baseline 0.004 -11"><span class='ocrx_word' id='word_1_313' title='bbox 126 1595 395 1645; x_wconf 87' lang='lat' dir='ltr'>Regiomonti</span> <span class='ocrx_word' id='word_1_314' title='bbox 425 1599 503 1638; x_wconf 88' lang='lat' dir='ltr'>etc.</span> <span class='ocrx_word' id='word_1_315' title='bbox 763 1619 768 1622; x_wconf 97' lang='lat'>·</span> <span class='ocrx_word' id='word_1_316' title='bbox 1475 1639 1477 1642; x_wconf 15' lang='grc' dir='ltr'><em>Α</em></span> 
     </span>
    </p>

    <p class='ocr_par' dir='ltr' id='par_1_10' title="bbox 129 1650 2385 2177">
     <span class='ocr_line' id='line_1_27' title="bbox 275 1650 2381 1710; baseline 0 -18"><span class='ocrx_word' id='word_1_317' title='bbox 275 1650 396 1693; x_wconf 84' lang='grc' dir='ltr'><strong>Α1166</strong></span> <span class='ocrx_word' id='word_1_318' title='bbox 433 1656 541 1693; x_wconf 82' lang='grc'><strong>1615</strong></span> <span class='ocrx_word' id='word_1_319' title='bbox 572 1651 662 1706; x_wconf 83' lang='lat'>(17.</span> <span class='ocrx_word' id='word_1_320' title='bbox 693 1652 818 1708; x_wconf 90' lang='lat' dir='ltr'>Aug.)</span> <span class='ocrx_word' id='word_1_321' title='bbox 845 1655 1027 1708; x_wconf 78' lang='lat' dir='ltr'>Papius,</span> <span class='ocrx_word' id='word_1_322' title='bbox 1073 1668 1248 1708; x_wconf 89' lang='lat' dir='ltr'>querens</span> <span class='ocrx_word' id='word_1_323' title='bbox 1287 1658 1337 1697; x_wconf 89' lang='lat' dir='ltr'>de</span> <span class='ocrx_word' id='word_1_324' title='bbox 1372 1659 1542 1710; x_wconf 88' lang='lat' dir='ltr'>Kepleri</span> <span class='ocrx_word' id='word_1_325' title='bbox 1572 1659 1767 1699; x_wconf 88' lang='lat' dir='ltr'>diuturno</span> <span class='ocrx_word' id='word_1_326' title='bbox 1798 1659 1965 1699; x_wconf 87' lang='lat' dir='ltr'>silentio</span> <span class='ocrx_word' id='word_1_327' title='bbox 1995 1658 2206 1709; x_wconf 80' lang='lat' dir='ltr'>prioribus</span> <span class='ocrx_word' id='word_1_328' title='bbox 2239 1654 2381 1694; x_wconf 87' lang='lat' dir='ltr'>addit:</span> 
     </span>
     <span class='ocr_line' id='line_1_28' title="bbox 130 1713 2383 1771; baseline 0 -19"><span class='ocrx_word' id='word_1_329' title='bbox 130 1713 319 1763; x_wconf 85' lang='lat' dir='ltr'>optarim</span> <span class='ocrx_word' id='word_1_330' title='bbox 348 1725 422 1763; x_wconf 87' lang='lat' dir='ltr'>ego</span> <span class='ocrx_word' id='word_1_331' title='bbox 452 1714 581 1762; x_wconf 88' lang='lat' dir='ltr'>mihi,</span> <span class='ocrx_word' id='word_1_332' title='bbox 611 1713 650 1751; x_wconf 90' lang='lat' dir='ltr'>si</span> <span class='ocrx_word' id='word_1_333' title='bbox 677 1713 806 1752; x_wconf 89' lang='lat' dir='ltr'>ullius</span> <span class='ocrx_word' id='word_1_334' title='bbox 835 1715 880 1752; x_wconf 89' lang='lat' dir='ltr'>in</span> <span class='ocrx_word' id='word_1_335' title='bbox 911 1715 1066 1753; x_wconf 88' lang='lat' dir='ltr'>mundo</span> <span class='ocrx_word' id='word_1_336' title='bbox 1098 1716 1289 1768; x_wconf 91' lang='lat' dir='ltr'>hominis,</span> <span class='ocrx_word' id='word_1_337' title='bbox 1320 1719 1402 1771; x_wconf 87' lang='lat' dir='ltr'>tui,</span> <span class='ocrx_word' id='word_1_338' title='bbox 1434 1719 1495 1757; x_wconf 87' lang='lat' dir='ltr'>ita</span> <span class='ocrx_word' id='word_1_339' title='bbox 1523 1730 1588 1757; x_wconf 92' lang='lat' dir='ltr'>me</span> <span class='ocrx_word' id='word_1_340' title='bbox 1605 1719 1719 1758; x_wconf 92' lang='lat' dir='ltr'>Deus</span> <span class='ocrx_word' id='word_1_341' title='bbox 1751 1721 1871 1769; x_wconf 83' lang='lat' dir='ltr'>amet,</span> <span class='ocrx_word' id='word_1_342' title='bbox 1903 1717 2088 1767; x_wconf 89' lang='lat' dir='ltr'>copiam,</span> <span class='ocrx_word' id='word_1_343' title='bbox 2120 1726 2301 1768; x_wconf 91' lang='lat' dir='ltr'>quocum</span> <span class='ocrx_word' id='word_1_344' title='bbox 2333 1714 2383 1752; x_wconf 91' lang='lat' dir='ltr'>de</span> 
     </span>
     <span class='ocr_line' id='line_1_29' title="bbox 130 1769 2385 1827; baseline 0 -17"><span class='ocrx_word' id='word_1_345' title='bbox 130 1772 252 1811; x_wconf 89' lang='lat' dir='ltr'>rebus</span> <span class='ocrx_word' id='word_1_346' title='bbox 281 1772 534 1820; x_wconf 88' lang='lat' dir='ltr'>gravissimis</span> <span class='ocrx_word' id='word_1_347' title='bbox 565 1770 768 1825; x_wconf 87' lang='lat' dir='ltr'>conferre,</span> <span class='ocrx_word' id='word_1_348' title='bbox 809 1773 913 1811; x_wconf 89' lang='lat' dir='ltr'>seria</span> <span class='ocrx_word' id='word_1_349' title='bbox 951 1785 1043 1812; x_wconf 90' lang='lat' dir='ltr'>cum</span> <span class='ocrx_word' id='word_1_350' title='bbox 1080 1775 1187 1826; x_wconf 85' lang='lat' dir='ltr'>jocis</span> <span class='ocrx_word' id='word_1_351' title='bbox 1218 1779 1390 1815; x_wconf 88' lang='lat' dir='ltr'>tractare</span> <span class='ocrx_word' id='word_1_352' title='bbox 1420 1777 1574 1817; x_wconf 86' lang='lat' dir='ltr'>liceret.</span> <span class='ocrx_word' id='word_1_353' title='bbox 1607 1800 1662 1805; x_wconf 94' lang='lat'>——</span> <span class='ocrx_word' id='word_1_354' title='bbox 1695 1775 1798 1816; x_wconf 84' lang='lat' dir='ltr'>Cum</span> <span class='ocrx_word' id='word_1_355' title='bbox 1826 1788 1960 1827; x_wconf 85' lang='lat' dir='ltr'>nuper</span> <span class='ocrx_word' id='word_1_356' title='bbox 1989 1776 2043 1816; x_wconf 88' lang='lat' dir='ltr'>D.</span> <span class='ocrx_word' id='word_1_357' title='bbox 2078 1773 2282 1823; x_wconf 86' lang='lat' dir='ltr'>Griigerus</span> <span class='ocrx_word' id='word_1_358' title='bbox 2312 1769 2385 1812; x_wconf 90' lang='lat' dir='ltr'>hic</span> 
     </span>
     <span class='ocr_line' id='line_1_30' title="bbox 129 1830 2382 1886; baseline 0 -17"><span class='ocrx_word' id='word_1_359' title='bbox 129 1834 236 1869; x_wconf 88' lang='lat' dir='ltr'>esset</span> <span class='ocrx_word' id='word_1_360' title='bbox 264 1830 407 1882; x_wconf 89' lang='lat' dir='ltr'>tuique</span> <span class='ocrx_word' id='word_1_361' title='bbox 426 1831 697 1870; x_wconf 77' lang='lat' dir='ltr'>honorificam</span> <span class='ocrx_word' id='word_1_362' title='bbox 727 1832 979 1873; x_wconf 87' lang='lat' dir='ltr'>mentionem</span> <span class='ocrx_word' id='word_1_363' title='bbox 1009 1831 1174 1885; x_wconf 81' lang='lat' dir='ltr'>faceret,</span> <span class='ocrx_word' id='word_1_364' title='bbox 1205 1832 1330 1873; x_wconf 85' lang='lat' dir='ltr'>simul</span> <span class='ocrx_word' id='word_1_365' title='bbox 1361 1847 1613 1886; x_wconf 86' lang='lat' dir='ltr'>conquerens</span> <span class='ocrx_word' id='word_1_366' title='bbox 1645 1837 1695 1877; x_wconf 91' lang='lat' dir='ltr'>de</span> <span class='ocrx_word' id='word_1_367' title='bbox 1725 1836 1933 1885; x_wconf 87' lang='lat' dir='ltr'>iniquiore</span> <span class='ocrx_word' id='word_1_368' title='bbox 1955 1845 2035 1874; x_wconf 88' lang='lat' dir='ltr'>sua</span> <span class='ocrx_word' id='word_1_369' title='bbox 2055 1832 2235 1885; x_wconf 86' lang='lat' dir='ltr'>fortuna,</span> <span class='ocrx_word' id='word_1_370' title='bbox 2270 1831 2382 1880; x_wconf 90' lang='lat' dir='ltr'>quod</span> 
     </span>
     <span class='ocr_line' id='line_1_31' title="bbox 132 1889 2385 1947; baseline 0.001 -21"><span class='ocrx_word' id='word_1_371' title='bbox 132 1889 422 1939; x_wconf 86' lang='lat' dir='ltr'>occupationes</span> <span class='ocrx_word' id='word_1_372' title='bbox 449 1889 765 1928; x_wconf 84' lang='lat' dir='ltr'>mathematicae</span> <span class='ocrx_word' id='word_1_373' title='bbox 794 1890 1211 1946; x_wconf 84' lang='lat' dir='ltr'>interrumperentur,</span> <span class='ocrx_word' id='word_1_374' title='bbox 1249 1893 1334 1932; x_wconf 90' lang='lat' dir='ltr'>imo</span> <span class='ocrx_word' id='word_1_375' title='bbox 1380 1900 1499 1934; x_wconf 90' lang='lat' dir='ltr'>omne</span> <span class='ocrx_word' id='word_1_376' title='bbox 1540 1894 1840 1947; x_wconf 86' lang='lat' dir='ltr'>propemodum</span> <span class='ocrx_word' id='word_1_377' title='bbox 1880 1894 2011 1932; x_wconf 85' lang='lat' dir='ltr'>otium</span> <span class='ocrx_word' id='word_1_378' title='bbox 2044 1893 2126 1931; x_wconf 91' lang='lat' dir='ltr'>sibi</span> <span class='ocrx_word' id='word_1_379' title='bbox 2157 1891 2385 1942; x_wconf 87' lang='lat' dir='ltr'>eriperetur</span> 
     </span>
     <span class='ocr_line' id='line_1_32' title="bbox 132 1947 2384 2002; baseline 0.001 -17"><span class='ocrx_word' id='word_1_380' title='bbox 132 1959 156 1986; x_wconf 88' lang='lat' dir='ltr'>a</span> <span class='ocrx_word' id='word_1_381' title='bbox 186 1948 443 1998; x_wconf 81' lang='lat' dir='ltr'>professione</span> <span class='ocrx_word' id='word_1_382' title='bbox 471 1947 721 1987; x_wconf 81' lang='lat' dir='ltr'>rhetorices:</span> <span class='ocrx_word' id='word_1_383' title='bbox 753 1949 931 2002; x_wconf 73' lang='lat' dir='ltr'>subi-isi,</span> <span class='ocrx_word' id='word_1_384' title='bbox 978 1950 1171 2002; x_wconf 91' lang='lat' dir='ltr'>inquiens</span> <span class='ocrx_word' id='word_1_385' title='bbox 1189 1958 1213 2000; x_wconf 89' lang='grc'>,’</span> <span class='ocrx_word' id='word_1_386' title='bbox 1242 1952 1413 1991; x_wconf 87' lang='lat' dir='ltr'>eandem</span> <span class='ocrx_word' id='word_1_387' title='bbox 1443 1954 1523 1992; x_wconf 87' lang='lat' dir='ltr'>tibi</span> <span class='ocrx_word' id='word_1_388' title='bbox 1553 1954 1767 1994; x_wconf 85' lang='lat' dir='ltr'>fortunam</span> <span class='ocrx_word' id='word_1_389' title='bbox 1797 1951 1962 1993; x_wconf 83' lang='lat' dir='ltr'>Graecii</span> <span class='ocrx_word' id='word_1_390' title='bbox 1992 1951 2242 2002; x_wconf 69' lang='lat' dir='ltr'>contigisse,</span> <span class='ocrx_word' id='word_1_391' title='bbox 2292 1960 2384 1988; x_wconf 91' lang='lat' dir='ltr'>cum</span> 
     </span>
     <span class='ocr_line' id='line_1_33' title="bbox 136 2005 2383 2059; baseline 0.001 -16"><span class='ocrx_word' id='word_1_392' title='bbox 136 2005 451 2045; x_wconf 85' lang='lat' dir='ltr'>mathematicus</span> <span class='ocrx_word' id='word_1_393' title='bbox 483 2006 661 2045; x_wconf 88' lang='lat' dir='ltr'>ethicam</span> <span class='ocrx_word' id='word_1_394' title='bbox 693 2006 870 2047; x_wconf 88' lang='lat' dir='ltr'>doceres.</span> <span class='ocrx_word' id='word_1_395' title='bbox 931 2009 998 2047; x_wconf 89' lang='lat' dir='ltr'>Ita</span> <span class='ocrx_word' id='word_1_396' title='bbox 1034 2010 1244 2059; x_wconf 66' lang='lat' dir='ltr'>‚iuventuti</span> <span class='ocrx_word' id='word_1_397' title='bbox 1277 2012 1498 2050; x_wconf 90' lang='lat' dir='ltr'>consulunt</span> <span class='ocrx_word' id='word_1_398' title='bbox 1535 2016 1589 2051; x_wconf 87' lang='lat' dir='ltr'>et·</span> <span class='ocrx_word' id='word_1_399' title='bbox 1614 2013 1791 2052; x_wconf 85' lang='lat' dir='ltr'>literatis</span> <span class='ocrx_word' id='word_1_400' title='bbox 1832 2011 2072 2050; x_wconf 83' lang='lat' dir='ltr'>hominibus</span> <span class='ocrx_word' id='word_1_401' title='bbox 2104 2008 2383 2056; x_wconf 87' lang='lat' dir='ltr'>scholarchae,</span> 
     </span>
     <span class='ocr_line' id='line_1_34' title="bbox 131 2063 2381 2121; baseline 0.001 -19"><span class='ocrx_word' id='word_1_402' title='bbox 131 2065 206 2116; x_wconf 89' lang='lat' dir='ltr'>qui</span> <span class='ocrx_word' id='word_1_403' title='bbox 250 2065 355 2102; x_wconf 91' lang='lat' dir='ltr'>mihi</span> <span class='ocrx_word' id='word_1_404' title='bbox 401 2063 564 2104; x_wconf 87' lang='lat' dir='ltr'>Graecii</span> <span class='ocrx_word' id='word_1_405' title='bbox 603 2064 654 2103; x_wconf 89' lang='lat' dir='ltr'>de</span> <span class='ocrx_word' id='word_1_406' title='bbox 691 2065 898 2116; x_wconf 87' lang='lat' dir='ltr'>principio</span> <span class='ocrx_word' id='word_1_407' title='bbox 944 2067 1245 2118; x_wconf 85' lang='lat' dir='ltr'>disputationes</span> <span class='ocrx_word' id='word_1_408' title='bbox 1286 2081 1337 2108; x_wconf 81' lang='lat' dir='ltr'>ex</span> <span class='ocrx_word' id='word_1_409' title='bbox 1368 2068 1564 2110; x_wconf 83' lang='lat' dir='ltr'>Cicerone</span> <span class='ocrx_word' id='word_1_410' title='bbox 1597 2075 1638 2111; x_wconf 88' lang='lat' dir='ltr'>et</span> <span class='ocrx_word' id='word_1_411' title='bbox 1666 2070 1850 2112; x_wconf 90' lang='lat' dir='ltr'>Homero</span> <span class='ocrx_word' id='word_1_412' title='bbox 1880 2070 2167 2121; x_wconf 83' lang='lat' dir='ltr'>imperabant3</span> <span class='ocrx_word' id='word_1_413' title='bbox 2213 2067 2381 2106; x_wconf 90' lang='lat' dir='ltr'>unicum</span> 
     </span>
     <span class='ocr_line' id='line_1_35' title="bbox 130 2121 2094 2177; baseline 0.004 -17"><span class='ocrx_word' id='word_1_414' title='bbox 130 2121 263 2161; x_wconf 83' lang='lat' dir='ltr'>defuit</span> <span class='ocrx_word' id='word_1_415' title='bbox 293 2126 457 2162; x_wconf 86' lang='lat' dir='ltr'>acutum</span> <span class='ocrx_word' id='word_1_416' title='bbox 488 2123 722 2175; x_wconf 83' lang='lat' dir='ltr'>consilium,</span> <span class='ocrx_word' id='word_1_417' title='bbox 752 2125 869 2177; x_wconf 83' lang='lat' dir='ltr'>quod&#39;</span> <span class='ocrx_word' id='word_1_418' title='bbox 894 2136 978 2164; x_wconf 92' lang='lat' dir='ltr'>non</span> <span class='ocrx_word' id='word_1_419' title='bbox 1009 2126 1132 2165; x_wconf 90' lang='lat' dir='ltr'>simul</span> <span class='ocrx_word' id='word_1_420' title='bbox 1164 2139 1215 2166; x_wconf 84' lang='lat' dir='ltr'>ex</span> <span class='ocrx_word' id='word_1_421' title='bbox 1244 2127 1419 2167; x_wconf 83' lang='lat' dir='ltr'>Euclide</span> <span class='ocrx_word' id='word_1_422' title='bbox 1451 2129 1772 2170; x_wconf 81' lang='lat' dir='ltr'>declamationes</span> <span class='ocrx_word' id='word_1_423' title='bbox 1805 2129 2094 2177; x_wconf 82' lang='lat' dir='ltr'>efflagitarent.</span> 
     </span>
    </p>

    <p class='ocr_par' dir='ltr' id='par_1_11' title="bbox 127 2180 2384 2461">
     <span class='ocr_line' id='line_1_36' title="bbox 273 2180 2384 2242; baseline 0 -21"><span class='ocrx_word' id='word_1_424' title='bbox 273 2180 321 2221; x_wconf 91' lang='lat' dir='ltr'>Si</span> <span class='ocrx_word' id='word_1_425' title='bbox 349 2193 415 2221; x_wconf 93' lang='lat' dir='ltr'>me</span> <span class='ocrx_word' id='word_1_426' title='bbox 445 2193 591 2235; x_wconf 87' lang='lat' dir='ltr'>amas,</span> <span class='ocrx_word' id='word_1_427' title='bbox 636 2183 769 2221; x_wconf 86' lang='lat' dir='ltr'>scribe</span> <span class='ocrx_word' id='word_1_428' title='bbox 801 2183 850 2222; x_wconf 91' lang='lat' dir='ltr'>de</span> <span class='ocrx_word' id='word_1_429' title='bbox 881 2185 963 2222; x_wconf 92' lang='lat' dir='ltr'>tuis</span> <span class='ocrx_word' id='word_1_430' title='bbox 994 2186 1125 2224; x_wconf 49' lang='lat' dir='ltr'>rebus*</span> <span class='ocrx_word' id='word_1_431' title='bbox 1147 2185 1226 2225; x_wconf 88' lang='grc'><strong>1166</strong></span> <span class='ocrx_word' id='word_1_432' title='bbox 1257 2188 1500 2242; x_wconf 86' lang='lat' dir='ltr'>occasione,</span> <span class='ocrx_word' id='word_1_433' title='bbox 1546 2188 1747 2240; x_wconf 88' lang='lat' dir='ltr'>responde</span> <span class='ocrx_word' id='word_1_434' title='bbox 1790 2188 1843 2229; x_wconf 91' lang='lat' dir='ltr'>D.</span> <span class='ocrx_word' id='word_1_435' title='bbox 1877 2185 2086 2240; x_wconf 83' lang='lat' dir='ltr'>Griigero,</span> <span class='ocrx_word' id='word_1_436' title='bbox 2130 2188 2182 2224; x_wconf 84' lang='lat' dir='ltr'>ne</span> <span class='ocrx_word' id='word_1_437' title='bbox 2213 2196 2256 2224; x_wconf 91' lang='lat' dir='ltr'>se</span> <span class='ocrx_word' id='word_1_438' title='bbox 2286 2196 2314 2223; x_wconf 90' lang='lat' dir='ltr'>a</span> <span class='ocrx_word' id='word_1_439' title='bbox 2342 2186 2384 2222; x_wconf 88' lang='lat' dir='ltr'>te</span> 
     </span>
     <span class='ocr_line' id='line_1_37' title="bbox 129 2240 2382 2300; baseline 0.002 -22"><span class='ocrx_word' id='word_1_440' title='bbox 129 2241 337 2279; x_wconf 87' lang='lat' dir='ltr'>contemni</span> <span class='ocrx_word' id='word_1_441' title='bbox 364 2240 496 2293; x_wconf 79' lang='lat' dir='ltr'>putet,</span> <span class='ocrx_word' id='word_1_442' title='bbox 530 2242 648 2291; x_wconf 76' lang='lat' dir='ltr'>cujtis</span> <span class='ocrx_word' id='word_1_443' title='bbox 679 2240 984 2281; x_wconf 85' lang='lat' dir='ltr'>humanitatem</span> <span class='ocrx_word' id='word_1_444' title='bbox 1013 2244 1184 2283; x_wconf 88' lang='lat' dir='ltr'>mirifice</span> <span class='ocrx_word' id='word_1_445' title='bbox 1214 2244 1469 2295; x_wconf 76' lang='lat' dir='ltr'>praedicavi,</span> <span class='ocrx_word' id='word_1_446' title='bbox 1531 2247 1684 2293; x_wconf 86' lang='lat' dir='ltr'>Facut</span> <span class='ocrx_word' id='word_1_447' title='bbox 1707 2249 1850 2300; x_wconf 87' lang='grc'><strong>561661,</strong></span> <span class='ocrx_word' id='word_1_448' title='bbox 1883 2243 2091 2298; x_wconf 88' lang='lat' dir='ltr'>quomodo</span> <span class='ocrx_word' id='word_1_449' title='bbox 2122 2244 2263 2283; x_wconf 84' lang='lat' dir='ltr'>valeat</span> <span class='ocrx_word' id='word_1_450' title='bbox 2282 2243 2382 2283; x_wconf 79' lang='lat' dir='ltr'>Flo-</span> 
     </span>
     <span class='ocr_line' id='line_1_38' title="bbox 127 2297 2384 2356; baseline 0.001 -19"><span class='ocrx_word' id='word_1_451' title='bbox 127 2299 272 2337; x_wconf 87' lang='lat' dir='ltr'>rianus</span> <span class='ocrx_word' id='word_1_452' title='bbox 302 2310 417 2338; x_wconf 90' lang='lat' dir='ltr'>meus</span> <span class='ocrx_word' id='word_1_453' title='bbox 449 2297 630 2349; x_wconf 88' lang='lat' dir='ltr'>Crusius,</span> <span class='ocrx_word' id='word_1_454' title='bbox 662 2311 784 2351; x_wconf 91' lang='lat' dir='ltr'>quem</span> <span class='ocrx_word' id='word_1_455' title='bbox 814 2301 894 2339; x_wconf 91' lang='lat' dir='ltr'>tibi</span> <span class='ocrx_word' id='word_1_456' title='bbox 925 2302 1234 2355; x_wconf 84' lang='lat' dir='ltr'>commendavi,</span> <span class='ocrx_word' id='word_1_457' title='bbox 1267 2316 1349 2356; x_wconf 92' lang='lat' dir='ltr'>quo</span> <span class='ocrx_word' id='word_1_458' title='bbox 1379 2305 1425 2343; x_wconf 92' lang='lat' dir='ltr'>in</span> <span class='ocrx_word' id='word_1_459' title='bbox 1455 2308 1496 2344; x_wconf 89' lang='lat' dir='ltr'>te</span> <span class='ocrx_word' id='word_1_460' title='bbox 1529 2307 1670 2346; x_wconf 89' lang='lat' dir='ltr'>animo</span> <span class='ocrx_word' id='word_1_461' title='bbox 1700 2307 1756 2346; x_wconf 88' lang='lat' dir='ltr'>sit</span> <span class='ocrx_word' id='word_1_462' title='bbox 1786 2306 1839 2347; x_wconf 85' lang='lat' dir='ltr'>D.</span> <span class='ocrx_word' id='word_1_463' title='bbox 1871 2304 2153 2353; x_wconf 85' lang='lat' dir='ltr'>Memhartus,</span> <span class='ocrx_word' id='word_1_464' title='bbox 2195 2304 2258 2350; x_wconf 74' lang='lat' dir='ltr'>vir</span> <span class='ocrx_word' id='word_1_465' title='bbox 2288 2313 2384 2341; x_wconf 87' lang='lat' dir='ltr'>vere</span> 
     </span>
     <span class='ocr_line' id='line_1_39' title="bbox 127 2351 2381 2419; baseline 0 -21"><span class='ocrx_word' id='word_1_466' title='bbox 127 2351 311 2410; x_wconf 77' lang='grc' dir='ltr'><strong>εὖτυχος.</strong></span> <span class='ocrx_word' id='word_1_467' title='bbox 369 2358 434 2398; x_wconf 82' lang='grc' dir='ltr'>Β6</span> <span class='ocrx_word' id='word_1_468' title='bbox 472 2357 724 2409; x_wconf 79' lang='lat' dir='ltr'>profectione</span> <span class='ocrx_word' id='word_1_469' title='bbox 764 2358 832 2401; x_wconf 70' lang='lat' dir='ltr'>Jo⁴</span> <span class='ocrx_word' id='word_1_470' title='bbox 864 2359 1062 2400; x_wconf 89' lang='lat' dir='ltr'>Straussii</span> <span class='ocrx_word' id='word_1_471' title='bbox 1090 2361 1260 2401; x_wconf 90' lang='lat' dir='ltr'>Borussi</span> <span class='ocrx_word' id='word_1_472' title='bbox 1289 2363 1325 2402; x_wconf 87' lang='lat' dir='ltr'>si</span> <span class='ocrx_word' id='word_1_473' title='bbox 1357 2363 1459 2414; x_wconf 85' lang='lat' dir='ltr'>quid</span> <span class='ocrx_word' id='word_1_474' title='bbox 1487 2364 1723 2419; x_wconf 83' lang='lat' dir='ltr'>addideris,</span> <span class='ocrx_word' id='word_1_475' title='bbox 1754 2367 1994 2415; x_wconf 84' lang='lat' dir='ltr'>pergratum</span> <span class='ocrx_word' id='word_1_476' title='bbox 2024 2363 2070 2402; x_wconf 93' lang='lat' dir='ltr'>id</span> <span class='ocrx_word' id='word_1_477' title='bbox 2112 2363 2203 2403; x_wconf 86' lang='lat' dir='ltr'>erit.</span> <span class='ocrx_word' id='word_1_478' title='bbox 2266 2362 2381 2400; x_wconf 90' lang='lat' dir='ltr'>Bene</span> 
     </span>
     <span class='ocr_line' id='line_1_40' title="bbox 127 2416 1099 2461; baseline 0.008 -8"><span class='ocrx_word' id='word_1_479' title='bbox 127 2416 219 2455; x_wconf 83' lang='lat' dir='ltr'>vale</span> <span class='ocrx_word' id='word_1_480' title='bbox 249 2420 327 2457; x_wconf 89' lang='lat' dir='ltr'>etc.</span> <span class='ocrx_word' id='word_1_481' title='bbox 678 2450 684 2455; x_wconf 85' lang='lat'><strong>.</strong></span> <span class='ocrx_word' id='word_1_482' title='bbox 1096 2458 1099 2461; x_wconf 92' lang='lat'>.</span> 
     </span>
    </p>

    <p class='ocr_par' dir='ltr' id='par_1_12' title="bbox 127 2474 2383 3059">
     <span class='ocr_line' id='line_1_41' title="bbox 217 2474 2383 2530; baseline 0.002 -18"><span class='ocrx_word' id='word_1_483' title='bbox 217 2500 223 2504; x_wconf 88' lang='lat'><em>-</em></span> <span class='ocrx_word' id='word_1_484' title='bbox 275 2474 498 2524; x_wconf 86' lang='lat' dir='ltr'>Keplerum</span> <span class='ocrx_word' id='word_1_485' title='bbox 529 2475 787 2525; x_wconf 84' lang='lat' dir='ltr'>rescripsisse</span> <span class='ocrx_word' id='word_1_486' title='bbox 817 2488 868 2515; x_wconf 83' lang='lat' dir='ltr'>ex</span> <span class='ocrx_word' id='word_1_487' title='bbox 897 2477 962 2516; x_wconf 89' lang='lat' dir='ltr'>his</span> <span class='ocrx_word' id='word_1_488' title='bbox 975 2477 1099 2528; x_wconf 89' lang='lat' dir='ltr'>Papii</span> <span class='ocrx_word' id='word_1_489' title='bbox 1129 2478 1259 2518; x_wconf 89' lang='lat' dir='ltr'>literis</span> <span class='ocrx_word' id='word_1_490' title='bbox 1290 2483 1429 2530; x_wconf 87' lang='lat' dir='ltr'>patet:</span> <span class='ocrx_word' id='word_1_491' title='bbox 1464 2477 1567 2519; x_wconf 83' lang='lat' dir='ltr'>Gum</span> <span class='ocrx_word' id='word_1_492' title='bbox 1588 2482 1779 2521; x_wconf 90' lang='lat' dir='ltr'>hesterno</span> <span class='ocrx_word' id='word_1_493' title='bbox 1804 2474 1870 2520; x_wconf 89' lang='lat' dir='ltr'>die</span> <span class='ocrx_word' id='word_1_494' title='bbox 1891 2483 1986 2520; x_wconf 89' lang='lat' dir='ltr'>tuas</span> <span class='ocrx_word' id='word_1_495' title='bbox 2009 2481 2251 2530; x_wconf 87' lang='lat' dir='ltr'>acciperem,</span> <span class='ocrx_word' id='word_1_496' title='bbox 2282 2489 2383 2528; x_wconf 90' lang='lat' dir='ltr'>prae</span> 
     </span>
     <span class='ocr_line' id='line_1_42' title="bbox 132 2533 2381 2586; baseline 0.002 -16"><span class='ocrx_word' id='word_1_497' title='bbox 132 2533 286 2580; x_wconf 86' lang='lat' dir='ltr'>gaudio</span> <span class='ocrx_word' id='word_1_498' title='bbox 315 2533 614 2583; x_wconf 85' lang='lat' dir='ltr'>propemodum</span> <span class='ocrx_word' id='word_1_499' title='bbox 642 2534 791 2573; x_wconf 84' lang='lat' dir='ltr'>exsilui</span> <span class='ocrx_word' id='word_1_500' title='bbox 824 2541 991 2586; x_wconf 87' lang='lat' dir='ltr'>propter</span> <span class='ocrx_word' id='word_1_501' title='bbox 1020 2538 1298 2576; x_wconf 86' lang='lat' dir='ltr'>constantiam</span> <span class='ocrx_word' id='word_1_502' title='bbox 1331 2539 1456 2577; x_wconf 84' lang='lat' dir='ltr'>amici</span> <span class='ocrx_word' id='word_1_503' title='bbox 1485 2541 1634 2579; x_wconf 89' lang='lat' dir='ltr'>summi</span> <span class='ocrx_word' id='word_1_504' title='bbox 1663 2540 1709 2579; x_wconf 90' lang='lat' dir='ltr'>in</span> <span class='ocrx_word' id='word_1_505' title='bbox 1738 2552 1805 2579; x_wconf 91' lang='lat' dir='ltr'>me</span> <span class='ocrx_word' id='word_1_506' title='bbox 1835 2539 2024 2579; x_wconf 89' lang='lat' dir='ltr'>amando.</span> <span class='ocrx_word' id='word_1_507' title='bbox 2084 2538 2255 2578; x_wconf 89' lang='lat' dir='ltr'>Utinam</span> <span class='ocrx_word' id='word_1_508' title='bbox 2286 2548 2381 2576; x_wconf 86' lang='lat' dir='ltr'>vero</span> 
     </span>
     <span class='ocr_line' id='line_1_43' title="bbox 133 2588 2383 2649; baseline 0.003 -21"><span class='ocrx_word' id='word_1_509' title='bbox 133 2601 207 2639; x_wconf 83' lang='lat' dir='ltr'>ego</span> <span class='ocrx_word' id='word_1_510' title='bbox 240 2591 319 2630; x_wconf 90' lang='lat' dir='ltr'>tibi</span> <span class='ocrx_word' id='word_1_511' title='bbox 348 2595 512 2630; x_wconf 84' lang='lat' dir='ltr'>tantum</span> <span class='ocrx_word' id='word_1_512' title='bbox 538 2592 814 2642; x_wconf 84' lang='lat' dir='ltr'>jucunditatis</span> <span class='ocrx_word' id='word_1_513' title='bbox 844 2606 1039 2644; x_wconf 90' lang='lat' dir='ltr'>reponere</span> <span class='ocrx_word' id='word_1_514' title='bbox 1069 2588 1256 2645; x_wconf 86' lang='lat' dir='ltr'>possem1</span> <span class='ocrx_word' id='word_1_515' title='bbox 1301 2596 1395 2636; x_wconf 91' lang='lat' dir='ltr'>Una</span> <span class='ocrx_word' id='word_1_516' title='bbox 1438 2601 1575 2637; x_wconf 89' lang='lat' dir='ltr'>tecum</span> <span class='ocrx_word' id='word_1_517' title='bbox 1604 2599 1709 2638; x_wconf 84' lang='lat' dir='ltr'>mihi</span> <span class='ocrx_word' id='word_1_518' title='bbox 1736 2597 2030 2649; x_wconf 88' lang='lat' dir='ltr'>permolestum</span> <span class='ocrx_word' id='word_1_519' title='bbox 2061 2600 2148 2649; x_wconf 87' lang='lat' dir='ltr'>est,</span> <span class='ocrx_word' id='word_1_520' title='bbox 2196 2596 2383 2634; x_wconf 87' lang='lat' dir='ltr'>divinum</span> 
     </span>
     <span class='ocr_line' id='line_1_44' title="bbox 134 2650 2381 2708; baseline 0.002 -20"><span class='ocrx_word' id='word_1_521' title='bbox 134 2652 252 2688; x_wconf 89' lang='lat' dir='ltr'>tuum</span> <span class='ocrx_word' id='word_1_522' title='bbox 283 2650 495 2700; x_wconf 87' lang='lat' dir='ltr'>ingenium</span> <span class='ocrx_word' id='word_1_523' title='bbox 526 2661 608 2689; x_wconf 88' lang='lat' dir='ltr'>non</span> <span class='ocrx_word' id='word_1_524' title='bbox 639 2652 685 2689; x_wconf 89' lang='lat' dir='ltr'>in</span> <span class='ocrx_word' id='word_1_525' title='bbox 715 2653 1071 2702; x_wconf 76' lang='lat' dir='ltr'>speculationibus</span> <span class='ocrx_word' id='word_1_526' title='bbox 1101 2655 1383 2708; x_wconf 76' lang='lat' dir='ltr'>gravissimis,</span> <span class='ocrx_word' id='word_1_527' title='bbox 1430 2668 1546 2708; x_wconf 85' lang='lat' dir='ltr'>quae.</span> <span class='ocrx_word' id='word_1_528' title='bbox 1585 2661 1811 2698; x_wconf 90' lang='lat' dir='ltr'>ceterorum</span> <span class='ocrx_word' id='word_1_529' title='bbox 1839 2657 1924 2696; x_wconf 82' lang='lat' dir='ltr'>fere</span> <span class='ocrx_word' id='word_1_530' title='bbox 1954 2657 2167 2696; x_wconf 86' lang='lat' dir='ltr'>hominum</span> <span class='ocrx_word' id='word_1_531' title='bbox 2200 2654 2381 2694; x_wconf 90' lang='lat' dir='ltr'>omnium</span> 
     </span>
     <span class='ocr_line' id='line_1_45' title="bbox 127 2707 2383 2769; baseline 0.002 -23"><span class='ocrx_word' id='word_1_532' title='bbox 127 2708 298 2757; x_wconf 87' lang='lat' dir='ltr'>ingenia</span> <span class='ocrx_word' id='word_1_533' title='bbox 328 2709 544 2762; x_wconf 83' lang='lat' dir='ltr'>excedunt,</span> <span class='ocrx_word' id='word_1_534' title='bbox 578 2721 666 2748; x_wconf 76' lang='lat' dir='ltr'>esse</span> <span class='ocrx_word' id='word_1_535' title='bbox 697 2715 955 2765; x_wconf 90' lang='lat' dir='ltr'>occupatum,</span> <span class='ocrx_word' id='word_1_536' title='bbox 987 2712 1060 2752; x_wconf 89' lang='lat' dir='ltr'>sed</span> <span class='ocrx_word' id='word_1_537' title='bbox 1090 2713 1279 2752; x_wconf 88' lang='lat' dir='ltr'>distineri</span> <span class='ocrx_word' id='word_1_538' title='bbox 1310 2707 1672 2767; x_wconf 82' lang='lat' dir='ltr'>calculationibus,</span> <span class='ocrx_word' id='word_1_539' title='bbox 1702 2727 1810 2769; x_wconf 91' lang='lat' dir='ltr'>quae</span> <span class='ocrx_word' id='word_1_540' title='bbox 1839 2715 2044 2754; x_wconf 89' lang='lat' dir='ltr'>industrio</span> <span class='ocrx_word' id='word_1_541' title='bbox 2077 2716 2204 2766; x_wconf 85' lang='lat' dir='ltr'>atque</span> <span class='ocrx_word' id='word_1_542' title='bbox 2233 2714 2279 2752; x_wconf 91' lang='lat' dir='ltr'>in</span> <span class='ocrx_word' id='word_1_543' title='bbox 2300 2713 2383 2752; x_wconf 84' lang='lat' dir='ltr'>tuis</span> 
     </span>
     <span class='ocr_line' id='line_1_46' title="bbox 130 2766 2381 2821; baseline 0.003 -18"><span class='ocrx_word' id='word_1_544' title='bbox 130 2766 220 2804; x_wconf 88' lang='lat' dir='ltr'>istis</span> <span class='ocrx_word' id='word_1_545' title='bbox 251 2767 402 2806; x_wconf 89' lang='lat' dir='ltr'>studiis</span> <span class='ocrx_word' id='word_1_546' title='bbox 432 2767 692 2807; x_wconf 84' lang='lat' dir='ltr'>mediocriter</span> <span class='ocrx_word' id='word_1_547' title='bbox 722 2771 945 2809; x_wconf 85' lang='lat' dir='ltr'>exercitato</span> <span class='ocrx_word' id='word_1_548' title='bbox 974 2770 1148 2817; x_wconf 73' lang='lat' dir='ltr'>homini,</span> <span class='ocrx_word' id='word_1_549' title='bbox 1165 2773 1303 2821; x_wconf 88' lang='lat' dir='ltr'>potius</span> <span class='ocrx_word' id='word_1_550' title='bbox 1337 2773 1652 2818; x_wconf 84' lang='lat' dir='ltr'>committendae</span> <span class='ocrx_word' id='word_1_551' title='bbox 1685 2776 1830 2814; x_wconf 88' lang='lat' dir='ltr'>essent.</span> <span class='ocrx_word' id='word_1_552' title='bbox 1894 2772 1993 2820; x_wconf 82' lang='lat' dir='ltr'>(cfr.</span> <span class='ocrx_word' id='word_1_553' title='bbox 2010 2771 2095 2815; x_wconf 87' lang='lat' dir='ltr'>vol.</span> <span class='ocrx_word' id='word_1_554' title='bbox 2114 2773 2186 2812; x_wconf 90' lang='lat' dir='ltr'>IV.</span> <span class='ocrx_word' id='word_1_555' title='bbox 2208 2783 2249 2821; x_wconf 89' lang='lat' dir='ltr'>p.</span> <span class='ocrx_word' id='word_1_556' title='bbox 2267 2767 2381 2821; x_wconf 79' lang='lat'>519.)</span> 
     </span>
     <span class='ocr_line' id='line_1_47' title="bbox 130 2822 2381 2882; baseline 0.003 -20"><span class='ocrx_word' id='word_1_557' title='bbox 130 2822 449 2875; x_wconf 81' lang='lat' dir='ltr'>Ghorographia,</span> <span class='ocrx_word' id='word_1_558' title='bbox 480 2837 607 2878; x_wconf 88' lang='lat' dir='ltr'>quam</span> <span class='ocrx_word' id='word_1_559' title='bbox 637 2824 703 2867; x_wconf 91' lang='lat' dir='ltr'>Ill.</span> <span class='ocrx_word' id='word_1_560' title='bbox 736 2827 928 2868; x_wconf 89' lang='lat' dir='ltr'>Proceres</span> <span class='ocrx_word' id='word_1_561' title='bbox 958 2827 1205 2880; x_wconf 77' lang='lat' dir='ltr'>postulant,</span> <span class='ocrx_word' id='word_1_562' title='bbox 1233 2831 1376 2870; x_wconf 68' lang='lat' dir='ltr'>&#39;etiam</span> <span class='ocrx_word' id='word_1_563' title='bbox 1405 2829 1500 2882; x_wconf 88' lang='lat' dir='ltr'>plus</span> <span class='ocrx_word' id='word_1_564' title='bbox 1531 2831 1813 2872; x_wconf 88' lang='lat' dir='ltr'>molestiarum</span> <span class='ocrx_word' id='word_1_565' title='bbox 1845 2832 1971 2871; x_wconf 87' lang='lat' dir='ltr'>habet</span> <span class='ocrx_word' id='word_1_566' title='bbox 2005 2832 2048 2871; x_wconf 91' lang='lat' dir='ltr'>in</span> <span class='ocrx_word' id='word_1_567' title='bbox 2079 2829 2381 2882; x_wconf 87' lang='lat' dir='ltr'>peregrinando</span> 
     </span>
     <span class='ocr_line' id='line_1_48' title="bbox 130 2881 2380 2943; baseline 0.002 -22"><span class='ocrx_word' id='word_1_568' title='bbox 130 2887 172 2921; x_wconf 85' lang='lat' dir='ltr'>et</span> <span class='ocrx_word' id='word_1_569' title='bbox 187 2881 461 2936; x_wconf 69' lang='lat' dir='ltr'>,delineando‚</span> <span class='ocrx_word' id='word_1_570' title='bbox 494 2885 602 2924; x_wconf 91' lang='lat' dir='ltr'>sicut</span> <span class='ocrx_word' id='word_1_571' title='bbox 631 2889 728 2924; x_wconf 87' lang='lat' dir='ltr'>ante</span> <span class='ocrx_word' id='word_1_572' title='bbox 759 2885 911 2926; x_wconf 90' lang='lat' dir='ltr'>multos</span> <span class='ocrx_word' id='word_1_573' title='bbox 942 2899 1070 2927; x_wconf 89' lang='lat' dir='ltr'>annos</span> <span class='ocrx_word' id='word_1_574' title='bbox 1100 2890 1293 2940; x_wconf 84' lang='lat' dir='ltr'>perspexi</span> <span class='ocrx_word' id='word_1_575' title='bbox 1323 2893 1363 2928; x_wconf 90' lang='lat' dir='ltr'>et</span> <span class='ocrx_word' id='word_1_576' title='bbox 1394 2892 1570 2939; x_wconf 86' lang='lat' dir='ltr'>cognovi</span> <span class='ocrx_word' id='word_1_577' title='bbox 1601 2902 1650 2930; x_wconf 85' lang='lat' dir='ltr'>ex</span> <span class='ocrx_word' id='word_1_578' title='bbox 1681 2893 1806 2930; x_wconf 88' lang='lat' dir='ltr'>beato</span> <span class='ocrx_word' id='word_1_579' title='bbox 1838 2891 2017 2943; x_wconf 89' lang='lat' dir='ltr'>Apiano,</span> <span class='ocrx_word' id='word_1_580' title='bbox 2049 2901 2143 2929; x_wconf 92' lang='lat' dir='ltr'>cum</span> <span class='ocrx_word' id='word_1_581' title='bbox 2173 2890 2210 2928; x_wconf 90' lang='lat' dir='ltr'>is</span> <span class='ocrx_word' id='word_1_582' title='bbox 2240 2889 2380 2941; x_wconf 64' lang='grc' dir='ltr'>Β6ν6,-ι</span> 
     </span>
     <span class='ocr_line' id='line_1_49' title="bbox 128 2941 2382 3001; baseline 0.003 -22"><span class='ocrx_word' id='word_1_583' title='bbox 128 2941 232 2982; x_wconf 85' lang='lat' dir='ltr'>riam</span> <span class='ocrx_word' id='word_1_584' title='bbox 263 2942 412 2995; x_wconf 87' lang='lat' dir='ltr'>ederet,</span> <span class='ocrx_word' id='word_1_585' title='bbox 448 2954 555 2993; x_wconf 84' lang='grc'><strong>(1666</strong></span> <span class='ocrx_word' id='word_1_586' title='bbox 588 2944 641 2982; x_wconf 87' lang='lat' dir='ltr'>ab</span> <span class='ocrx_word' id='word_1_587' title='bbox 675 2946 866 2984; x_wconf 86' lang='lat' dir='ltr'>omnibus</span> <span class='ocrx_word' id='word_1_588' title='bbox 895 2947 1164 2998; x_wconf 87' lang='lat' dir='ltr'>geographis,</span> <span class='ocrx_word' id='word_1_589' title='bbox 1195 2951 1401 3001; x_wconf 82' lang='lat' dir='ltr'>quotquot</span> <span class='ocrx_word' id='word_1_590' title='bbox 1430 2960 1505 2998; x_wconf 88' lang='lat' dir='ltr'>ego</span> <span class='ocrx_word' id='word_1_591' title='bbox 1536 2951 1616 2989; x_wconf 88' lang='grc'><strong>1166</strong></span> <span class='ocrx_word' id='word_1_592' title='bbox 1648 2949 1698 2988; x_wconf 88' lang='grc'>(16</span> <span class='ocrx_word' id='word_1_593' title='bbox 1729 2961 1772 2988; x_wconf 84' lang='grc'>16</span> <span class='ocrx_word' id='word_1_594' title='bbox 1802 2949 1948 2988; x_wconf 87' lang='lat' dir='ltr'>audivi</span> <span class='ocrx_word' id='word_1_595' title='bbox 1973 2947 2183 3000; x_wconf 85' lang='lat' dir='ltr'>judicare,</span> <span class='ocrx_word' id='word_1_596' title='bbox 2210 2948 2382 2987; x_wconf 87' lang='lat' dir='ltr'>mirifice</span> 
     </span>
     <span class='ocr_line' id='line_1_50' title="bbox 129 2997 1492 3059; baseline 0.007 -21"><span class='ocrx_word' id='word_1_597' title='bbox 129 2997 371 3039; x_wconf 84' lang='lat' dir='ltr'>collaudata</span> <span class='ocrx_word' id='word_1_598' title='bbox 400 3001 493 3042; x_wconf 82' lang='lat' dir='ltr'>fuit.</span> <span class='ocrx_word' id='word_1_599' title='bbox 557 3001 679 3040; x_wconf 77' lang='lat' dir='ltr'>Faxit</span> <span class='ocrx_word' id='word_1_600' title='bbox 708 3002 834 3056; x_wconf 87' lang='lat' dir='ltr'>Deus,</span> <span class='ocrx_word' id='word_1_601' title='bbox 866 3007 913 3042; x_wconf 81' lang='lat' dir='ltr'>ut</span> <span class='ocrx_word' id='word_1_602' title='bbox 944 3007 1032 3054; x_wconf 88' lang='lat' dir='ltr'>ejus</span> <span class='ocrx_word' id='word_1_603' title='bbox 1064 3000 1284 3059; x_wconf 77' lang='grc' dir='ltr'><strong><em>ἁκριβειαν</em></strong></span> <span class='ocrx_word' id='word_1_604' title='bbox 1315 3013 1492 3058; x_wconf 86' lang='lat' dir='ltr'>superes.</span> 
     </span>
    </p>

    <p class='ocr_par' dir='ltr' id='par_1_13' title="bbox 109 3044 2382 3638">
     <span class='ocr_line' id='line_1_51' title="bbox 257 3044 2382 3116; baseline 0.002 -18"><span class='ocrx_word' id='word_1_605' title='bbox 257 3044 461 3099; x_wconf 69' lang='lat' dir='ltr'>‘Gratiam</span> <span class='ocrx_word' id='word_1_606' title='bbox 490 3060 571 3098; x_wconf 90' lang='lat' dir='ltr'>tibi</span> <span class='ocrx_word' id='word_1_607' title='bbox 601 3059 756 3106; x_wconf 86' lang='lat' dir='ltr'>habeo,</span> <span class='ocrx_word' id='word_1_608' title='bbox 788 3062 900 3112; x_wconf 87' lang='lat' dir='ltr'>quod</span> <span class='ocrx_word' id='word_1_609' title='bbox 930 3064 1129 3113; x_wconf 88' lang='lat' dir='ltr'>aperuisti</span> <span class='ocrx_word' id='word_1_610' title='bbox 1158 3065 1291 3115; x_wconf 84' lang='lat' dir='ltr'>viam,</span> <span class='ocrx_word' id='word_1_611' title='bbox 1324 3076 1408 3115; x_wconf 88' lang='lat' dir='ltr'>qua</span> <span class='ocrx_word' id='word_1_612' title='bbox 1439 3065 1650 3114; x_wconf 85' lang='lat' dir='ltr'>paradoxa</span> <span class='ocrx_word' id='word_1_613' title='bbox 1680 3067 1755 3103; x_wconf 90' lang='lat' dir='ltr'>tua</span> <span class='ocrx_word' id='word_1_614' title='bbox 1784 3064 1957 3116; x_wconf 89' lang='lat' dir='ltr'>physica</span> <span class='ocrx_word' id='word_1_615' title='bbox 1986 3066 2143 3116; x_wconf 90' lang='lat' dir='ltr'>possim</span> <span class='ocrx_word' id='word_1_616' title='bbox 2174 3064 2382 3105; x_wconf 89' lang='lat' dir='ltr'>accedere.</span> 
     </span>
     <span class='ocr_line' id='line_1_52' title="bbox 133 3116 2380 3176; baseline 0.004 -21"><span class='ocrx_word' id='word_1_617' title='bbox 133 3116 180 3156; x_wconf 86' lang='grc'>111</span> <span class='ocrx_word' id='word_1_618' title='bbox 209 3117 391 3167; x_wconf 85' lang='lat' dir='ltr'>physicis</span> <span class='ocrx_word' id='word_1_619' title='bbox 422 3130 486 3156; x_wconf 91' lang='grc'><strong>1116</strong></span> <span class='ocrx_word' id='word_1_620' title='bbox 515 3130 542 3157; x_wconf 85' lang='grc'>6</span> <span class='ocrx_word' id='word_1_621' title='bbox 572 3123 613 3157; x_wconf 89' lang='lat' dir='ltr'>te</span> <span class='ocrx_word' id='word_1_622' title='bbox 644 3124 767 3169; x_wconf 88' lang='lat' dir='ltr'>atque</span> <span class='ocrx_word' id='word_1_623' title='bbox 797 3120 994 3169; x_wconf 77' lang='lat' dir='ltr'>Tychone</span> <span class='ocrx_word' id='word_1_624' title='bbox 1019 3120 1242 3172; x_wconf 91' lang='lat' dir='ltr'>plurimum</span> <span class='ocrx_word' id='word_1_625' title='bbox 1273 3122 1400 3162; x_wconf 83' lang='lat' dir='ltr'>fuisse</span> <span class='ocrx_word' id='word_1_626' title='bbox 1430 3123 1633 3176; x_wconf 77' lang='lat' dir='ltr'>adJutum,</span> <span class='ocrx_word' id='word_1_627' title='bbox 1665 3133 1868 3173; x_wconf 81' lang='lat' dir='ltr'>agnosco,</span> <span class='ocrx_word' id='word_1_628' title='bbox 1898 3124 2143 3174; x_wconf 87' lang='lat' dir='ltr'>praesertim</span> <span class='ocrx_word' id='word_1_629' title='bbox 2174 3128 2380 3164; x_wconf 88' lang='lat' dir='ltr'>meteoro-</span> 
     </span>
     <span class='ocr_line' id='line_1_53' title="bbox 128 3172 2380 3234; baseline 0.004 -21"><span class='ocrx_word' id='word_1_630' title='bbox 128 3172 265 3224; x_wconf 82' lang='lat' dir='ltr'>logica</span> <span class='ocrx_word' id='word_1_631' title='bbox 294 3176 407 3225; x_wconf 88' lang='lat' dir='ltr'>quod</span> <span class='ocrx_word' id='word_1_632' title='bbox 436 3177 598 3216; x_wconf 87' lang='lat' dir='ltr'>attinet.</span> <span class='ocrx_word' id='word_1_633' title='bbox 659 3177 705 3218; x_wconf 90' lang='lat' dir='ltr'>Si</span> <span class='ocrx_word' id='word_1_634' title='bbox 736 3186 775 3217; x_wconf 83' lang='lat' dir='ltr'>te</span> <span class='ocrx_word' id='word_1_635' title='bbox 806 3178 1004 3219; x_wconf 84' lang='lat' dir='ltr'>audiendi</span> <span class='ocrx_word' id='word_1_636' title='bbox 1033 3191 1106 3230; x_wconf 91' lang='lat' dir='ltr'>per</span> <span class='ocrx_word' id='word_1_637' title='bbox 1137 3180 1354 3219; x_wconf 89' lang='lat' dir='ltr'>octiduum</span> <span class='ocrx_word' id='word_1_638' title='bbox 1386 3180 1588 3221; x_wconf 77' lang='lat' dir='ltr'>duntaxat</span> <span class='ocrx_word' id='word_1_639' title='bbox 1619 3182 1742 3232; x_wconf 90' lang='lat' dir='ltr'>copia</span> <span class='ocrx_word' id='word_1_640' title='bbox 1771 3182 1874 3221; x_wconf 87' lang='lat' dir='ltr'>mihi</span> <span class='ocrx_word' id='word_1_641' title='bbox 1906 3182 2085 3234; x_wconf 89' lang='lat' dir='ltr'>daretur,</span> <span class='ocrx_word' id='word_1_642' title='bbox 2116 3182 2225 3222; x_wconf 89' lang='lat' dir='ltr'>bone</span> <span class='ocrx_word' id='word_1_643' title='bbox 2252 3183 2380 3231; x_wconf 91' lang='lat' dir='ltr'>Deus,</span> 
     </span>
     <span class='ocr_line' id='line_1_54' title="bbox 129 3233 2377 3295; baseline 0.004 -23"><span class='ocrx_word' id='word_1_644' title='bbox 129 3244 253 3286; x_wconf 87' lang='lat' dir='ltr'>quam</span> <span class='ocrx_word' id='word_1_645' title='bbox 282 3233 327 3272; x_wconf 90' lang='lat' dir='ltr'>id</span> <span class='ocrx_word' id='word_1_646' title='bbox 358 3235 460 3273; x_wconf 89' lang='lat' dir='ltr'>mihi</span> <span class='ocrx_word' id='word_1_647' title='bbox 489 3239 653 3285; x_wconf 81' lang='lat' dir='ltr'>gratum</span> <span class='ocrx_word' id='word_1_648' title='bbox 683 3236 1028 3290; x_wconf 87' lang='lat' dir='ltr'>commodumque</span> <span class='ocrx_word' id='word_1_649' title='bbox 1059 3236 1165 3277; x_wconf 86' lang='lat' dir='ltr'>foret</span> <span class='ocrx_word' id='word_1_650' title='bbox 1193 3239 1237 3276; x_wconf 90' lang='lat' dir='ltr'>in</span> <span class='ocrx_word' id='word_1_651' title='bbox 1268 3239 1461 3279; x_wconf 83' lang='lat' dir='ltr'>maximis</span> <span class='ocrx_word' id='word_1_652' title='bbox 1493 3240 1844 3295; x_wconf 81' lang='lat' dir='ltr'>difficultatibus,</span> <span class='ocrx_word' id='word_1_653' title='bbox 1893 3253 1915 3280; x_wconf 93' lang='lat' dir='ltr'>e</span> <span class='ocrx_word' id='word_1_654' title='bbox 1954 3242 2106 3293; x_wconf 89' lang='lat' dir='ltr'>quibus</span> <span class='ocrx_word' id='word_1_655' title='bbox 2148 3242 2286 3280; x_wconf 89' lang='lat' dir='ltr'>nescio</span> <span class='ocrx_word' id='word_1_656' title='bbox 2328 3253 2377 3280; x_wconf 88' lang='lat' dir='ltr'>an</span> 
     </span>
     <span class='ocr_line' id='line_1_55' title="bbox 130 3287 2377 3354; baseline 0.004 -25"><span class='ocrx_word' id='word_1_657' title='bbox 130 3302 310 3342; x_wconf 87' lang='lat' dir='ltr'>unquam</span> <span class='ocrx_word' id='word_1_658' title='bbox 340 3293 429 3332; x_wconf 89' lang='lat' dir='ltr'>sine</span> <span class='ocrx_word' id='word_1_659' title='bbox 460 3287 534 3332; x_wconf 83' lang='lat' dir='ltr'>tua</span> <span class='ocrx_word' id='word_1_660' title='bbox 566 3305 644 3344; x_wconf 86' lang='lat' dir='ltr'>ope</span> <span class='ocrx_word' id='word_1_661' title='bbox 673 3296 828 3345; x_wconf 90' lang='lat' dir='ltr'>possim</span> <span class='ocrx_word' id='word_1_662' title='bbox 861 3307 1075 3344; x_wconf 85' lang='lat' dir='ltr'>emergere.</span> <span class='ocrx_word' id='word_1_663' title='bbox 1136 3295 1342 3335; x_wconf 86' lang='lat' dir='ltr'>Fortassis</span> <span class='ocrx_word' id='word_1_664' title='bbox 1364 3309 1414 3336; x_wconf 84' lang='lat' dir='ltr'>ex</span> <span class='ocrx_word' id='word_1_665' title='bbox 1435 3309 1526 3338; x_wconf 89' lang='lat' dir='ltr'>meo</span> <span class='ocrx_word' id='word_1_666' title='bbox 1547 3297 1744 3338; x_wconf 85' lang='lat' dir='ltr'>Floriano</span> <span class='ocrx_word' id='word_1_667' title='bbox 1766 3310 1931 3351; x_wconf 90' lang='lat' dir='ltr'>quoque</span> <span class='ocrx_word' id='word_1_668' title='bbox 1951 3298 2210 3354; x_wconf 82' lang='lat' dir='ltr'>intellexisti,</span> <span class='ocrx_word' id='word_1_669' title='bbox 2242 3311 2377 3350; x_wconf 87' lang='lat' dir='ltr'>quan-</span> 
     </span>
     <span class='ocr_line' id='line_1_56' title="bbox 129 3350 2378 3408; baseline 0.004 -21"><span class='ocrx_word' id='word_1_670' title='bbox 129 3352 267 3399; x_wconf 86' lang='lat' dir='ltr'>topere</span> <span class='ocrx_word' id='word_1_671' title='bbox 295 3352 398 3390; x_wconf 89' lang='lat' dir='ltr'>mihi</span> <span class='ocrx_word' id='word_1_672' title='bbox 428 3350 608 3402; x_wconf 83' lang='lat' dir='ltr'>plurima</span> <span class='ocrx_word' id='word_1_673' title='bbox 638 3353 830 3393; x_wconf 88' lang='lat' dir='ltr'>sordeant</span> <span class='ocrx_word' id='word_1_674' title='bbox 858 3355 902 3392; x_wconf 91' lang='lat' dir='ltr'>in</span> <span class='ocrx_word' id='word_1_675' title='bbox 933 3353 1142 3404; x_wconf 84' lang='lat' dir='ltr'>physicis,</span> <span class='ocrx_word' id='word_1_676' title='bbox 1192 3355 1344 3405; x_wconf 89' lang='lat' dir='ltr'>quibus</span> <span class='ocrx_word' id='word_1_677' title='bbox 1386 3359 1605 3396; x_wconf 90' lang='lat' dir='ltr'>onerantur</span> <span class='ocrx_word' id='word_1_678' title='bbox 1636 3360 1676 3396; x_wconf 91' lang='lat' dir='ltr'>et</span> <span class='ocrx_word' id='word_1_679' title='bbox 1706 3355 1921 3396; x_wconf 44' lang='lat' dir='ltr'>falluntur*</span> <span class='ocrx_word' id='word_1_680' title='bbox 1941 3358 2103 3408; x_wconf 86' lang='lat' dir='ltr'>egregia</span> <span class='ocrx_word' id='word_1_681' title='bbox 2134 3359 2305 3406; x_wconf 88' lang='lat' dir='ltr'>ingenia</span> <span class='ocrx_word' id='word_1_682' title='bbox 2336 3360 2378 3397; x_wconf 85' lang='lat' dir='ltr'>in</span> 
     </span>
     <span class='ocr_line' id='line_1_57' title="bbox 127 3406 2378 3470; baseline 0.004 -24"><span class='ocrx_word' id='word_1_683' title='bbox 127 3406 359 3448; x_wconf 68' lang='lat' dir='ltr'>academiis.</span> <span class='ocrx_word' id='word_1_684' title='bbox 420 3410 499 3449; x_wconf 89' lang='lat' dir='ltr'>Pro</span> <span class='ocrx_word' id='word_1_685' title='bbox 530 3410 617 3449; x_wconf 84' lang='lat' dir='ltr'>filio</span> <span class='ocrx_word' id='word_1_686' title='bbox 647 3412 777 3468; x_wconf 83' lang='lat' dir='ltr'>habui</span> <span class='ocrx_word' id='word_1_687' title='bbox 810 3411 1047 3451; x_wconf 82' lang='lat' dir='ltr'>Florianum</span> <span class='ocrx_word' id='word_1_688' title='bbox 1065 3443 1075 3462; x_wconf 95' lang='lat'>,</span> <span class='ocrx_word' id='word_1_689' title='bbox 1123 3412 1196 3463; x_wconf 90' lang='lat' dir='ltr'>qui</span> <span class='ocrx_word' id='word_1_690' title='bbox 1240 3413 1411 3453; x_wconf 83' lang='lat' dir='ltr'>triennii</span> <span class='ocrx_word' id='word_1_691' title='bbox 1451 3416 1587 3466; x_wconf 86' lang='lat' dir='ltr'>spatio</span> <span class='ocrx_word' id='word_1_692' title='bbox 1630 3415 1743 3454; x_wconf 89' lang='lat' dir='ltr'>domi</span> <span class='ocrx_word' id='word_1_693' title='bbox 1772 3426 1887 3455; x_wconf 89' lang='lat' dir='ltr'>meae</span> <span class='ocrx_word' id='word_1_694' title='bbox 1917 3407 1962 3455; x_wconf 83' lang='lat' dir='ltr'>id</span> <span class='ocrx_word' id='word_1_695' title='bbox 1993 3421 2055 3455; x_wconf 88' lang='lat' dir='ltr'>est</span> <span class='ocrx_word' id='word_1_696' title='bbox 2085 3418 2378 3470; x_wconf 80' lang='lat' dir='ltr'>consequutus,</span> 
     </span>
     <span class='ocr_line' id='line_1_58' title="bbox 129 3465 2376 3526; baseline 0.004 -22"><span class='ocrx_word' id='word_1_697' title='bbox 129 3465 239 3516; x_wconf 83' lang='lat' dir='ltr'>quod</span> <span class='ocrx_word' id='word_1_698' title='bbox 266 3466 455 3507; x_wconf 82' lang='lat' dir='ltr'>fortassis</span> <span class='ocrx_word' id='word_1_699' title='bbox 487 3468 530 3507; x_wconf 91' lang='lat' dir='ltr'>in</span> <span class='ocrx_word' id='word_1_700' title='bbox 562 3470 674 3515; x_wconf 83' lang='lat' dir='ltr'>omni</span> <span class='ocrx_word' id='word_1_701' title='bbox 704 3471 793 3509; x_wconf 81' lang='lat' dir='ltr'>vita</span> <span class='ocrx_word' id='word_1_702' title='bbox 826 3482 903 3510; x_wconf 86' lang='lat' dir='ltr'>sua</span> <span class='ocrx_word' id='word_1_703' title='bbox 932 3472 1090 3521; x_wconf 83' lang='lat' dir='ltr'>absque</span> <span class='ocrx_word' id='word_1_704' title='bbox 1120 3470 1381 3512; x_wconf 89' lang='lat' dir='ltr'>institutione</span> <span class='ocrx_word' id='word_1_705' title='bbox 1411 3484 1506 3513; x_wconf 83' lang='lat' dir='ltr'>mea</span> <span class='ocrx_word' id='word_1_706' title='bbox 1533 3485 1617 3513; x_wconf 90' lang='lat' dir='ltr'>non</span> <span class='ocrx_word' id='word_1_707' title='bbox 1648 3475 1922 3523; x_wconf 88' lang='lat' dir='ltr'>cognovisset.</span> <span class='ocrx_word' id='word_1_708' title='bbox 1983 3475 2176 3524; x_wconf 89' lang='lat' dir='ltr'>Improbo</span> <span class='ocrx_word' id='word_1_709' title='bbox 2210 3475 2376 3526; x_wconf 85' lang='lat' dir='ltr'>quidem</span> 
     </span>
     <span class='ocr_line' id='line_1_59' title="bbox 109 3524 2377 3584; baseline 0.005 -23"><span class='ocrx_word' id='word_1_710' title='bbox 109 3524 217 3573; x_wconf 78' lang='lat' dir='ltr'>‘ejus</span> <span class='ocrx_word' id='word_1_711' title='bbox 246 3524 479 3578; x_wconf 80' lang='lat' dir='ltr'>consilium,</span> <span class='ocrx_word' id='word_1_712' title='bbox 510 3528 623 3580; x_wconf 89' lang='lat' dir='ltr'>quod</span> <span class='ocrx_word' id='word_1_713' title='bbox 653 3539 737 3567; x_wconf 92' lang='lat' dir='ltr'>non</span> <span class='ocrx_word' id='word_1_714' title='bbox 769 3527 932 3579; x_wconf 86' lang='lat' dir='ltr'>aliquid</span> <span class='ocrx_word' id='word_1_715' title='bbox 964 3528 1078 3567; x_wconf 86' lang='lat' dir='ltr'>dedit</span> <span class='ocrx_word' id='word_1_716' title='bbox 1107 3530 1281 3579; x_wconf 87' lang='lat' dir='ltr'>tempori</span> <span class='ocrx_word' id='word_1_717' title='bbox 1307 3534 1348 3569; x_wconf 90' lang='lat' dir='ltr'>et</span> <span class='ocrx_word' id='word_1_718' title='bbox 1376 3542 1459 3570; x_wconf 92' lang='lat' dir='ltr'>non</span> <span class='ocrx_word' id='word_1_719' title='bbox 1491 3531 1648 3572; x_wconf 88' lang='lat' dir='ltr'>diutius</span> <span class='ocrx_word' id='word_1_720' title='bbox 1680 3536 1955 3573; x_wconf 86' lang='lat' dir='ltr'>commoratus</span> <span class='ocrx_word' id='word_1_721' title='bbox 1987 3533 2068 3572; x_wconf 83' lang='lat' dir='ltr'>fuit</span> <span class='ocrx_word' id='word_1_722' title='bbox 2097 3533 2257 3584; x_wconf 82' lang='lat' dir='ltr'>Lincii3</span> <span class='ocrx_word' id='word_1_723' title='bbox 2306 3535 2377 3574; x_wconf 89' lang='lat' dir='ltr'>sed</span> 
     </span>
     <span class='ocr_line' id='line_1_60' title="bbox 128 3583 1508 3638; baseline 0.008 -18"><span class='ocrx_word' id='word_1_724' title='bbox 128 3583 250 3635; x_wconf 79' lang='lat' dir='ltr'>nosti,</span> <span class='ocrx_word' id='word_1_725' title='bbox 279 3594 429 3634; x_wconf 82' lang='lat' dir='ltr'>magna</span> <span class='ocrx_word' id='word_1_726' title='bbox 458 3586 629 3632; x_wconf 79' lang='lat' dir='ltr'>ingenia</span> <span class='ocrx_word' id='word_1_727' title='bbox 658 3586 713 3625; x_wconf 88' lang='lat' dir='ltr'>ad</span> <span class='ocrx_word' id='word_1_728' title='bbox 744 3598 897 3636; x_wconf 85' lang='lat' dir='ltr'>magna</span> <span class='ocrx_word' id='word_1_729' title='bbox 926 3588 1063 3626; x_wconf 89' lang='lat' dir='ltr'>nescio</span> <span class='ocrx_word' id='word_1_730' title='bbox 1098 3598 1178 3636; x_wconf 91' lang='lat' dir='ltr'>quo</span> <span class='ocrx_word' id='word_1_731' title='bbox 1208 3587 1365 3638; x_wconf 87' lang='lat' dir='ltr'>impetu</span> <span class='ocrx_word' id='word_1_732' title='bbox 1395 3589 1508 3633; x_wconf 84' lang='lat' dir='ltr'>ferri.</span> 
     </span>
    </p>

    <p class='ocr_par' dir='ltr' id='par_1_14' title="bbox 131 3641 2374 3815">
     <span class='ocr_line' id='line_1_61' title="bbox 268 3641 2374 3702; baseline 0.002 -21"><span class='ocrx_word' id='word_1_733' title='bbox 268 3641 380 3682; x_wconf 86' lang='lat' dir='ltr'>Deus</span> <span class='ocrx_word' id='word_1_734' title='bbox 422 3644 661 3694; x_wconf 86' lang='lat' dir='ltr'>cumprimis</span> <span class='ocrx_word' id='word_1_735' title='bbox 705 3645 784 3685; x_wconf 87' lang='lat' dir='ltr'>tibi</span> <span class='ocrx_word' id='word_1_736' title='bbox 830 3646 883 3684; x_wconf 90' lang='lat' dir='ltr'>ad</span> <span class='ocrx_word' id='word_1_737' title='bbox 927 3646 1146 3695; x_wconf 88' lang='lat' dir='ltr'>Epitomen</span> <span class='ocrx_word' id='word_1_738' title='bbox 1178 3648 1290 3686; x_wconf 87' lang='lat' dir='ltr'>tuam</span> <span class='ocrx_word' id='word_1_739' title='bbox 1322 3645 1647 3699; x_wconf 85' lang='lat' dir='ltr'>Oopernicanam</span> <span class='ocrx_word' id='word_1_740' title='bbox 1677 3651 1717 3687; x_wconf 90' lang='lat' dir='ltr'>et</span> <span class='ocrx_word' id='word_1_741' title='bbox 1748 3648 2031 3697; x_wconf 86' lang='lat' dir='ltr'>Tychonieam</span> <span class='ocrx_word' id='word_1_742' title='bbox 2065 3649 2218 3702; x_wconf 88' lang='lat' dir='ltr'>otium,</span> <span class='ocrx_word' id='word_1_743' title='bbox 2269 3649 2374 3687; x_wconf 88' lang='lat' dir='ltr'>vires</span> 
     </span>
     <span class='ocr_line' id='line_1_62' title="bbox 131 3699 2373 3757; baseline 0.005 -22"><span class='ocrx_word' id='word_1_744' title='bbox 131 3699 308 3747; x_wconf 79' lang='lat' dir='ltr'>corporis</span> <span class='ocrx_word' id='word_1_745' title='bbox 336 3703 462 3751; x_wconf 82' lang='lat' dir='ltr'>atque</span> <span class='ocrx_word' id='word_1_746' title='bbox 492 3703 622 3742; x_wconf 83' lang='lat' dir='ltr'>animi</span> <span class='ocrx_word' id='word_1_747' title='bbox 652 3701 872 3752; x_wconf 83' lang='lat' dir='ltr'>largiatur,</span> <span class='ocrx_word' id='word_1_748' title='bbox 918 3707 957 3743; x_wconf 88' lang='lat' dir='ltr'>et</span> <span class='ocrx_word' id='word_1_749' title='bbox 988 3703 1043 3742; x_wconf 90' lang='lat' dir='ltr'>ad</span> <span class='ocrx_word' id='word_1_750' title='bbox 1073 3703 1293 3752; x_wconf 79' lang='lat' dir='ltr'>perfectam</span> <span class='ocrx_word' id='word_1_751' title='bbox 1323 3706 1518 3756; x_wconf 84' lang='lat' dir='ltr'>Opticam</span> <span class='ocrx_word' id='word_1_752' title='bbox 1549 3711 1674 3756; x_wconf 86' lang='lat' dir='ltr'>atque</span> <span class='ocrx_word' id='word_1_753' title='bbox 1705 3705 2000 3757; x_wconf 84' lang='lat' dir='ltr'>Oatoptricam.</span> <span class='ocrx_word' id='word_1_754' title='bbox 2063 3708 2192 3748; x_wconf 89' lang='lat' dir='ltr'>Lectu</span> <span class='ocrx_word' id='word_1_755' title='bbox 2222 3711 2373 3757; x_wconf 84' lang='lat' dir='ltr'>jucun-</span> 
     </span>
     <span class='ocr_line' id='line_1_63' title="bbox 131 3754 1889 3815; baseline 0.006 -20"><span class='ocrx_word' id='word_1_756' title='bbox 131 3754 301 3797; x_wconf 67' lang='lat' dir='ltr'>diuina</span> <span class='ocrx_word' id='word_1_757' title='bbox 326 3758 430 3798; x_wconf 74' lang='lat' dir='ltr'>mihi</span> <span class='ocrx_word' id='word_1_758' title='bbox 458 3760 635 3811; x_wconf 76' lang='lat' dir='ltr'>ruerunt,</span> <span class='ocrx_word' id='word_1_759' title='bbox 667 3772 774 3812; x_wconf 86' lang='lat' dir='ltr'>quae</span> <span class='ocrx_word' id='word_1_760' title='bbox 805 3773 856 3803; x_wconf 84' lang='lat' dir='ltr'>ex</span> <span class='ocrx_word' id='word_1_761' title='bbox 890 3773 999 3802; x_wconf 84' lang='lat' dir='ltr'>nova</span> <span class='ocrx_word' id='word_1_762' title='bbox 1028 3762 1252 3802; x_wconf 76' lang='lat' dir='ltr'>reformata</span> <span class='ocrx_word' id='word_1_763' title='bbox 1278 3769 1350 3804; x_wconf 84' lang='lat' dir='ltr'>tua</span> <span class='ocrx_word' id='word_1_764' title='bbox 1380 3764 1553 3815; x_wconf 81' lang='lat' dir='ltr'>physica</span> <span class='ocrx_word' id='word_1_765' title='bbox 1581 3764 1783 3804; x_wconf 87' lang='lat' dir='ltr'>addidisti</span> <span class='ocrx_word' id='word_1_766' title='bbox 1813 3768 1889 3805; x_wconf 85' lang='lat' dir='ltr'>etc.</span> 
     </span>
    </p>

    <p class='ocr_par' dir='ltr' id='par_1_15' title="bbox 271 3813 2373 3876">
     <span class='ocr_line' id='line_1_64' title="bbox 271 3813 2373 3876; baseline 0.004 -20"><span class='ocrx_word' id='word_1_767' title='bbox 271 3813 376 3857; x_wconf 73' lang='lat' dir='ltr'>Vale</span> <span class='ocrx_word' id='word_1_768' title='bbox 413 3818 459 3858; x_wconf 86' lang='lat' dir='ltr'>in</span> <span class='ocrx_word' id='word_1_769' title='bbox 498 3817 660 3860; x_wconf 80' lang='lat' dir='ltr'>Christo</span> <span class='ocrx_word' id='word_1_770' title='bbox 699 3832 794 3861; x_wconf 88' lang='lat' dir='ltr'>cum</span> <span class='ocrx_word' id='word_1_771' title='bbox 829 3821 914 3861; x_wconf 82' lang='lat' dir='ltr'>tuis</span> <span class='ocrx_word' id='word_1_772' title='bbox 946 3821 1111 3872; x_wconf 87' lang='lat' dir='ltr'>optime.</span> <span class='ocrx_word' id='word_1_773' title='bbox 1172 3819 1371 3864; x_wconf 80' lang='lat' dir='ltr'>Neodomi</span> <span class='ocrx_word' id='word_1_774' title='bbox 1400 3822 1446 3863; x_wconf 89' lang='lat' dir='ltr'>in</span> <span class='ocrx_word' id='word_1_775' title='bbox 1475 3834 1567 3865; x_wconf 82' lang='lat' dir='ltr'>arce</span> <span class='ocrx_word' id='word_1_776' title='bbox 1599 3823 1668 3866; x_wconf 87' lang='lat'>31.</span> <span class='ocrx_word' id='word_1_777' title='bbox 1699 3821 1782 3867; x_wconf 86' lang='lat' dir='ltr'>Jul.</span> <span class='ocrx_word' id='word_1_778' title='bbox 1820 3825 1942 3867; x_wconf 80' lang='lat'>1616.</span> <span class='ocrx_word' id='word_1_779' title='bbox 2008 3823 2084 3863; x_wconf 86' lang='lat' dir='ltr'>His</span> <span class='ocrx_word' id='word_1_780' title='bbox 2115 3823 2373 3876; x_wconf 78' lang='lat' dir='ltr'>interpositis</span> 
     </span>
    </p>
   </div>
  </div>
 </body>
</html>
