2554 4140
180 133 286 180 456
378 119 382 121 Δ
1012 119 1252 180 Epitomes
1282 121 1611 170 Astronomiae2

179 279 284 338 ipse
323 291 408 338 per
445 289 586 323 suam
624 274 922 337 hypothesin
959 274 1187 323 variabat
1223 272 1483 334 distantias
1515 271 1733 320 Telluris
1770 288 1800 321 a
1838 272 1954 322 Sole
1992 280 2042 322 et
2078 276 2149 323 sic
2187 276 2334 324 etiam
2373 277 2436 324 ab

182 349 353 397 orbitis
394 347 598 396 Veneris
637 346 993 430 Mercuriique,
1033 353 1224 395 tantum
1264 345 1480 394 vicissim
1520 345 1930 408 compensandum
1971 348 2065 410 ipsi
2105 348 2195 395 fuit
2232 363 2318 410 per
2356 363 2439 398 ec-

183 427 370 469 centros
409 427 755 470 eccentrorum
984 458 987 460 .
1338 455 1343 461 .
1390 440 1391 443 ¹
2362 459 2367 464 .

331 492 525 554 Quibus
572 494 886 554 aryumentis
918 491 1130 553 proba-3,
1183 489 1316 537 hanc
1360 489 1741 553 superfluorum
1778 492 1887 550 ejus
1935 493 2244 540 circulorum
2286 494 2439 555 fuisse

181 579 392 613 causam
429 571 475 612 et
511 565 645 628 harre
681 567 900 614 nimiam
935 564 1148 617 Telluris
1171 561 1587 610 eccentricitatem
1624 564 1694 610 sic
1718 563 1794 610 illi
1818 553 2154 613 innotui-esse?
2221 567 2266 614 1.
2308 564 2437 626 Quia

182 644 403 686 eccentro
453 638 659 686 eccentri
707 624 802 686 hoc
850 637 995 685 dedit
1034 630 1282 695 officium,
1326 630 1382 682 ut
1433 641 1648 682 centrum
1697 638 1952 685 eccentrici
1990 637 2196 689 Veneris
2243 636 2469 691 libraret.

183 711 343 772 spatio
383 716 535 767 tant0‚
576 716 814 772 quantum
851 717 925 758 est
962 709 1056 756 hoc
1094 707 1348 766 dimidium
1386 707 1684 769 superfluum
1723 709 1771 754 in
1811 709 1928 757 orbe
1965 725 2171 773 magn03
2223 716 2440 758 centrum

182 775 703 848 eccentricinMercurii
740 781 899 846 spatio
939 780 1086 845 paulo
1125 782 1326 840 minori,
1379 792 1438 828 eo
1477 779 1611 841 quod
1654 779 1856 829 Veneris
1893 782 2027 830 linea
2064 782 2287 846 apsidum
2324 797 2441 846 pro-

182 857 314 919 xime·
349 869 457 903 cum
498 855 626 904 Solis
665 854 1056 919 apsidum.linea
1088 853 1416 911 coincideret‚
1456 851 1685 907 Mercurii
1723 853 1920 914 longius
1955 854 2224 904 discederet
2259 856 2324 903 ab
2364 870 2438 904 ea.

184 931 231 976 2.
273 926 402 989 Quia
438 935 601 977 motus
639 928 923 976 libratorius.
958 928 1109 995 centri
1147 926 1345 975 orbitae·
1374 924 1581 974 Veneris
1619 927 1889 974 contrarius
1928 934 2002 975 est
2037 933 2249 976 statutus
2286 930 2442 976 motui

183 1002 332 1049 centri
371 1001 614 1071 Mercurii,
657 1007 704 1048 et
741 1006 946 1062 uterque
985 999 1226 1062 analogus
1264 999 1361 1059 rei,
1403 1004 1549 1060 quam
1590 999 1872 1061 arguimus:
1923 1006 1978 1047 ut
2016 999 2206 1049 Venere
2245 1001 2442 1063 quidem

181 1075 232 1120 in
270 1073 525 1136 apsidibus
564 1074 855 1137 constituta,
895 1079 1113 1122 centrum
1147 1071 1334 1120 orbitae
1373 1077 1503 1120 esset
1521 1070 1773 1131 ‡·humile,‘
1798 1071 2042 1121 Mercurio
2080 1074 2132 1121 in
2170 1073 2439 1135 apsidibua

183 1153 402 1195 centrum
441 1147 626 1195 orbitae
666 1153 795 1194 esset
832 1145 1001 1194 altum„
1076 1145 1202 1194 Nam
1241 1142 1517 1207 apogaeum
1541 1143 1748 1192 Veneris
1788 1151 1892 1193 erat
1928 1146 2023 1207 ipsi
2060 1143 2279 1209 proxime
2317 1160 2442 1210 apo-

181 1234 359 1282 gaeum
398 1219 527 1268 Solis
566 1218 881 1281 nimiumque
916 1218 1203 1268 elevabatur
1251 1219 1338 1280 per
1372 1218 1572 1278 nimiam
1609 1218 1756 1270 ¹orbis
1793 1219 1959 1279 magni
2003 1220 2440 1281 eccentricitatem3

181 1306 456 1357 apogaeum
495 1291 724 1341 Mercurii
775 1298 943 1343 contra
997 1298 1100 1339 erat
1136 1305 1307 1339 versus
1345 1291 1626 1352 perigaeum
1665 1289 1793 1338 Solis
1844 1291 2144 1353 nimiumque
2196 1291 2441 1354 deprime-

180 1366 323 1413 batur
367 1370 561 1428 propter
611 1363 814 1413 eandem
860 1378 1075 1413 causam.
1153 1367 1200 1412 3.
1241 1363 1412 1427 Tycbo
1444 1362 1614 1411 'Brahe
1651 1362 1799 1412 Lidem
1850 1364 1999 1411 etiam
2047 1366 2095 1410 in
2136 1364 2294 1413 Marte
2333 1366 2443 1413 ani-

179 1437 508 1491 madverterat
558 1443 758 1500 eratque
798 1437 1089 1503 epicyclium
1127 1443 1213 1485 aut
1251 1431 1527 1484 eccentrum
1566 1436 1775 1484 eccentri
1812 1436 2190 1496 introducturus,
2248 1438 2442 1500 qualem

182 1511 479 1573 Cepernicus
533 1512 580 1557 in
620 1510 826 1567 Veneris
863 1511 1133 1577 theoriam,
1190 1510 1284 1556 nisi
1334 1509 1378 1556 ei
1430 1509 1635 1572 bisectio
1675 1511 2058 1558 eccentricitatis
2110 1511 2239 1559 orbis
2278 1512 2443 1572 magni
2508 1510 2511 1513 “

90 1570 93 1573 ’
179 1584 508 1633 subvenisset.
580 1583 707 1631 Nam
753 1572 900 1632 etiam
936 1583 1111 1631 Martis
1163 1595 1439 1646 apogaeum
1478 1582 1692 1629 vicinum
1742 1582 1997 1631 invenerat
2033 1597 2255 1645 apogaeo
2294 1583 2440 1632 Solis.

290 1671 292 1673 ·
328 1655 466 1719 Quid
496 1658 775 1718 praecipue
813 1656 1189 1705 observandum
1226 1657 1283 1703 in
1320 1653 1653 1718 inferioribus
1690 1656 1825 1702 inter
1859 1668 1909 1702 se
1947 1659 2256 1719 comparatis
2307 1659 2444 1705 eirca
2498 1677 2517 1716 ;

179 1743 354 1778 eorum
406 1729 597 1778 orbitas
651 1729 987 1784 eccentricas?
1067 1731 1110 1777 1.
1151 1728 1317 1777 Causa
1355 1728 1736 1781 -eccentricitatis
1791 1726 1975 1776 habent
2011 1743 2073 1783 ⁴se
2127 1728 2191 1777 ad
2235 1730 2442 1797 invicem

178 1800 335 1850 modis
374 1803 649 1873 contrariis:
702 1802 871 1851 Venus
908 1803 1158 1850 minimam
1207 1801 1615 1850 eccentricitatem
1654 1799 1826 1861 babet,
1875 1802 2032 1850 minor
2070 1802 2198 1850 euim
2247 1801 2333 1850 illa
2370 1809 2445 1852 est

179 1877 539 1924 eccentricitate
576 1874 815 1936 Telluris,
869 1875 1027 1923 minoi·
1073 1874 1356 1923 differentiis
1403 1874 1817 1930 eccentricitatum
1873 1875 2114 1936 omninm3
2170 1874 2439 1924 Mercurius

181 1954 350 1996 contra
399 1951 662 1997 maximam
715 1948 864 1998 habet
912 1949 1344 2007 eccentricitatem,
1399 1945 1524 1995 adeo
1572 1953 1626 1995 ut
1674 1945 1955 1995 inferiorum
1993 1946 2214 1996 duorum·
2237 1948 2440 2010 junctae
2524 1979 2529 1994 ,

180 2026 394 2083 aequent
433 2023 841 2081 eccentricitateni
880 2028 1090 2084 quatuor
1126 2021 1445 2083 superiorum,
1488 2029 1637 2068 causa
1663 2019 1861 2082 quidem
1887 2022 2215 2083 proportionis
2252 2020 2443 2069 illorum

179 2092 242 2141 ad
280 2093 444 2143 radios
482 2108 613 2143 suos.
692 2097 739 2144 2.
778 2094 910 2150 Hinc
947 2095 1194 2156 sequitur,
1228 2092 1445 2141 diurnos
1474 2099 1645 2141 >motus
1684 2094 1979 2141 eccentricos
2018 2092 2225 2142 Veneris
2262 2095 2309 2140 in
2346 2096 2463 2141 mi-‘

181 2167 314 2214 nima
353 2181 459 2216 esse
500 2168 761 2227 varietate,
813 2167 1043 2230 Mercurii
1089 2167 1138 2213 in
1175 2165 1411 2226 maxima,
1459 2165 1531 2213 sic
1569 2171 1623 2213 ut
1661 2164 1860 2213 diurnus
1910 2165 2175 2228 perihelius
2212 2165 2441 2221 Mercurii

180 2238 390 2307 amplius
441 2254 588 2302 quam
637 2239 815 2303 duplus
853 2242 917 2288 sit
965 2238 1123 2288 diurni
1176 2238 1374 2301 aphelii.
1450 2229 1579 2287 Vide
1621 2237 1749 2286 libro
1776 2237 1866 2286 IV.
1907 2251 2082 2288 causas
2127 2255 2174 2291 a
2196 2238 2279 2290 fol.
2300 2240 2445 2289 ·373.

95 2298 107 2343 s
181 2301 343 2373 Quare
398 2321 536 2361 vetus
586 2314 910 2372 astronomia,
962 2319 1148 2360 motum
1194 2311 1324 2360 hunc
1373 2309 1692 2373 aequabilem
1730 2324 1944 2374 ponens,
1995 2312 2044 2358 in
2086 2311 2289 2360 Veneris
2335 2311 2444 2361 loco

177 2384 505 2447 praedicendo
544 2385 646 2435 vel
665 2384 992 2449 computando
1031 2399 1204 2448 parum
1243 2383 1506 2432 admodum
1545 2398 1703 2433 errare
1741 2384 1941 2447 potuit,
1969 2385 2020 2431 in
2051 2383 2292 2433 Mercurio
2332 2385 2445 2448 plu-

178 2459 355 2506 rimum
394 2461 626 2507 erraverit
662 2473 863 2509 necesse
902 2466 992 2508 est.
1070 2459 1118 2507 3.
1157 2457 1287 2506 Hinc
1324 2458 1471 2505 etiam
1510 2459 1745 2519 sequitur,
1783 2455 1979 2505 lunulas
2019 2459 2272 2506 eccentrici
2311 2457 2446 2506 Mer·
2527 2492 2534 2495 -

181 2530 308 2589 curii,
337 2528 420 2597 (de
469 2532 647 2594 quibus
685 2531 811 2580 libro
850 2528 933 2598 V.)
983 2545 1089 2580 esse
1137 2529 1467 2579 in·Mercurio
1507 2529 1715 2579 notabili
1758 2528 2031 2578 ‘admodum
2076 2529 2360 2591 latitudine,
2398 2537 2447 2580 et

183 2603 474 2653 diametrum
521 2603 747 2668 apsidum
796 2619 884 2654 seu
932 2611 1116 2654 rectam
1162 2602 1456 2665 sensibiliter
1506 2601 1652 2652 valde
1686 2602 1959 2666 longiorem
2012 2602 2247 2653 diametro
2285 2609 2445 2652 trans-

21 2683 61 2747 ἰ
124 2721 129 2725 .
179 2691 325 2726 versa
364 2676 625 2742 ellipseos.

327 2749 470 2800 Num
516 2743 670 2808 etiam
716 2749 775 2798 de
821 2736 916 2798 hac
961 2749 1182 2811 elliptica
1228 2749 1428 2812 fiyura-
1446 2747 1641 2797 orbitae
1679 2746 1928 2797 Mercurii
1973 2748 2173 2819 aliquid
2219 2750 2447 2798 innotuit
2499 2799 2509 2806 „

175 2823 466 2873 veteribus?
540 2823 670 2872 Sane
706 2822 801 2871 hoc
837 2821 970 2872 illud
998 2828 1086 2883 est,
1127 2821 1261 2884 quod
1286 2820 1600 2870 Ptolemaeus
1640 2820 1735 2870 duo
1775 2823 2006 2885 perigaea
2043 2828 2257 2870 statuere
2297 2835 2443 2870 coac-

185 2902 264 2943 tus
304 2896 395 2943 fuit
435 2899 480 2943 in
521 2896 793 2957 Mercuri03
839 2897 1039 2944 namin
1078 2894 1228 2943 Libra
1268 2893 1464 2961 quidem
1504 2895 1731 2942 minimus
1779 2896 2008 2958 apparuit
2045 2894 2152 2957 ejus
2191 2893 2473 2962 epicyclus⁸

185 2967 291 3030 (qui
314 2970 584 3021 ,nobisest
623 2967 958 3031 eccentricus),
998 2970 1046 3015 in
1086 2969 1253 3016 Ariete
1293 2981 1407 3016 vero
1447 2980 1555 3035 non⁴
1581 2968 1838 3029 maximus,
1879 2967 1966 3016 sed
2003 2967 2160 3030 maj0r
2195 2969 2244 3015 in
2272 2968 2443 3030 Aqua-

183 3042 254 3087 rio
307 3043 520 3105 itemque
559 3043 620 3089 ·in
663 3040 883 3090 Geminis
934 3046 987 3091 et.
1018 3042 1239 3103 proxime
1279 3041 1504 3102 utrinque
1543 3040 1781 3102 aequalis.
1860 3038 1988 3102 Quia
2023 3041 2271 3100 nimirum,
2329 3039 2443 3090 Sole
2476 3054 2485 3064 ·

184 3120 409 3162 versante
447 3117 496 3165 in
534 3114 708 3174 Libra,
749 3114 899 3164 Terra
922 3109 986 3160 'in
1014 3115 1222 3172 Ariete,
1258 3120 1311 3161 ut
1340 3112 1430 3176 fig.
1474 3114 1558 3161 87.
1598 3113 1646 3160 in
1687 3112 1752 3173 T,
1804 3112 2149 3161 obvertebatur
2183 3114 2281 3177 ipsi
2317 3127 2435 3162 sane

183 3186 472 3247 brevissima
509 3203 622 3250 pars
658 3187 816 3236 lineae
856 3186 1095 3253 apsidum,
1135 3187 1324 3252 scilicet
1348 3185 1635 3248 perihelium
1661 3183 1889 3235 Mercurii
1915 3185 1987 3244 R,
2037 3187 2217 3248 quippe
2243 3187 2290 3232 in
2322 3181 2471 3247 4⁰5.-
2503 3178 2512 3186 ’

187 3266 544 3319 exporrectum,
591 3262 766 3323 ⁷itaque
819 3259 1139 3309 eccentricum
1193 3257 1306 3324 (qui
1348 3260 1443 3321 ipsi
1482 3256 1749 3323 epicyclus)
1787 3273 1817 3307 a
1876 3258 2109 3307 lateribus
2147 3258 2229 3319 Μ’,
2283 3257 2327 3306 Ν
2363 3259 2443 3305 in·
2473 3255 2489 3276 ”·

186 3331 438 3392 tuebatur,
493 3347 591 3394 qua
627 3334 669 3381 is
708 3333 976 3399 castigatus
1026 3338 1101 3382 est
1138 3333 1349 3381 absectis
1388 3331 1590 3392 lunulis3
1641 3332 1789 3392 igitur
1828 3329 2007 3394 oppido
2056 3345 2236 3394 parvus
2286 3336 2440 3392 eoq‘ue
2479 3396 2482 3400 ι

189 3403 424 3453 elevatior
468 3406 857 3467 censebatur,o
830 3406 892 3454 ob
942 3404 1063 3454 duas
1110 3406 1460 3453 imminutionis
1508 3418 1682 3453 causas
1732 3409 2101 3463 concurrentes,
2153 3403 2440 3452 brevitatem

148 3526 150 3529 ,
187 3476 370 3526 scilicet
406 3477 619 3541 ipsarum
644 3477 754 3537 ΒΜ,
795 3478 883 3527 ΒΝ
923 3484 971 3528 et
995 3478 1349 3540 longitudinem
1375 3477 1476 3525 ΤΒ.
1551 3476 1750 3525 Terram
1776 3477 1903 3529 enim
1930 3482 2122 3525 veteres
2150 3477 2198 3522 in
2224 3475 2439 3525 interiori

187 3547 370 3599 circulo
408 3548 450 3596 T
488 3550 750 3610 ponebant,
790 3558 986 3614 propter
1022 3541 1392 3600 eccentricitatis
1418 3563 1565 3599 verae
1605 3548 1806 3612 duplum
1830 3554 2132 3611 usurpatum,
2174 3563 2283 3597 cum
2320 3561 2476 3601 vere·

192 3627 320 3671 esset
366 3622 417 3668 in
443 3619 496 3668 Τ
548 3622 797 3669 exteriore.
875 3626 940 3670 At
989 3624 1038 3670 in
1077 3624 1292 3672 Arietem
1336 3624 1547 3672 transire
1592 3623 1699 3670 viso
1746 3620 1926 3681 Sole,
1946 3621 2096 3670 Terra
2146 3623 2194 3668 in
2241 3621 2438 3670 Libram
2476 3679 2478 3681 ‚

189 3701 505 3757 transgressa,
544 3699 598 3741 ut
635 3693 684 3738 in
708 3692 770 3752 D,
810 3708 1014 3756 magnus
1053 3696 1249 3758 quidem
1290 3696 1500 3745 vicissim
1537 3695 1695 3743 factus
1733 3708 1839 3742 esse
1869 3693 2129 3743 videbatur
2166 3692 2431 3757 epicyclus,

193 3768 255 3816 ob
293 3766 813 3831 appropinquationem
850 3779 936 3813 seu
973 3768 1264 3818 brevitatem
1301 3769 1460 3841 lineae
1497 3767 1604 3828 BD,
1644 3772 1696 3816 at
1733 3768 1849 3828 quia
1887 3781 1918 3815 a
1954 3766 2226 3816 macilentis
2265 3766 2462 3815 lateri-'

193 3841 287 3894 bus
324 3840 388 3903 C,
434 3839 484 3889 K
527 3852 691 3899 rursus
739 3837 1108 3903 inspiciebatur,
1159 3843 1365 3943 quippe
1382 3841 1423 3891 P
1470 3839 1666 3908 aphelio
1713 3838 1943 3890 Mercurii
1993 3831 2219 3890 tendente
2269 3851 2462 3904 versus*
