2554 4140
688 95 928 167 Epitomes
961 82 1279 156 Astronomiae
1322 112 1461 157 Liber
1492 113 1735 170 Septimus.
2237 124 2338 172 519

82 259 223 323 polos
259 258 635 319 transtulerunt,
683 263 739 307 ut
788 261 879 309 sub
929 261 1078 324 hujus
1128 260 1255 324 polis
1306 261 1559 324 eclipticae
1610 262 1848 312 affibulati
1903 272 2066 316 essent
2120 267 2222 331 poli
2261 281 2347 318 oc-

85 340 228 380 tavae
284 332 487 380 fixarum
553 331 814 394 sphaerae,
892 349 1018 396 quae
1086 349 1229 382 suum
1290 335 1435 382 etiam
1494 334 1750 383 zodiacum
1813 341 1866 384 ut
1929 340 2062 400 prius
2127 340 2344 402 haberet,

83 408 229 467 atque
278 404 371 452 hio
394 410 600 452 octavae
637 404 867 454 zodiacus
907 407 999 455 sub
1039 407 1123 467 illo
1161 421 1324 462 nonae
1363 421 1551 454 rursum
1590 422 1910 471 prorsumque
1956 418 2149 462 nutaret
2185 417 2346 478 spatio

82 477 269 539 aliquot
302 476 555 539 graduum.
630 477 780 526 Hunc
813 486 998 528 motum
1037 494 1263 529 accessus
1303 485 1351 529 et
1389 493 1608 528 recessus
1647 481 1983 544 appellarunt,
2031 499 2118 534 seu
2157 495 2343 535 motum

88 549 438 615 trepidationis.
500 603 504 606 ,

223 622 608 670 Succedentibus
650 637 763 671 vero
803 624 983 673 seculis
1010 626 1311 687 experientia
1338 623 1516 684 docuit,
1558 624 1696 683 fixae,
1738 627 1955 675 transitis
1996 631 2222 679 omnibus
2246 638 2345 680 ter-

5 700 12 715 ·
80 695 236 755 minis,
275 697 588 757 antiquorum
618 697 848 759 opinione
886 699 1214 759 praescriptiS,
1254 693 1457 760 pergere
1484 699 1712 746 continue
1736 712 1826 748 nec
1851 704 2030 749 reverti
2057 705 2105 749 in
2134 706 2345 767 vestigia

80 769 253 831 priora.
329 767 669 817 Necessarium
715 770 882 832 itaque
922 776 1240 830 censuerunt,
1299 772 1447 818 etiam
1499 770 1613 818 huic
1651 785 1810 819 nonae
1861 773 2101 835 sphaerae
2156 783 2342 826 motum

77 842 323 904 proprium
361 840 475 888 dare
513 843 654 903 eique
696 841 932 891 decimam
973 842 1294 901 circumdare,
1336 857 1477 905 quae,
1519 843 1650 906 quod
1688 845 1830 905 primi
1869 852 2099 908 octavae,
2141 850 2344 898 secundi
2398 875 2404 877 -

0 964 4 973 ‚
76 927 232 962 nonae
270 928 446 961 munus
483 911 640 979 (primi
679 913 860 981 motus)
897 917 1245 979 assignassent,
1284 917 1391 979 ipsa
1417 915 1778 965 administraret
1806 917 2111 983 circulosque
2152 937 2345 985 aequa-

78 993 227 1035 torem
268 991 316 1033 et
339 986 592 1034 zodiacum
631 987 834 1050 ejusque
861 988 1002 1051 polos
1043 988 1214 1036 diurno
1238 994 1374 1037 motu
1415 987 1621 1037 mobiles
1646 988 1862 1050 liaberet,
1903 992 2004 1055 poli
2034 1007 2147 1042 vero
2189 996 2343 1057 eclip-

77 1061 199 1121 ticae
237 1072 395 1108 nonae
433 1059 671 1124 sphaerae
709 1061 836 1123 polis
875 1061 1130 1125 eclipticas
1172 1062 1387 1110 decimae
1428 1061 1775 1122 adhaererent,
1817 1070 1870 1111 ut
1907 1071 1955 1113 et
1994 1066 2094 1128 poli
2135 1074 2339 1116 octavae

77 1131 201 1196 polis
242 1145 423 1180 nonae.
497 1132 674 1194 Itaque
721 1135 1007 1182 circumibat
1053 1134 1243 1183 decima
1296 1135 1358 1182 ab
1408 1141 1514 1183 ortu
1568 1136 1615 1182 in
1672 1149 1900 1185 occasum
1954 1141 2114 1201 spatio
2168 1139 2339 1188 diurno

82 1205 206 1254 circa
240 1203 382 1266 polos
409 1205 576 1252 mundi
603 1206 892 1262 immobileS,
935 1213 1087 1257 totam
1113 1213 1342 1270 torquens
1364 1208 1653 1268 machinam,
1694 1209 1897 1271 repebat
1937 1211 2161 1274 ecliptica
2185 1227 2344 1262 nonae

80 1278 169 1326 sub
208 1277 431 1339 ecliptica
469 1277 687 1326 decimae
725 1281 774 1326 in
813 1282 1106 1328 contrarium
1132 1281 1215 1328 -ab
1257 1295 1434 1328 occasu
1473 1282 1520 1329 in
1561 1287 1718 1328 ortum
1758 1284 1885 1330 circa
1921 1283 2062 1346 polos
2100 1288 2338 1348 propriOS,

76 1349 335 1400 absolvens
373 1351 626 1413 aequabili
663 1359 799 1400 motu
838 1367 983 1401 unam
1024 1353 1275 1415 periodum
1316 1353 1582 1402 secundum
1622 1353 1972 1417 Alphonsinos·
1997 1360 2157 1420 spatio
2198 1361 2340 1407 unius

71 1422 276 1487 jubilaei
312 1422 692 1472 millenariorum
731 1427 818 1473 s‘eu
858 1427 1036 1474 49000
1063 1428 1218 1487 annis,
1258 1426 1535 1488 trepidabat
1575 1426 1800 1490 ecliptica
1828 1434 2033 1479 octavae
2068 1432 2162 1480 sub
2189 1431 2343 1495 eclip-

77 1498 172 1547 tica
217 1509 376 1544 nonae
426 1503 562 1544 motu
607 1499 884 1562 reciproco,
933 1506 987 1547 ut
1024 1501 1182 1563 prius,
1236 1501 1278 1547 si
1331 1500 1590 1563 trepidatio
1641 1499 1736 1548 dici
1772 1508 1962 1563 potest,
2017 1518 2143 1567 quae
2181 1508 2342 1568 spatio

79 1570 216 1617 ‘1000
254 1583 491 1617 annorum
530 1572 687 1619 vicem
725 1574 915 1635 peragit
940 1587 1117 1635 unam3
1157 1587 1256 1635 qua
1293 1572 1615 1635 trepidatione
1643 1579 1806 1622 motus
1843 1589 2003 1625 nonae
2030 1577 2123 1634 >vel
2148 1578 2341 1627 accele-

0 1642 22 1686 b
74 1642 271 1691 rabatur
309 1642 386 1690 vel
423 1643 774 1693 retardabatur.

221 1714 364 1764 Hanc
411 1718 810 1779 imaginationem
858 1720 1002 1765 trium
1049 1716 1382 1780 eclipticarum
1433 1718 1481 1764 in
1535 1733 1632 1766 uno
1686 1725 1734 1767 et
1788 1719 1958 1769 eodem
2013 1720 2161 1784 plano
2215 1729 2336 1785 puto

79 1789 287 1836 numeris
315 1792 645 1838 astronomiae
685 1792 863 1839 veteris
891 1791 1337 1839 convenientiorem
1378 1805 1498 1841 esse.
1573 1791 1698 1839 Nam
1728 1794 1812 1855 qui
1841 1793 2137 1844 deflexiones
2165 1797 2341 1859 capitis

76 1861 253 1910 Arietis
304 1869 351 1910 et
390 1862 566 1912 Librae
619 1862 680 1911 ad
733 1864 890 1913 latera
938 1863 1103 1911 mundi
1155 1865 1204 1910 in
1243 1863 1447 1912 circellis
1497 1863 1889 1928 introduxerunt,
1942 1869 1975 1914 ii
2023 1882 2076 1916 se
2116 1869 2251 1931 ipsos
2291 1877 2340 1918 et

77 1934 280 1985 lectores
322 1950 417 1984 una
454 1951 620 1984 secum
658 1938 829 1985 misere
868 1937 1236 2000 perturbarunt,
1275 1938 1543 1998 primorum
1581 1943 1833 1987 auctorum
1874 1941 2110 1988 intentum
2152 1947 2199 1991 et
2239 1943 2340 1991 vim

77 2022 381 2056 numerorum
435 2023 532 2057 non
573 2016 929 2071 expresserunt.
1005 2010 1207 2068 Fateor,
1250 2009 1468 2059 circellos
1507 2011 1566 2059 iis
1607 2012 1656 2058 in
1695 2013 1858 2061 animo
1897 2013 2044 2063 fuisse
2085 2016 2340 2065 movendis

77 2081 342 2144 capitibus,
395 2081 444 2130 id
495 2089 568 2131 est
614 2084 765 2131 initiis
812 2083 996 2132 Arietis
1043 2088 1091 2131 et
1141 2082 1345 2142 Librae,
1396 2081 1482 2131 sed
1532 2082 1583 2130 id
1633 2085 1682 2130 in
1731 2083 1978 2133 diametris
2019 2087 2337 2150 circellorum,

75 2154 335 2202 secundum
374 2154 726 2217 longitudinem
767 2155 1100 2219 eclipticarum
1138 2157 1365 2214 extensiS,
1407 2169 1503 2218 non
1544 2158 1590 2202 in
1633 2159 2046 2221 circumferentiiS,
2086 2160 2149 2208 ad
2186 2161 2342 2211 latera

79 2226 242 2274 mundi
281 2230 661 2277 excurrentibus
738 2229 865 2278 Nam
902 2231 1222 2278 mutationem
1263 2228 1567 2291 obliquitatis
1607 2229 1862 2292 eclipticae
1890 2246 1977 2294 per
2013 2228 2141 2282 hanc
2179 2234 2342 2298 hypo-

74 2298 228 2348 thesin
266 2314 362 2348 non
399 2308 901 2364 repraesentaverunt,
943 2307 1070 2351 certe
1110 2315 1207 2349 non
1247 2301 1410 2364 quoad
1451 2304 1788 2364 quantitatem,
1830 2319 1919 2354 nec
1961 2305 2074 2368 suit,
2127 2308 2210 2369 qui
2248 2307 2343 2356 hoc

78 2372 156 2422 vel
193 2371 366 2422 leviter
403 2380 613 2423 tentaret
652 2381 765 2424 ante
804 2375 1141 2438 Copernicum.
2262 2416 2264 2418 v

219 2447 353 2508 Quid
385 2447 441 2509 fit
477 2448 537 2495 de
574 2449 791 2497 motibus
823 2449 898 2496 his
935 2455 1156 2508 octavae,
1193 2462 1362 2500 nonae
1396 2447 1715 2511 decimaeque
1753 2451 2000 2511 sphaerae
2038 2452 2195 2514 deque
2220 2453 2342 2513 ipsis

76 2517 196 2567 adeo
244 2520 470 2580 sphaeris
521 2523 578 2568 in
616 2523 932 2570 astronomia
977 2520 1277 2582 Oopernici‘?
1343 2519 1529 2582 Dejicit
1577 2520 1663 2570 illa
1701 2537 2032 2586 supervacuas
2073 2531 2120 2572 ct
2159 2539 2342 2573 vacuas

77 2590 244 2639 stellis·
268 2606 447 2640 nonam
487 2600 535 2640 et
575 2592 825 2651 decimam,
874 2601 1100 2643 octavam
1139 2607 1227 2641 seu
1266 2592 1470 2640 fixarum
1508 2593 1767 2656 sphaeram
1806 2596 1987 2644 mundo
2027 2611 2114 2660 pro
2154 2599 2340 2660 pariete

78 2666 254 2712 extimo
293 2665 524 2727 relinquit
573 2669 767 2729 penitus
807 2666 1134 2727 immobilem3
1190 2671 1349 2714 motus
1402 2680 1516 2714 vero
1557 2682 1726 2716 omnes
1764 2674 1860 2715 tres
1901 2676 1948 2716 ct
1988 2669 2220 2730 quicquid
2262 2671 2340 2715 in-

76 2750 219 2800 super
255 2752 314 2784 ex
353 2753 411 2787 eo
451 2747 668 2802 tempore
707 2741 825 2788 novi
865 2739 1217 2803 deprehensum
1259 2746 1355 2800 est,
1405 2739 1454 2785 in
1493 2741 1691 2788 unicum
1729 2740 1929 2803 globum
1970 2741 2339 2791 Telluriscon-

53 2808 183 2862 -rert,
260 2809 385 2860 Vide
422 2811 599 2859 librum
639 2812 726 2859 IV.
767 2812 849 2860 fol.
890 2814 1009 2861 356.
1054 2813 1174 2861 358.
1514 2874 1518 2878 .

218 2884 408 2932 Primus
448 2887 574 2932 enim
613 2899 699 2933 seu
739 2884 939 2933 diurnus
977 2892 1153 2944 motuS‚
1196 2899 1338 2946 quem
1376 2898 1466 2932 nos
1507 2885 1574 2932 ire
1612 2890 1841 2946 putamus
1869 2887 1930 2934 ab
1970 2893 2076 2933 ortu
2103 2887 2150 2933 in
2192 2901 2340 2936 occa·

44 2966 211 3018 ¹snm,
261 2970 357 3004 non
410 2958 534 3004 inest
573 2960 663 3005 toti
700 2958 954 3007 machinae
992 2957 1181 3017 mundi,
1237 2956 1322 3005 sed
1373 2958 1516 3004 unico
1569 2957 1770 3018 globulo
1823 2958 2087 3007 exilissimo
2128 2958 2339 3008 Telluris

79 3040 223 3091 super
248 3030 374 3092 polis
413 3032 514 3077 suis
541 3032 764 3093 propriis,
806 3033 887 3093 qui
915 3030 1015 3095 poli
1054 3030 1218 3078 mundi
1246 3030 1569 3094 appellantur,
1613 3045 1670 3078 eo
1701 3031 1832 3092 quod
1872 3038 2061 3080 veteres
2103 3031 2339 3081 decimam

78 3099 330 3164 sphaeram
370 3110 418 3150 et
456 3117 563 3150 curn
605 3118 662 3151 ea
701 3109 853 3151 totam
892 3103 1058 3151 mundi
1099 3103 1373 3151 machinam
1413 3104 1538 3150 circa
1578 3103 1783 3151 eundem
1824 3119 1964 3152 axem
2002 3106 2367 3158 continuatum,

80 3172 279 3237 eiusque
317 3175 459 3237 polos
499 3176 631 3223 volvi
674 3174 977 3234 crediderint,
1018 3183 1071 3224 ut
1110 3176 1232 3225 libro
1274 3177 1426 3238 prim‘o
1466 3176 1664 3238 copiose
1706 3175 2004 3240 disputatum
2035 3184 2124 3227 est.
2188 3179 2338 3228 Fixa-

77 3256 180 3294 rum
218 3262 333 3296 vero
374 3249 661 3309 imaginaria
699 3251 1011 3312 transpositio
1061 3251 1106 3295 in
1147 3248 1327 3310 gradus
1376 3249 1622 3309 signorum
1676 3258 1935 3311 sequentes
1975 3265 2070 3299 non
2111 3257 2184 3300 est
2223 3266 2338 3300 vera

81 3323 130 3366 et
163 3319 367 3384 physica
407 3323 576 3385 motio,
617 3335 724 3369 cum
764 3321 942 3382 gradus
981 3321 1051 3367 illi
1089 3335 1186 3368 non
1225 3322 1320 3368 sint
1358 3319 1495 3367 locus
1534 3319 1764 3382 physicus
1803 3322 1955 3383 aliuS,
2007 3323 2094 3372 sed
2132 3339 2182 3373 re
2222 3340 2339 3374 vera

82 3389 223 3440 iidem
261 3402 622 3455 permanentes,
664 3393 804 3441 aliter
841 3399 1030 3442 tantum
1068 3399 1405 3452 numerenturg
1446 3406 1535 3439 nec
1573 3400 1853 3443 accrescunt
1889 3395 1998 3444 fixis
2038 3399 2211 3462 spatia,
2252 3398 2336 3447 sed

82 3467 249 3526 spatiis
287 3468 520 3514 accrescit
559 3482 799 3515 numerus.
879 3466 1003 3514 Vide
1044 3466 1216 3514 librum
1260 3465 1347 3512 111.
1388 3465 1472 3512 sol.
1512 3467 1631 3513 273.

226 3541 363 3599 Quae
401 3554 556 3587 causa
596 3546 684 3598 est,
725 3555 817 3586 cur
852 3540 1077 3601 fixarum
1114 3539 1231 3586 locis
1269 3552 1383 3585 cum
1420 3540 1718 3586 successione
1753 3541 2033 3590 seculorum
2087 3550 2339 3606 auyeatur

82 3611 407 3660 numeratio?
466 3611 596 3673 Quia
641 3612 827 3661 zodiaci
872 3613 1082 3674 partium
1123 3611 1473 3658 numerationis
1522 3611 1710 3658 initium
1763 3612 1816 3660 fit
1855 3630 1884 3662 a
1922 3617 2136 3663 sectione
2182 3616 2335 3677 eclip-

85 3680 208 3730 ticae
245 3690 295 3731 et
330 3687 625 3746 aequatoris,
667 3692 720 3732 ut
757 3685 879 3733 libro
920 3684 983 3730 II.
1025 3684 1107 3730 sol.
1148 3685 1270 3731 ⁴203.
1304 3682 1567 3731 indicatum
1606 3691 1691 3731 est.
1766 3685 1881 3734 Jam
1921 3702 2037 3736 vcro
2067 3690 2336 3736 sectionum

85 3761 261 3815 puncta
299 3757 610 3807 retrocedunt
648 3758 711 3807 ab
751 3764 857 3807 ortu
898 3759 946 3804 in
987 3770 1229 3817 occasum,
1270 3771 1367 3821 qna
1404 3756 1591 3806 ratione
1630 3756 1710 3819 fit,
1751 3766 1805 3809 ut
1845 3761 2014 3811 eadem
2054 3761 2175 3822 fixa,
2229 3776 2336 3811 ma-
